3486 5282
298 596 374 662 VH.
398 595 623 682 7249-1741,
647 619 760 662 mense
781 599 906 680 martio,
929 595 996 660 ind.
1020 595 1078 659 IV.

59 757 208 811 Ραιτέιιτοάιι
220 756 332 811 Ραέεέιισ
347 755 478 822 declarat,
494 755 686 810 ικακαοέαάκιιι
698 771 752 808 ease
763 753 989 826 stauropeqieum,
1003 751 1193 822 confimatque
1205 751 1262 819 ejus
1267 751 1339 818 jura

576 865 600 914 σέ
615 859 805 930 possessiones.

57 1033 192 1118 Παίσιος,
209 1038 296 1118 ἐλέῳ
312 1039 389 1098 θεοῦ
404 1027 672 1118 ἀρχιεπίσκοπσς
684 1037 1084 1116 Κωνσταντινουπόλεως,
1097 1035 1186 1106 Νέας
1199 1027 1338 1112 Ῥώμης,

410 1157 465 1220 καί
488 1157 727 1236 οἰκουμηνικδς
749 1161 970 1240 πατριάρχης.

148 1312 164 1382 †
187 1307 292 1386 Ἔργον
314 1309 437 1388 φέριστον
466 1305 514 1368 καὶ
535 1307 610 1386 παρά
631 1311 696 1367 πάσι
718 1311 776 1380 τοῖς
799 1304 828 1368 εὖ
851 1310 973 1386 φρονοῦσι
996 1305 1118 1380 σπουδῆς
1140 1311 1188 1380 της
1210 1303 1339 1366 ἀνωτάτω

56 1427 157 1501 ἐπάξιον
178 1429 308 1510 κρίνεται,
338 1435 427 1490 πάσαν
450 1427 598 1505 οἰκοδομὴν
620 1429 718 1501 καλῶς
740 1429 843 1490 ἀνωθεν
859 1426 1015 1508 ἀρξαμένην
1037 1425 1084 1488 καὶ
1106 1426 1339 1504 συντελεσθεῖσαν,

56 1547 107 1611 εἶτα
134 1557 176 1634 τῇ-
194 1555 241 1612 τοῦ
271 1553 370 1631 χρόνου
400 1553 513 1633 παρόδῳ
542 1551 589 1612 καὶ
618 1555 678 1622 ταῖς
706 1555 753 1612 τοῦ
782 1555 875 1630 καιροῦ
898 1553 1068 1631 περιστάσεσι
1090 1548 1191 1610 πτῶσίν
1213 1545 1341 1608 τινακαὶ

54 1673 196 1753 ἀνατροπὴν
219 1674 396 1754 ὑφορωμένην
418 1673 574 1750 οἰκοδομεῖν
596 1671 644 1734 καί
666 1673 794 1734 ἀνανεοῦν
818 1670 862 1732 ἐπὶ
883 1670 922 1751 τῷ
938 1671 1195 1752 προκαταβληθέντι
1218 1668 1340 1749 θεμελίῳ

54 1793 92 1854 ναί
112 1801 161 1872 τῆς
185 1795 328 1870 διηνεκοῦς
358 1797 441 1872 αἰτῇς
470 1798 662 1876 συντηρήσεως
690 1795 776 1873 λόγον
806 1794 846 1853 ότι
867 1793 996 1854 πλεῖστον
1025 1793 1177 1853 ποιεῖσθαι·
1208 1797 1258 1868 της
1286 1791 1340 1872 γάρ

54 1922 90 1978 τοῦ
110 1917 322 1998 πανδαμάτορος
352 1917 452 1997 χρόνον
484 1918 550 1998 ῥοῆς
578 1919 639 1989 ταῖς
660 1916 731 1977 κατὰ
752 1917 784 1976 τό
807 1912 929 1989 ἀντίξουν
954 1917 1036 1990 σίντης
1057 1879 1226 1993 προσβολαῖς
1248 1912 1339 1988 ἀμαυ-

54 2043 104 2118 ροῦν
125 2039 276 2118 πεφυκυίας
295 2039 330 2098 τά
344 2039 443 2111 καλῶς
465 2040 603 2116 φθάσαντα
625 2037 845 2114 συντελεσθῆναι,
870 2036 896 2097 οἱ
910 2037 1010 2096 τοότων
1026 2037 1165 2115 ἐμφρόνως
1179 2037 1340 2116 προεστάναι

54 2161 181 2239 λαχόντες
204 2163 234 2220 σὺ
258 2160 442 2222 διαλείπουσιν
464 2161 682 2240 ἀναμορφοῦντες
710 2159 777 2220 α’στά
802 2157 849 2219 καὶ
872 2157 911 2231 είς
934 2165 990 2236 φῶς
1014 2155 1217 2227 ἀνακαλοῦντες
1240 2177 1340 2218 σωστι-

55 2285 106 2354 κοῖς
129 2282 326 2359 ἐπιτηδεύμασί
347 2303 377 2341 τε
399 2280 447 2342 καὶ
470 2279 716 2362 ἐπεξεργάσμασιν,
760 2277 900 2360 ἀναγκαῖα
921 2284 986 2359 γοῦν
1010 2278 1076 2340 οὖσα
1098 2281 1116 2354 ἡ
1138 2279 1246 2354 τοιαύτη
1270 2277 1340 2338 ἀνά-

55 2404 142 2480 ιιλησίς
164 2425 194 2464 τε
218 2403 265 2465 καὶ
288 2404 437 2474 ἀνανέωσις
460 2402 505 2464 ἐπί
533 2407 641 2464 πάντων
671 2410 724 2463 τῶν
756 2402 912 2482 ἑγκοσμίων
940 2404 1119 2482 πραγμάτων,
1150 2403 1200 2460 όσα
1230 2401 1279 2476 τἠυ
1309 2401 1342 2461 ἐκ

55 2531 93 2586 τοῦ
113 2527 211 2608 χρόνον
233 2525 334 2606 φθορὰν
357 2526 525 2606 ἐπιδέχεται,
554 2526 756 2606 ἀναγκαιοτάτη
784 2526 916 2602 δήπουθεν
945 2527 973 2586 ἐν
996 2528 1059 2597 ’τοῖς
1083 2522 1203 2600 μάλιστα
1224 2524 1341 2602 πέφυκεν

55 2647 163 2708 ἐπὶτῶν
187 2649 273 2728 α’γίων
297 2649 463 2730 ἐκκλησιῶν,
493 2651 600 2728 εῦαγῶν
622 2669 653 2708 τε
677 2648 757 2710 οίκων
787 2648 834 2708 καὶ
865 2642 1022 2724 σεβασμίων
1051 2645 1237 2728 μοναστηρίων
1262 2645 1340 2726 ἐνερ-

55 2773 175 2850 γοωμένη,
206 2776 261 2830 τῶν
291 2770 491 2832 ὑποτελούντων
514 2777 547 2852 τῇ
570 2769 682 2852 προνοίᾳ
704 2767 750 2830 καί
775 2769 946 2848 δεφενδεῦσει
967 2773 1013 2829 τοῦ
1036 2768 1098 2828 καθ’
1110 2769 1184 2844 ἡμᾶς
1207 2788 1340 2848 πατριαρ-

53 2897 133 2974 χικοῦ,
155 2893 338 2956 ἀποστολικοῦ
359 2914 389 2954 τε
411 2892 458 2954 καὶ
481 2891 668 2968 οίκσυμενικοῦ
691 2893 797 2973 θρόνου,
825 2887 864 2952 ῶν
886 2895 935 2967 τὴν
958 2891 1126 2966 κηδεμονίαν
1148 2891 1339 2970 κληρωθέντες

53 3015 139 3075 θεόθεν
160 3016 186 3076 οἱ
207 3015 258 3088 τάς
278 3015 357 3090 ἡνίας
380 3015 459 3076 αῦτοῦ
482 3015 707 3096 ἐπιτετραμμένοι
730 3013 886 3094 ὀφείλομεν,
914 3016 963 3090 όση
988 3013 1109 3092 δῦναμις,
1133 3012 1339 3087 ἀναλαμβάνειν

52 3135 96 3195 καὶ
110 3137 271 3218 ἐπανορθοῦν
286 3137 320 3196 τά
334 3137 506 3214 ἀντιλήψεως
522 3136 642 3212 δεόμενα
656 3142 709 3196 τῶν
727 3135 806 3217 ἱερῶν
822 3138 1018 3214 σκηνωμάτων,
1033 3134 1080 3196 καὶ
1095 3135 1194 3196 τούτων
1210 3131 1339 3212 μάλιστα,

54 3261 100 3317 ὅσα
120 3259 276 3340 ἀρχαιότητι
299 3259 434 3340 διαπρεπῆ
456 3257 504 3318 καὶ
527 3259 611 3339 ἀρετῇ
635 3257 777 3336 διαβόητα,
802 3258 932 3339 βασιλικῇ
954 3278 984 3316 τε
1008 3259 1066 3333 ἀμα
1087 3255 1134 3316 καί
1155 3261 1339 3338 πατριαρχικῇ

54 3381 184 3462 φιλοτιμίᾳ
211 3380 332 3456 ἐπίσημα
359 3379 527 3459 διετέλεσαν,
556 3380 776 3456 ἐπιβεβαιοῦντες
801 3379 850 3454 τἠν
877 3378 995 3458 ἀρχαίαν
1023 3379 1109 3438 αὐτῶν
1138 3379 1166 3438 ἐν
1193 3377 1232 3456 τῷ
1259 3376 1340 3456 καλῷ

54 3505 206 3564 κατάστασιν
230 3501 276 3562 διά
298 3503 537 3581 μεταγενεστέρων
559 3503 730 3582 γραμμάτων
749 3498 852 3576 καὶμὴ
869 3501 918 3560 ἐᾶν
935 3501 1106 3580 ἐπιγενέσθαι
1130 3501 1220 3572 αῦτοῑς
1242 3500 1340 3580 φθοράν

55 3623 172 3684 τινακαὶ
196 3624 306 3700 βλάβην
337 3624 370 3684 ἐκ
397 3629 451 3684 τῶν
479 3627 525 3684 τοῦ
554 3627 649 3703 καιροῦ
679 3625 876 3702 περιστάσεων·
908 3625 1009 3698 ταμεῖα
1031 3623 1084 3704 γάρ
1112 3623 1211 3704 ἀρετῆς
1233 3623 1341 3698 όμολο-

54 3749 188 3824 γουμένως
210 3747 363 3822 καθέστηκε
385 3745 419 3804 τά
441 3745 501 3826 ίερά
522 3749 606 3806 ταῦτα
628 3749 682 3804 τῶν
704 3748 798 3823 ψυχῶν
820 3748 1004 3825 φροντιστήρια
1026 3743 1074 3804 καὶ
1097 3745 1232 3820 σεβάσμια
1252 3767 1340 3820 μονα-

56 3871 158 3949 ττήρισ·
190 3867 220 3928 ἐν
248 3867 337 3940 αὺτοῖς
363 3867 417 3948 γὰρ
440 3869 455 3926 ό
477 3868 648 3946 σωφροσύνης
671 3867 793 3926 ἀσκεῖται
815 3867 914 3946 τράπσς
935 3865 982 3926 καὶ
1004 3871 1098 3944 ψυχῶν
1121 3867 1264 3942 τελειότης
1285 3887 1339 3926 πο·-

56 3991 146 4070 ρψετσι
160 3987 208 4049 καὶ
223 3989 283 4065 βίος
297 3989 427 4068 θεοφιλὴς
451 3988 640 4049 ἐκπαιδεῦεται
659 3987 706 4048 καὶ
720 3994 770 4064 τῆς
785 3989 923 4064 ὑπομονῆς
945 3987 1134 4069 καταρτίζεται
1156 3989 1186 4047 τό
1210 3991 1341 4068 σωτήριον

56 4113 140 4192 κλέος,
164 4113 232 4171 όπου
254 4131 288 4188 γε
310 4109 358 4171 καί
380 4113 442 4184 θεός
465 4111 494 4170 ἐν
516 4112 645 4183 τοιοῦτοις
676 4111 893 4172 ἐπαναπαόεσθαι
919 4111 1080 4171 πιστεύεται.
1125 4111 1209 4193 ταύτῃ
1231 4131 1271 4171 τοι
1294 4108 1341 4170 καὶ

56 4236 117 4294 κατὰ
145 4236 233 4294 πάντα
262 4234 357 4313 καιρόν
383 4235 402 4310 ἡ
427 4234 490 4294 καθ’
507 4235 582 4309 ἡμᾶς
611 4236 657 4294 τοῦ
681 4235 798 4313 Χριστοῦ
828 4233 940 4311 μεγάλη
972 4231 1108 4307 ἐκκλησία
1137 4233 1186 4307 τὴν
1218 4234 1341 4294 σῦστασιν

58 4357 133 4416 σῦτῶν
154 4353 202 4415 καὶ
224 4357 383 4434 συντήρησιν
405 4353 467 4434 περὶ
489 4355 598 4416 πολλοῦ
619 4356 778 4434 ποιουμένη,
805 4359 887 4434 χεῖρα
910 4353 1039 4430 βοηθείας
1068 4353 1174 4432 δρέγειν
1198 4355 1288 4427 αῦτοῑς
1312 4356 1340 4415 ἐν

55 4483 111 4538 πᾶσι
137 4479 246 4558 τρόποις
275 4477 325 4537 οῦκ
353 4475 539 4538 ἀπαναίνεται.
586 4477 681 4552 ἐπειδὴ
710 4481 852 4556 τοιγαροῦν
875 4474 921 4535 καὶ
943 4476 978 4536 τά
1000 4479 1044 4535 νῦν
1067 4475 1270 4556 προσεκομίσθη
1292 4477 1339 4538 καί

58 4599 203 4679 ἐιεφονίσθη
233 4601 299 4674 ἡμῖν
321 4597 379 4658 ίσον
409 4598 524 4678 ἀρχαίου
553 4601 750 4678 πατριαρχικσῦ
773 4598 911 4658 συνοδικοῦ
933 4601 1096 4677 γράμματος
1118 4601 1267 4677 γεγονότος
1288 4601 1339 4677 πρό

56 4723 148 4802 χιόνων
169 4721 226 4796 ἤδη
250 4720 378 4780 ἐπέκεινα
404 4726 458 4780 τῶν
486 4721 584 4780 ἑκατόν
612 4719 656 4780 ἐπὶ
680 4725 727 4780 τοῦ
753 4721 841 4780 πάλαι
864 4719 930 4780 ποτὲ
951 4722 1128 4801 πατριάρχου,
1154 4716 1221 4805 [τοῦ]
1244 4741 1338 4796 μακα-
