3486 5282
1379 335 1442 400 215

145 530 291 610 εἰρημένου
307 532 485 613 μονοισιηρίσυ
500 535 546 594 τοῦ
558 532 694 612 Μεγάλου
706 531 847 608 Σπηλαίου
859 530 990 611 αἱρεῖσθαι
1002 529 1049 592 καί
1062 531 1190 610 ἐκλέγειν
1201 528 1249 591 καὶ
1261 526 1442 592 ἀποκαθιστᾶν

141 659 228 735 κοινῇ
252 655 348 738 γνώμη
375 653 462 714 αθτῶν
488 656 534 715 τὸν
561 656 723 733 σεμνότερον
749 652 796 714 καὶ
825 651 971 734 ἀξιώτερον
998 654 1176 734 άναῳανέντα.
1208 652 1278 724 ὅστις
1302 652 1326 712 δ’
1340 655 1373 712 ἂν
1396 651 1443 713 καὶ

142 778 244 849 ὁποῖος
263 775 424 858 ἐπιχεῳησῃ
446 774 492 836 καί
514 775 642 860 τολμήσῃ
665 773 843 853 μετακινῆσαί
864 797 923 848 πως
944 774 991 836 καὶ
1014 775 1164 857 ἀνατρέψαι
1183 775 1217 835 τὰ
1233 775 1262 834 ἐν
1277 772 1316 854 τῷ
1330 777 1442 856 παρόντι

143 901 293 970 συνοδακῖνς
320 898 519 978 ἐπικυρωθέντα
540 897 603 980 περὶ
624 903 670 960 τοῦ
693 896 836 980 εἰρημένου
859 898 1048 978 μοναστηρίου,
1077 896 1205 976 μετοχίου
1227 898 1375 976 γεγονότος
1396 899 1442 958 τοῦ

141 1022 279 1102 ἡμετέρου
306 1024 501 1102 πατριαρχικοῦ
527 1019 573 1080 καὶ
603 1025 838 1100 σταυροπηγιακοῦ
862 1019 1041 1102 μοναστηρίου
1063 1024 1108 1080 τοῦ
1130 1019 1202 1080 κατὰ
1223 1019 1272 1098 τὴν
1295 1019 1441 1080 Πελοπόν-

142 1140 387 1222 νησονΜεγάλου
409 1143 561 1224 Σπηλαίου,
588 1145 604 1204 ὁ
625 1147 753 1222 τοιοῦτος,
784 1143 878 1216 ὁποίας
906 1146 938 1202 ἂν
961 1139 981 1225 ᾖ
1002 1140 1107 1216 τάξεως
1128 1141 1175 1202 καὶ
1198 1139 1314 1222 βαθμοῦ,
1338 1142 1441 1222 ἀφωρι-

143 1265 249 1338 σμένος
270 1263 312 1339 εἴη
336 1264 390 1326 ἀπὸ
413 1265 475 1324 θεοῦ
497 1264 587 1345 κυρίου
609 1267 827 1345 παντοκράτορος
849 1264 896 1326 καὶ
918 1266 1108 1344 κατηραμένος
1122 1263 1171 1324 καὶ
1186 1265 1379 1344 άσυγχώρητος
1395 1262 1442 1324 καὶ

143 1387 220 1460 μετὰ
245 1387 359 1446 θάνατον
386 1385 486 1458 άλυτος
512 1385 560 1446 καί
586 1389 763 1463 τυμπανιαῑος
784 1386 831 1447 καὶ
853 1391 954 1460 πάσαις
975 1390 1034 1460 ταῖς
1056 1389 1200 1468 πατρικαῖς
1221 1383 1269 1446 καὶ
1291 1386 1442 1456 συνοδικαῑς

144 1507 228 1588 ἐιραῖς
256 1507 399 1579 ῦπώθυνος
427 1506 475 1568 καί
504 1507 640 1581 ὑπόδικος.
692 1510 754 1569 ὅθεν
786 1507 827 1581 είς
859 1507 973 1582 ἔνδειξιν
1001 1507 1049 1568 καὶ
1077 1508 1187 1584 διηνεκῆ
1215 1507 1263 1584 τἠν
1291 1507 1442 1588 ἀσφάλειαν

146 1629 260 1708 ἐγένετο
281 1628 327 1690 καὶ
348 1630 380 1690 τθ
401 1630 489 1710 παρδν
512 1631 646 1711 ἡμέτερον
667 1632 863 1712 πατριαρχικθν
877 1628 926 1690 καί
940 1630 1078 1692 συνοδικδν
1094 1630 1123 1689 ἐν
1139 1627 1311 1708 μεμβράναις
1326 1632 1442 1710 γράμμα

142 1750 192 1810 καί
225 1751 470 1833 στουροπηγιααθέν
498 1751 546 1812 καὶ
576 1753 765 1833 καταστρωθὲν
796 1753 825 1814 ἐν
854 1753 893 1833 τῷ
923 1752 988 1834 ἱερῷ
1016 1749 1122 1828 κώδηκι
1149 1756 1199 1828 τῆς
1225 1749 1288 1812 καθ’
1300 1752 1374 1825 ἡμᾶς
1397 1756 1442 1811 τοῦ

143 1875 264 1954 Χριστοῦ
285 1875 414 1955 μεγάλης
437 1875 598 1950 ἐκκλησίας.
624 1875 705 1952 ἐδόθη
728 1873 767 1954 τῷ
791 1875 897 1956 ῥηθέντι
919 1877 1075 1954 ἡγουμένῳ,
1098 1873 1181 1954 κυρίῳ
1201 1874 1379 1954 Βηασαρίωνι,
1408 1874 1442 1934 ἐν

146 1997 217 2056 ἔτει
243 1997 392 2077 σωτηρίῳ
418 1996 582 2078 χιλιοστῷ
609 1995 858 2076 έπτακοσιοστῷ
885 1995 1106 2076 ὀγδοηκοστῷ
1135 1999 1218 2074 έκτῳ
1245 1996 1329 2056 κατὰ
1356 2001 1441 2072 μῆνα

145 2116 280 2178 ἱοῦλιον
304 2119 535 2195 ἐπινεμήσεως
557 2117 582 2177 δ’
605 2125 631 2196 †.

252 2245 268 2316 †
299 2241 495 2321 Προκόπιος,
528 2240 615 2320 ἐλέῳ
645 2242 720 2301 θεοῦ
747 2240 1014 2320 ἀρχιεπίσκοπος
1041 2241 1440 2319 Κωνστοιντινουπάλεως,

147 2363 237 2436 Νέας
260 2363 397 2443 Ῥώμης,
420 2362 476 2422 καὶ
498 2362 731 2439 οἰκουμενικδς
752 2365 965 2443 πατριάρχης
987 2367 1011 2438 †.

177 2487 314 2566 Ἐρέσου
337 2486 495 2562 Σαμουηλ
510 2491 534 2564 γ.
851 2485 994 2556 Κυζίκου
1016 2485 1061 2545 ’·Α
1060 2486 1212 2564 γάπιοςξ.

179 2607 387 2690 Ἡρακλείας
409 2607 618 2686 Μεθόδιοςξ.
852 2606 1072 2684 Χαλκηδόνος
1096 2607 1144 2667 ssa
1149 2609 1319 2687 ρθένιοςξ.

225 2872 310 2932 ρκων
333 2851 524 2926 Ἀνανίαςῒ.

850 2851 986 2930 Δράμας
1008 2851 1029 2909 Γ
1036 2852 1234 2931 ρηγθρισςί

147 2491 161 2560 ί
820 2489 836 2560 †

147 2612 162 2682 †
819 2611 836 2683 ί

146 2729 409 2807 γΝικομηδείας
433 2731 668 2806 Αθανάσιοςξ.
819 2727 1107 2806 ξθεσσαλονίκης
1130 2726 1331 2806 Ιάκωβσςξ.

146 2853 220 2926 W
818 2855 835 2928 †

147 2977 162 3046 ’γ
818 2972 1020 3049 ίΝαυπλίου
1043 2972 1140 3034 Μελέ
1145 2976 1252 3049 τιαςγ.

177 2973 484 3054 Ἀδριανουπόλεως
507 2973 718 3045 Καλλίνικος
738 2977 764 3048 †

405 3317 465 3384 ΧΙ.
488 3317 711 3395 7300-1792,
734 3339 846 3382 mense
868 3319 1023 3400 ianuario,
1047 3315 1112 3380 ind.
1138 3318 1180 3381 X.

149 3501 313 3556 Ραώάατσάα
324 3501 481 3572 Νευρίιμίυε
493 3501 641 3570 confirmat,
658 3503 848 3556 monasterium
860 3499 958 3555 Sancti
971 3499 1091 3572 Georyii,
1105 3502 1172 3555 dicti
1185 3501 1295 3571 Carypi,
1310 3503 1338 3554 in
1350 3502 1441 3556 imula

193 3607 331 3678 Δκίίρυπί,
348 3623 403 3661 αντε
418 3607 635 3677 ιιαυνορερίσυηι
651 3613 677 3660 εί
690 3607 797 3659 unitum
812 3624 872 3660 σιιοιι
887 3607 1049 3660 monasterio
1065 3607 1135 3662 άέαίο
1150 3603 1234 3677 Μερα
1251 3605 1391 3675 Spelacon.

250 3835 267 3902 †
298 3829 474 3908 Νεόρυτος,
510 3827 597 3908 ἐλέῳ
630 3830 706 3888 θεοῦ
739 3826 1008 3908 άρχιεπίσκοπος
1042 3828 1440 3906 Κωνσταντινουπάλεως,

150 3948 235 4024 Νέας
259 3951 398 4030 Ῥώμης,
421 3949 476 4010 καὶ
499 3949 736 4026 οἰκουμενικδς
757 3953 974 4030 πατριάρχης
996 3955 1021 4026 †.

250 4077 266 4149 †
289 4073 325 4132 ‘H
354 4071 506 4149 κηδεμονία
535 4071 582 4164 καὶ
611 4073 722 4152 πρόνοια
750 4078 804 4132 τῶν
835 4071 920 4152 άγίων
951 4071 1106 4146 ἐκκλησιῶν
1133 4071 1180 4132 καί
1206 4077 1261 4132 τών
1288 4071 1367 4151 ἱερῶν
1394 4071 1441 4131 καὶ

151 4193 304 4271 σεβασμίων
332 4193 528 4274 μοναστηρίων,
558 4199 611 4254 τῶν
639 4192 678 4264 εἰς
702 4191 784 4267 δόξαν
806 4194 869 4254 θεοῦ
891 4191 937 4254 καί
960 4194 1130 4268 μνημόσυνον
1153 4192 1260 4254 αἰώνιον
1282 4193 1336 4254 τῶν
1358 4193 1440 4274 ὀρθο-

152 4313 234 4390 δόξων
264 4317 336 4376 κατὰ
365 4315 475 4395 καιροὺς
504 4316 734 4396 άνεγηγερμένων
763 4316 838 4396 παρὰ
867 4315 1001 4394 φιλοθέων
1030 4314 1078 4375 καὶ
1108 4316 1227 4390 εὐσεβῶν
1253 4317 1358 4396 ἀνδρῶν
1387 4321 1440 4376 τῶν

152 4437 331 4515 ἠγαπηκάτων
355 4435 502 4518 ἐξαιρέτως
519 4439 568 4513 τἠν
584 4440 744 4520 εὐπρέπειαν
758 4444 812 4498 τῶν
827 4443 873 4500 τοῦ
888 4440 951 4498 θεοῦ
965 4439 1162 4518 σκηνωμάτων,
1185 4439 1215 4496 οῦ
1231 4439 1312 4513 μόνον
1328 4438 1439 4516 θρειλο-

153 4561 215 4638 μένη
239 4559 296 4622 ἐστὶ
317 4558 365 4622 καὶ
386 4559 525 4640 χρειώδης
547 4563 604 4632 τοῖς
625 4563 690 4640 παρ’
703 4563 782 4622 αὐτοῦ
804 4558 969 4636 ἠξιωμένοις
991 4561 1039 4636 τὴν
1061 4560 1222 4642 προστασίαν
1244 4558 1291 4620 καὶ
1307 4562 1440 4642 μέριμναν

153 4680 193 4740 καὶ
222 4682 353 4760 διοίκησιν
384 4687 437 4742 τῶν
465 4683 591 4743 τοιοῦτων
618 4685 724 4761 εἰναγών
752 4683 844 4762 οἴκων,
877 4683 954 4743 ἀλλὰ
981 4681 1028 4742 καὶ
1049 4684 1101 4762 πρδ
1127 4684 1235 4742 πάντων
1261 4688 1315 4741 τῶν
1344 4682 1439 4742 άλλων
