3240 5286
863 775 957 850 XII.

811 967 887 1044 Acta
910 969 1009 1046 varia.

545 1193 571 1257 I.
595 1191 797 1276 6472-964,
822 1214 933 1258 mense
956 1205 1103 1279 augusto,
1126 1193 1191 1260 ind.
1216 1193 1275 1260 IX.

267 1374 431 1430 Ρσινίιισσίια
441 1376 600 1446 Ρσίροιισειιν
612 1375 733 1430 declarat
744 1377 934 1432 monasterium
948 1375 1064 1432 Sanctae
1075 1375 1186 1432 Mariae
1197 1377 1297 1433 ἀίσίιιιιι
1309 1377 1467 1447 Ράιίοσυρίιι·
1475 1377 1544 1430 situm

613 1497 701 1551 prope
716 1479 908 1538 numanam
923 1499 978 1538 αισα
992 1483 1202 1554 σιαιιαοροράιιιιι.

287 1681 469 1764 Κῦριλλσς,
501 1683 587 1763 ἐλέῳ
619 1685 695 1746 θεοῦ
726 1685 992 1766 ἀρχιεπίσκσπος
1017 1684 1416 1762 Κωνσταντινουπάλεως,
1446 1683 1529 1754 Νέας

552 1807 693 1886 Ῥώμης,
716 1806 771 1868 καί
795 1805 1028 1884 σίκουμτνικσς
1049 1811 1266 1890 πατριάρχης.
1583 1811 1585 1898 ί

367 1976 440 2038 Ἶσον
470 1980 693 2060 ἀπαραλλάκτως
722 1987 768 2042 τοῦ
798 1981 854 2043 ’ίσσυ
883 1987 930 2044 τοῦ
960 1985 1132 2064 πρωτσιῦπου
1154 1987 1349 2064 πατριαρχικσῦ
1371 1981 1548 2060 παλαιγενοῦς
1585 1925 1586 2020 ί

263 2099 454 2178 σιγιλλιίνδσυς
483 2104 654 2182 γράμματος,
689 2102 826 2180 ἐκβληθὲν
853 2105 928 2185 παρὰ
949 2109 995 2165 τοῦ
1016 2105 1136 2166 παλαιοῦ
1158 2103 1205 2166 καί
1228 2105 1344 2184 ἀρχαίου
1367 2103 1486 2175 κὼδικσς
1507 2109 1548 2176 τῆς
1586 2127 1588 2216 γ

262 2226 309 2281 τοῦ
331 2223 447 2302 Χριστοῦ
477 2224 605 2302 μεγάλης
637 2225 796 2307 ἐκκλησίας,
827 2227 971 2308 δραθέντος
993 2230 1067 2308 παρά
1089 2247 1119 2287 τε
1141 2233 1190 2303 τῆς
1212 2229 1291 2302 ἡμῶν
1313 2227 1489 2306 μετριότητος
1509 2222 1549 2282 καὶ

262 2348 311 2419 τῆς
333 2345 566 2425 ῦπερτελεστάτης
589 2345 664 2427 ἱερᾶς
687 2352 740 2406 τῶν
762 2348 914 2429 ἀρχιερέων
938 2348 1057 2429 συνόδου,
1080 2355 1133 2410 τῶν
1149 2351 1178 2409 ἐν
1199 2349 1269 2428 άγίιρ
1283 2349 1415 2424 πνεύματι
1429 2347 1550 2408 πσθεινο-
1589 2378 1590 2446 γ

261 2467 350 2525 τάτων
372 2465 499 2545 ἀδελφῶν
520 2464 567 2527 καί
588 2467 817 2550 συλλειισυργιῦν,
839 2475 892 2530 τῶν
916 2469 962 2530 καί
984 2472 1107 2531 κάτωθεν
1127 2471 1348 2552 ὑπογραφόντων,

365 2588 625 2670 ηΙῙσλῦευκτσς,
656 2589 743 2671 ἐλέῳ
765 2593 840 2652 θεοῦ
864 2591 1550 2674 ἀρχιεπίσκσπσς,Κωνσταντινσυπόλεως
1591 2601 1592 2694 γ

262 2709 351 2783 Νέας
375 2711 511 2792 Ῥώμης,
534 2709 590 2772 καί
612 2710 846 2789 σίκσυμενικίνς
868 2717 1078 2797 πατριάρχης
1101 2721 1126 2792 †.
1591 2699 1592 2708 ἐ

303 2871 305 2878 »
365 2831 461 2908 ’ςΚαί
492 2833 612 2910 λιμένων
643 2833 693 2911 μὲν
719 2834 884 2897 κατασκευαὶ
910 2840 967 2908 τοῖς
994 2837 1027 2897 ἐκ
1048 2837 1188 2915 πελάγους
1209 2838 1432 2915 χειμαζομένοις,
1464 2833 1551 2894 σίκιιῦν

261 2975 291 3014 τε
320 2931 499 3029 καταστάσεις
528 2954 653 3038 πρόξενοι
683 2941 831 3039 ὑποδοχῆς,
862 2959 954 3020 τάλλα
984 2981 1024 3040 τε,
1056 2961 1190 3032 δστ.τοῐς
1214 2953 1363 3039 ἀνθρώποις
1387 2958 1552 3034 ἐπινενάηται

260 3079 328 3157 προς
358 3077 511 3159 ἐπικουρίαν
540 3085 593 3139 τῶν
626 3075 821 3164 ἐντχλσῦνιων,
852 3085 967 3162 πράγμα
993 3085 1069 3142 τοῦτο
1096 3079 1240 3152 λυσιτελὲς
1265 3079 1312 3140 καί
1343 3079 1455 3158 πολλὴν
1482 3080 1551 3158 ὠφέ-

261 3201 341 3260 λειαν
372 3201 499 3277 ἐμποιοῦν
526 3205 582 3273 τοῖς
611 3201 672 3283 περί
694 3207 777 3264 ταῦτα
801 3201 1008 3264 ἐσπουδακόσιν·
1041 3203 1108 3264 ἀλλ’
1122 3202 1194 3263 σῦπω
1216 3205 1305 3264 πάντα
1326 3206 1409 3263 ταῦτα
1430 3206 1552 3262 τοσοῦτον

263 3322 409 3402 ἐπωφελεῖ,
440 3323 501 3383 ὅσον
533 3323 611 3404 ίεριῦν
640 3323 722 3384 σίκων
750 3323 891 3401 οἰκοδομαί
918 3323 965 3385 καὶ
991 3325 1130 3404 προσόδων
1157 3325 1278 3406 χορηγία
1306 3325 1374 3404 προς
1403 3327 1481 3384 τοῦτο
1508 3323 1552 3396 τὴν

265 3445 396 3520 διαμονὴν
428 3445 514 3506 αὐτῶν
545 3445 722 3516 διασῦζσυσα.
756 3445 790 3506 τά
817 3447 867 3522 μὲν
893 3447 947 3528 γάρ
974 3443 1025 3507 κάν
1053 3469 1112 3507 τινα
1138 3448 1313 3528 παρέχωνται
1333 3447 1382 3522 τὴν
1409 3447 1552 3526 ὠφέλειαι,

263 3565 340 3626 ἀλλά
361 3563 423 3647 περί
445 3568 475 3626 τ“σ
498 3573 587 3646 σῶμα,
610 3565 657 3626 καί
679 3569 761 3643 μάνον
784 3569 875 3628 τοῦτου
897 3569 916 3646 ἡ
939 3569 1079 3648 θεραπεία,
1107 3570 1125 3643 ἠ
1149 3567 1181 3628 δέ
1202 3589 1236 3648 γε
1259 3573 1312 3628 τῶν
1335 3567 1415 3648 ἱερῶν
1431 3568 1552 3638 σύστασις

262 3687 308 3749 καὶ
336 3687 497 3768 ἀμφοτέροις
519 3689 567 3766 τὴν
591 3687 744 3770 ἐπικουρίαν
769 3690 890 3768 ἐπάγον·
912 3689 1001 3768 ψυχὰς
1024 3689 1078 3770 γάρ
1101 3689 1196 3750 σίκεισῖ
1217 3688 1255 3770 τῷ
1285 3689 1340 3768 θεῷ
1364 3687 1409 3748 διά
1430 3687 1552 3768 πράξεώς

262 3831 292 3870 τε
322 3809 369 3871 καί
399 3809 522 3891 θεωρίας,
554 3805 591 3871 ὧν
623 3811 740 3892 ἑκάτερα
770 3809 808 3890 τῷ
838 3814 951 3892 μσνήρει
979 3811 1029 3891 βίῳ
1056 3811 1193 3872 κάλλιστα
1223 3811 1415 3891 κατορθοῦνται
1446 3809 1479 3870 ἐκ
1507 3815 1552 3882 τῆς

261 3941 395 4010 κοσμικῆς
421 3941 474 3995 τῶν
502 3929 649 4015 ἀνθρώπων
678 3934 889 4014 ἀναχωρήσεως,
918 3931 965 3993 καὶ
992 3933 1025 3993 τά
1051 3939 1097 3994 τοῦ
1123 3929 1250 4009 σώματος
1278 3935 1345 3994 πάνυ
1369 3933 1397 3992 ἐν
1421 3933 1552 4012 ἀσφαλείᾳ

261 4061 346 4136 τηρεῖ.
391 4055 439 4131 τὴν
468 4056 522 4136 γάρ
552 4056 680 4132 βιωτικὴν
711 4055 856 4135 ἀποφυγὼν
887 4055 1098 4135 αῦτστρικυμίαν,
1129 4053 1176 4115 καί
1205 4061 1238 4136 τῇ
1261 4059 1331 4136 μονῇ
1361 4055 1550 4134 προσδραμών,

261 4177 315 4253 ἤδη
343 4177 474 4260 γαληνιᾷ,
507 4178 539 4238 ἐκ
560 4184 697 4256 χειμῶνος
724 4181 770 4238 τοῦ
798 4176 856 4258 βίον
878 4175 916 4257 τῷ
940 4179 1052 4257 μσνήρει
1075 4177 1125 4258 βίῳ
1148 4179 1392 4257 καθορμιζάμενος·
1424 4180 1481 4250 τοῖς
1502 4176 1552 4254 γὰρ

261 4300 328 4380 πρὸς
357 4304 440 4360 ταῦτα
470 4297 586 4375 σπουδὴν
615 4302 785 4376 ποιουμένοις
819 4298 985 4380 συναίρεσθαι
1015 4297 1061 4358 καί
1090 4300 1155 4374 ἡμῖν
1185 4303 1238 4358 τιῦν
1266 4297 1423 4378 ἀναγκαίων
1447 4297 1551 4372 ἀνείη.

263 4421 413 4500 συναίρεται
443 4420 467 4480 δ’
481 4419 519 4493 είς
546 4426 623 4502 τοῦτο
646 4423 675 4481 οῦ
698 4423 779 4497 μόνον
803 4401 817 4479 ἀ
840 4423 968 4493 κσινωνάς
990 4427 1171 4502 πρωτουργιῦν
1194 4428 1227 4502 τῇ
1249 4419 1370 4503 χορηγίᾳ
1391 4427 1445 4480 τῶν
1469 4421 1550 4498 ἀναγ-

262 4543 358 4624 καίων,
396 4543 473 4604 ἀλλά
510 4541 557 4602 καί
590 4549 643 4616 πᾶς
675 4563 715 4616 τις
750 4541 848 4622 ἀλλος,
886 4543 917 4614 ἐς
950 4545 982 4601 ἀν
1017 4542 1117 4624 δυνηθῇ
1149 4563 1174 4603 τι
1205 4543 1464 4624 πραγματεύσασθαι
1497 4543 1552 4612 ταῖς

263 4670 368 4752 μσναῑς.
398 4669 413 4726 δ
437 4665 468 4736 δέ
490 4667 541 4756 προ
564 4671 617 4730 τῶν
640 4664 737 4729 ἀλλων
761 4667 793 4726 ἀν
816 4661 869 4744 εἴη,
901 4663 927 4724 εί
946 4685 986 4736 τις
1007 4663 1041 4724 τά
1061 4667 1196 4746 προσόντα
1218 4667 1326 4736 ταῦταις
1348 4665 1482 4740 κειμήλια
1504 4665 1551 4723 ἐπ-
