3222 5284
1310 359 1375 426 385

60 556 253 631 ὁπωσδήποτε
277 556 513 636 ἐκχωρηθησεται,
537 555 604 616 ἀλλ’
617 555 680 616 ούδὲ
704 556 802 628 ἁπλῶς
825 555 953 616 ἐνοικίσαι
968 555 1027 616 τινὰ
1048 559 1140 637 ἕτερον
1157 555 1185 615 ἐν
1202 557 1293 628 αὺτοῖς
1307 577 1375 634 σογ-

60 679 266 758 χωρηθησετοιι
290 680 304 736 δ
327 680 358 739 τδ
379 682 499 740 τοιοῦτον
521 679 695 754 κτησάμενος
718 677 832 757 δίκαιον,
865 678 938 756 ἔχων
961 676 1027 749 ἴσως
1049 677 1179 756 ἀλλαχοῦ
1201 677 1250 754 τἠν
1272 675 1376 738 οἰκείαν

62 798 237 859 ἀνάπαωσιν·
270 805 354 860 ταῦτα
376 800 430 880 γὰρ
459 800 605 872 παντελῶς
636 799 813 878 οἰπείργομεν.
858 796 881 858 εἰ
906 799 938 859 δέ
960 818 1036 878 ποτε,
1068 795 1097 882 (δ
1120 799 1159 874 μὴ
1181 796 1315 881 γένοιτο),
1345 797 1376 857 τδ

61 922 219 1000 πρόσωπον
242 922 273 980 τύ
295 921 358 980 καθ’
371 920 524 996 οἱονδήτινα
546 922 640 1001 καιρδν
661 921 711 996 τὴν
733 925 831 1001 χρῆσιν
854 919 928 998 έχων
950 924 1004 979 τῶν
1026 916 1184 996 οἰκημάτων
1206 925 1256 995 τῆς
1279 923 1376 998 μονῆς,

64 1039 304 1122 (ἐπαναληπτέον
333 1043 387 1124 γὰρ
416 1041 463 1104 καί
494 1041 568 1115 αἰθις
589 1043 635 1102 τδν
657 1041 719 1122 περὶ
743 1042 830 1102 αἰτῶν
859 1041 959 1126 λόγον)
990 1041 1075 1124 ἐνοχῇ
1098 1061 1147 1102 τινι
1177 1040 1376 1123 καθυποβληθῇ

65 1163 232 1246 δημοσιακῇ
262 1167 281 1239 ἡ
312 1161 489 1247 ἰδιωτικῇἐξ
519 1163 686 1240 οίουδήτινος
714 1165 812 1244 τρέπου
843 1166 1043 1246 χρηματικῇῆ
1074 1163 1268 1244 ἐγκληματικῇ
1290 1165 1308 1236 ἡ
1330 1159 1377 1220 καί

64 1287 238 1346 καθοσιώσει
268 1285 451 1365 ύποπεοεῑται,
482 1288 513 1346 οἰι
544 1285 673 1360 βούλεται
695 1287 714 1361 ἡ
738 1283 866 1360 βασιλεία
889 1304 940 1359 μου
971 1283 1185 1362 ἑνοχοποιείσθαι
1207 1282 1242 1343 τὰ
1267 1285 1378 1343 τοιαῦτα

65 1405 215 1484 οἰκήματα
236 1411 255 1482 ἢ
279 1408 328 1483 τὴν
352 1408 438 1468 αύτῶν
460 1414 569 1488 χρῆσιν,
593 1405 671 1467 ἀλλὰ
694 1408 786 1483 μένειν
810 1405 944 1486 ἐλεύθερα
965 1401 1055 1482 πάσης
1079 1406 1188 1483 ἐνοχῆς.
1220 1403 1267 1464 καί
1284 1403 1307 1464 εἰ
1323 1405 1378 1483 μὴν

65 1531 233 1609 γρηματική
256 1527 296 1600 τίς
320 1529 390 1589 ἐστιν
411 1531 430 1604 ἡ
454 1529 549 1609 ἐνοχή,
572 1530 701 1606 κατέχειν
723 1532 806 1588 ταῖσι
828 1525 875 1587 καὶ
898 1528 1027 1602 νέμεσθαι
1051 1525 1127 1599 αύθις
1150 1526 1215 1586 αύτδ
1238 1528 1328 1586 ἐκεῖνο
1347 1527 1378 1585 τδ

66 1655 220 1732 πρόσωπον
242 1653 273 1712 τδ
295 1652 343 1726 τὴν
365 1657 462 1731 χρῆσιν
493 1651 558 1728 έχον
588 1651 699 1728 τούτων,
733 1652 785 1710 κᾶν
806 1650 824 1723 ἡ
848 1645 926 1725 άλλη
949 1653 1024 1708 πάσα
1045 1647 1185 1728 περιουσία
1206 1647 1299 1708 τούτου
1321 1649 1378 1716 τοίς

67 1776 230 1853 χρεώσταις
251 1772 317 1844 ἴσως
339 1769 410 1832 κατὰ
432 1773 531 1849 νόμους
554 1773 706 1832 ύπθκειται·
731 1772 798 1846 αύτη
821 1771 875 1850 γὰρ
895 1773 913 1845 ἡ
936 1777 1036 1850 χρῆσις
1057 1767 1105 1830 καὶ
1127 1771 1233 1849 κατοχὴ
1249 1775 1303 1830 τῶν
1318 1789 1377 1830 τοι-

69 1895 162 1954 ούτων
186 1892 343 1969 οἰκημάτων
357 1892 405 1954 καί
426 1899 479 1954 τῶν
500 1895 544 1953 ὑπ’
557 1893 624 1954 αδτὰ
639 1896 746 1954 πάντων
769 1893 926 1974 ύπερτερείν
949 1890 1085 1972 ὀφείλουσι
1100 1889 1190 1968 πάσης
1204 1898 1379 1972 χρηματικῆς

71 2015 233 2094 ἐνσχης,“
220 2037 259 2088 ως
287 2017 497 2096 τοιουτοτρύπως
525 2015 761 2097 παραπεμπούσης
789 2017 874 2074 ταῦτα
900 2033 949 2090 της
981 2013 1124 2088 βασιλείας
1152 2033 1203 2088 μου
1225 2014 1293 2094 προς
1316 2013 1378 2085 τούς

71 2137 238 2212 μέλλοντας
260 2140 345 2197 ταῦτα
365 2139 507 2215 κατέχειν.
537 2136 611 2211 ἡδὲ
635 2134 868 2216 ἐγκληματικήέ
869 2155 924 2195 στιν
946 2135 964 2210 ἡ
989 2134 1082 2210 ευθύνη
1105 2137 1123 2208 ἢ
1147 2134 1308 2207 καθοοίωσις
1330 2116 1393 2194 καίΙ

73 2257 218 2319 ἐκπίπτειν
242 2258 344 2334 μέλλοι
367 2263 417 2336 τῆς
439 2259 564 2334 τοιαύτης
586 2258 760 2340 χρήσεως,ί
758 2277 792 2316 να
815 2256 1000 2338 ἐπανέρχηται
1022 2253 1128 2332 αύτη’
1105 2275 1144 2328 εις
1159 2257 1190 2316 τ“ο
1205 2256 1380 2332 καλούμενον

73 2381 138 2456 μετ’
152 2380 218 2440 αύτδ
240 2381 384 2461 πρόσωπον
406 2380 479 2440 κατὰ
500 2383 549 2456 τἠν
572 2381 701 2462 ἀνωτέρω
724 2377 851 2453 διάστιξιν
874 2378 921 2439 καί
944 2378 1084 2460 διαίρεσιν.
1131 2379 1326 2440 ἐπιλειπόντων
1349 2377 1380 2438 δέ

72 2508 131 2560 τῶν
153 2503 308 2582 προσώπων
331 2501 395 2574 ἴσως
419 2501 647 2562 ἐπανελεύσονται
669 2503 737 2582 πρδς
758 2502 807 2577 την
830 2500 976 2561 δεσπότιδα
1000 2503 1095 2576 μονήν.

185 2623 247 2682 Κάν
269 2643 336 2684 ποτε
358 2623 433 2704 ἴσως,
459 2621 541 2709 (ὅπερ
564 2623 885 2704 άπέοτω),πυρίκτιυοτα
907 2624 1065 2684 τὰτοιαῦτα
1088 2622 1226 2700 οἰκήματα
1247 2625 1381 2701 γένωνται

77 2745 112 2804 ἐκ
137 2745 190 2824 μέρ
191 2749 278 2820 ουςῆ
303 2742 334 2817 ἐξ
360 2745 486 2826 ὁλοκλήρ
472 2765 528 2826 ρου,
559 2747 589 2805 ού
613 2745 741 2819 βούλεται
764 2746 782 2820 ἡ
806 2744 935 2818 βασιλεία
957 2765 1008 2821 μου
1031 2734 1179 2823 σχολάζειν
1201 2745 1249 2820 τὴν
1272 2750 1381 2826 χρῆσιν,

77 2869 118 2938 ὡς
139 2871 196 2926 τῶν
219 2863 386 2947 οἰκημάτων,
411 2859 488 2926 ἐν
462 2888 504 2939 οις
526 2869 707 2948 θεωρεῖται
690 2869 707 2924 έ
731 2867 897 2944 κατοίκησις,
922 2865 961 2938 εἰς
983 2868 1014 2926 τ“ο
1037 2867 1075 2941 μὴ
1092 2860 1162 2926 εἰναι
1184 2868 1380 2946 χωρησάντων,

77 2987 160 3047 ἀλλὰ
180 2989 227 3047 τδν
249 2991 395 3064 τηνικοάκτα
417 2990 447 3048 τύ
471 2989 574 3050 δίκαιον
597 2995 646 3065 τῆς
676 2989 799 3064 τοιαύτης
828 2989 956 3068 χρήσεως
989 2989 1090 3066 έχοντα
1111 2989 1183 3048 κατὰ
1206 2987 1254 3065 τὴν
1278 2989 1381 3049 ἄνωθεν

79 3109 256 3188 διατύπωσιν,
288 3110 363 3188 ἐχειν
386 3108 431 3170 καί
453 3110 538 3171 πάλιν
567 3111 648 3184 αύτην
670 3109 717 3170 καί
740 3111 869 3189 κατέχειν
892 3109 926 3170 τὰ
947 3113 1057 3170 τοιαῦτα
1085 3109 1186 3192 δίκαια,
1217 3112 1255 3182 ὡς
1279 3111 1382 3171 άνωθεν

80 3229 195 3310 εἴρηται,
219 3228 267 3321 καί
288 3233 404 3312 χρᾶσθαι
426 3233 539 3314 τούτοις,
563 3232 664 3310 έχοντα
687 3232 781 3292 άδειαν
804 3230 994 3308 ἀνοικοδομεῖν
1017 3229 1155 3307 οἰκήματα
1175 3231 1204 3291 ἐν
1219 3234 1276 3304 τοῖς
1291 3232 1382 3303 τόποις

78 3358 134 3410 τῶν
158 3353 323 3431 καυθέντων,
346 3353 426 3412 ὁποία
449 3353 568 3434 δύναται,
591 3359 646 3412 τῶν
669 3349 828 3426 διαστίξεων
843 3353 897 3413 τῶν
912 3351 1034 3434 περὶτοῦ
1056 3353 1283 3433 παραπέμπεσθαι
1299 3357 1383 3413 ταῦτα

80 3472 128 3532 καί
144 3474 347 3554 περιέρχεσθαι,
363 3474 455 3546 καθὼς
471 3474 574 3534 ἄνωθεν
590 3475 755 3556 σαφέστερον
771 3474 884 3556 είρηται,
901 3475 1034 3547 σώζεσθαι
1049 3475 1097 3534 καί
1108 3475 1192 3547 ούτως
1207 3475 1383 3554 δρειλουσῶν,

81 3593 129 3654 καὶ
152 3593 216 3654 τδ’
209 3615 318 3674 ιοχυρον
342 3594 486 3673 ἔχεινκαὶ
514 3596 634 3677 ἐνεργόν.
680 3597 800 3671 πλὴν
778 3616 827 3656 ουκ
849 3593 955 3668 ἐξέσται
977 3594 1026 3656 τινί
1049 3597 1149 3656 τούτων
1179 3595 1360 3655 ἐκδιδόναι
1337 3615 1383 3655 τον

81 3717 164 3776 τέπον
187 3716 255 3797 πρὸς
277 3736 336 3776 τινα
362 3718 520 3794 κηπεύσεως
549 3720 632 3799 χάριν
653 3721 672 3792 ἢ
694 3716 845 3788 κτίσεως
834 3722 985 3798 ενοικικῶν,
1016 3717 1094 3778 ἀλλὰ
1115 3717 1199 3778 πάλιν
1222 3718 1303 3798 έτερα
1326 3716 1382 3776 ἀντ
1454 3715 1458 3725 ’

83 3840 178 3910 ούταῖς
200 3795 442 3918 οἰκοδομῆσαι,
417 3853 461 3899 οια
484 3839 647 3920 δύναται,
636 3839 680 3900 επὶ
702 3839 741 3918 τῷ
763 3842 928 3915 καταμένειν
951 3841 980 3900 ἐν
1004 3841 1103 3921 αἰτοίς,
1126 3839 1172 3899 τδν
1195 3839 1226 3899 δέ
1248 3837 1288 3916 τῷ
1310 3839 1384 3918 τύπῳ

82 3961 304 4040 χρησάμενονέ
304 3961 390 4040 τέρως
411 3960 530 4040 παρὰ
507 3981 553 4020 τον
574 3963 695 4042 παρόντα
722 3963 801 4037 ἡμῶν
831 3961 941 4040 θρισμον
972 3961 1108 4021 ἐκπίπτειν
1137 3962 1238 4021 τούτων
1266 3960 1383 4041 διοριύζ

84 4082 156 4158 μεθα
184 4079 232 4142 καί
261 4083 455 4162 περιέρχεσθαι
485 4085 569 4142 ταῦτα
596 4085 664 4162 πρδς
690 4083 720 4142 τδ
748 4083 818 4158 μετὰ
844 4084 889 4142 τδν
921 4083 1070 4143 ἐκπεσὸντα
1096 4085 1115 4158 ἣ
1137 4084 1186 4158 τὴν
1219 4083 1384 4144 ἐκπεσοῦσαν

84 4203 258 4281 καλούμενον
280 4205 433 4287 πρόσωπον,
457 4203 550 4276 καθὼς
573 4204 701 4284 ἀνωτέρω
724 4203 888 4282 διειληπται.

191 4325 288 4396 Ποίσας
311 4328 403 4401 μέντοι
425 4325 475 4398 τὰς
498 4325 693 4405 διαληφθείσας
701 4323 725 4410 ¹)
748 4327 847 4399 ταύτας
875 4327 1007 4405 διαταγοίς
1028 4347 1059 4386 τε
1081 4325 1128 4387 καί
1152 4324 1295 4400 διαστίξεις
1318 4326 1384 4400 βού-

85 4448 170 4526 λομαι
194 4447 312 4524 βεβαίας
334 4449 436 4527 μένειν,
467 4450 506 4525 μὴ
530 4449 642 4527 ἔχοντος
665 4447 760 4508 ἄδειαν
781 4452 828 4509 τού
852 4449 950 4530 μέρους
971 4454 1021 4524 τῆς
1044 4453 1132 4526 μονῆς
1153 4449 1216 4508 καθ’
1231 4447 1385 4524 οἱονδήτινα

191 4707 213 4776 η
231 4705 349 4774 amo.
369 4687 405 4758 c.'
