<?xml version="1.0" encoding="UTF-8"?>
<!DOCTYPE html PUBLIC "-//W3C//DTD XHTML 1.0 Transitional//EN"
    "http://www.w3.org/TR/xhtml1/DTD/xhtml1-transitional.dtd">
<html xmlns="http://www.w3.org/1999/xhtml" xml:lang="en" lang="en">
 <head>
  <title>
</title>
<meta http-equiv="Content-Type" content="text/html;charset=utf-8" />
  <meta name='ocr-system' content='tesseract 3.04.00' />
  <meta name='ocr-capabilities' content='ocr_page ocr_carea ocr_par ocr_line ocrx_word'/>
</head>
<body>
  <div class='ocr_page' id='page_1' title='image "./actaetdiplomata00miklgoog_0337.png"; bbox 0 0 3486 5282; ppageno 0'>
   <div class='ocr_carea' id='block_1_1' title="bbox 332 351 397 418">
    <p class='ocr_par' dir='ltr' id='par_1_1' title="bbox 332 351 397 418">
     <span class='ocr_line' id='line_1_1' title="bbox 332 351 397 418; baseline 0.031 -2"><span class='ocrx_word' id='word_1_1' title='bbox 332 351 397 418; x_wconf 76' lang='lat'>220</span> 
     </span>
    </p>
   </div>
   <div class='ocr_carea' id='block_1_2' title="bbox 330 545 1664 1850">
    <p class='ocr_par' dir='ltr' id='par_1_2' title="bbox 330 545 1664 1850">
     <span class='ocr_line' id='line_1_2' title="bbox 332 545 1638 628; baseline -0.003 -20"><span class='ocrx_word' id='word_1_2' title='bbox 332 547 379 608; x_wconf 88' lang='grc' dir='ltr'>καὶ</span> <span class='ocrx_word' id='word_1_3' title='bbox 401 547 547 627; x_wconf 79' lang='grc' dir='ltr'>γεραρούς·</span> <span class='ocrx_word' id='word_1_4' title='bbox 570 547 619 623; x_wconf 87' lang='grc' dir='ltr'>τῆν</span> <span class='ocrx_word' id='word_1_5' title='bbox 641 547 696 628; x_wconf 86' lang='grc' dir='ltr'>γὰρ</span> <span class='ocrx_word' id='word_1_6' title='bbox 718 553 772 606; x_wconf 90' lang='grc' dir='ltr'>τῶν</span> <span class='ocrx_word' id='word_1_7' title='bbox 793 546 1026 622; x_wconf 89' lang='grc' dir='ltr'>ἐκκλησιαστικῶν</span> <span class='ocrx_word' id='word_1_8' title='bbox 1041 547 1210 626; x_wconf 80' lang='grc' dir='ltr'>πραγμάτων</span> <span class='ocrx_word' id='word_1_9' title='bbox 1224 545 1386 628; x_wconf 82' lang='grc' dir='ltr'>προστασίαν</span> <span class='ocrx_word' id='word_1_10' title='bbox 1401 547 1457 618; x_wconf 84' lang='grc' dir='ltr'>τοῖς</span> <span class='ocrx_word' id='word_1_11' title='bbox 1473 545 1638 617; x_wconf 87' lang='grc' dir='ltr'>ἐπισκόποις</span> 
     </span>
     <span class='ocr_line' id='line_1_3' title="bbox 332 639 1636 751; baseline -0.005 -21"><span class='ocrx_word' id='word_1_12' title='bbox 332 669 517 751; x_wconf 81' lang='grc' dir='ltr'>ἐπιτρέπουσιν</span> <span class='ocrx_word' id='word_1_13' title='bbox 540 669 564 729; x_wconf 82' lang='grc' dir='ltr'>οἱ</span> <span class='ocrx_word' id='word_1_14' title='bbox 587 668 653 749; x_wconf 85' lang='grc' dir='ltr'>ἱεροὶ</span> <span class='ocrx_word' id='word_1_15' title='bbox 676 671 755 746; x_wconf 89' lang='grc' dir='ltr'>νόμοι</span> <span class='ocrx_word' id='word_1_16' title='bbox 776 639 824 728; x_wconf 81' lang='grc' dir='ltr'>καί</span> <span class='ocrx_word' id='word_1_17' title='bbox 846 669 969 748; x_wconf 86' lang='grc' dir='ltr'>κανόνες,</span> <span class='ocrx_word' id='word_1_18' title='bbox 991 669 1037 728; x_wconf 79' lang='grc' dir='ltr'>τόν</span> <span class='ocrx_word' id='word_1_19' title='bbox 1057 672 1103 728; x_wconf 91' lang='grc' dir='ltr'>τοῦ</span> <span class='ocrx_word' id='word_1_20' title='bbox 1118 669 1181 729; x_wconf 84' lang='grc' dir='ltr'>θεοῦ</span> <span class='ocrx_word' id='word_1_21' title='bbox 1196 669 1278 745; x_wconf 91' lang='grc' dir='ltr'>νόμον</span> <span class='ocrx_word' id='word_1_22' title='bbox 1293 669 1464 749; x_wconf 77' lang='grc' dir='ltr'>προτίθεσθαι</span> <span class='ocrx_word' id='word_1_23' title='bbox 1479 666 1636 728; x_wconf 87' lang='grc' dir='ltr'>διακελευ-</span> 
     </span>
     <span class='ocr_line' id='line_1_4' title="bbox 332 789 1637 872; baseline -0.003 -20"><span class='ocrx_word' id='word_1_24' title='bbox 332 795 435 871; x_wconf 90' lang='grc' dir='ltr'>όμενοι,</span> <span class='ocrx_word' id='word_1_25' title='bbox 457 793 511 872; x_wconf 84' lang='grc' dir='ltr'>ἵνα,</span> <span class='ocrx_word' id='word_1_26' title='bbox 535 791 562 851; x_wconf 88' lang='grc' dir='ltr'>εί</span> <span class='ocrx_word' id='word_1_27' title='bbox 573 813 608 872; x_wconf 91' lang='grc' dir='ltr'>γε</span> <span class='ocrx_word' id='word_1_28' title='bbox 629 791 742 872; x_wconf 89' lang='grc' dir='ltr'>δέοιντο,</span> <span class='ocrx_word' id='word_1_29' title='bbox 765 789 812 850; x_wconf 88' lang='grc' dir='ltr'>καὶ</span> <span class='ocrx_word' id='word_1_30' title='bbox 835 789 909 850; x_wconf 88' lang='grc' dir='ltr'>αύτοὶ</span> <span class='ocrx_word' id='word_1_31' title='bbox 932 789 1190 872; x_wconf 77' lang='grc' dir='ltr'>μεταλαμβάνωσιν,</span> <span class='ocrx_word' id='word_1_32' title='bbox 1213 792 1243 850; x_wconf 87' lang='grc' dir='ltr'>δν</span> <span class='ocrx_word' id='word_1_33' title='bbox 1266 791 1364 870; x_wconf 89' lang='grc' dir='ltr'>τρόπον</span> <span class='ocrx_word' id='word_1_34' title='bbox 1378 792 1393 850; x_wconf 86' lang='grc' dir='ltr'>δ</span> <span class='ocrx_word' id='word_1_35' title='bbox 1408 790 1456 867; x_wconf 89' lang='grc' dir='ltr'>λη’</span> <span class='ocrx_word' id='word_1_36' title='bbox 1472 796 1532 850; x_wconf 87' lang='grc' dir='ltr'>τῶν</span> <span class='ocrx_word' id='word_1_37' title='bbox 1551 790 1637 867; x_wconf 84' lang='grc' dir='ltr'>ἁγίων</span> 
     </span>
     <span class='ocr_line' id='line_1_5' title="bbox 332 893 1636 996; baseline -0.003 -22"><span class='ocrx_word' id='word_1_38' title='bbox 332 915 491 975; x_wconf 80' lang='grc' dir='ltr'>ἀποστόλων</span> <span class='ocrx_word' id='word_1_39' title='bbox 515 914 606 974; x_wconf 84' lang='grc' dir='ltr'>κανῶν</span> <span class='ocrx_word' id='word_1_40' title='bbox 628 893 677 974; x_wconf 86' lang='grc' dir='ltr'>καί</span> <span class='ocrx_word' id='word_1_41' title='bbox 698 916 713 973; x_wconf 91' lang='grc' dir='ltr'>ό</span> <span class='ocrx_word' id='word_1_42' title='bbox 734 911 777 973; x_wconf 90' lang='grc' dir='ltr'>κε’</span> <span class='ocrx_word' id='word_1_43' title='bbox 801 919 850 989; x_wconf 86' lang='grc' dir='ltr'>τῆς</span> <span class='ocrx_word' id='word_1_44' title='bbox 873 914 901 972; x_wconf 88' lang='grc' dir='ltr'>ἐν</span> <span class='ocrx_word' id='word_1_45' title='bbox 918 913 1071 996; x_wconf 82' lang='grc' dir='ltr'>Ἀντιοχείᾳ</span> <span class='ocrx_word' id='word_1_46' title='bbox 1092 912 1167 995; x_wconf 81' lang='grc' dir='ltr'>ἱερᾶς</span> <span class='ocrx_word' id='word_1_47' title='bbox 1186 913 1297 974; x_wconf 79' lang='grc' dir='ltr'>συνόδου</span> <span class='ocrx_word' id='word_1_48' title='bbox 1312 912 1392 988; x_wconf 84' lang='grc' dir='ltr'>καὶὴ</span> <span class='ocrx_word' id='word_1_49' title='bbox 1410 914 1439 972; x_wconf 89' lang='grc' dir='ltr'>ἐν</span> <span class='ocrx_word' id='word_1_50' title='bbox 1455 911 1636 990; x_wconf 75' lang='grc' dir='ltr'>Χαλκηδόνι,</span> 
     </span>
     <span class='ocr_line' id='line_1_6' title="bbox 332 1032 1636 1119; baseline -0.003 -23"><span class='ocrx_word' id='word_1_51' title='bbox 332 1038 362 1096; x_wconf 90' lang='grc' dir='ltr'>ού</span> <span class='ocrx_word' id='word_1_52' title='bbox 385 1038 439 1112; x_wconf 85' lang='grc' dir='ltr'>μὴν</span> <span class='ocrx_word' id='word_1_53' title='bbox 462 1035 607 1096; x_wconf 83' lang='grc' dir='ltr'>ἀλλὰκαὶ</span> <span class='ocrx_word' id='word_1_54' title='bbox 629 1041 678 1114; x_wconf 89' lang='grc' dir='ltr'>τῆς</span> <span class='ocrx_word' id='word_1_55' title='bbox 701 1035 730 1096; x_wconf 86' lang='grc' dir='ltr'>ἐν</span> <span class='ocrx_word' id='word_1_56' title='bbox 752 1035 855 1119; x_wconf 85' lang='grc' dir='ltr'>Νικαίᾳ</span> <span class='ocrx_word' id='word_1_57' title='bbox 877 1035 891 1094; x_wconf 86' lang='grc' dir='ltr'>ό</span> <span class='ocrx_word' id='word_1_58' title='bbox 913 1056 944 1095; x_wconf 89' lang='grc' dir='ltr'>τε</span> <span class='ocrx_word' id='word_1_59' title='bbox 968 1034 1003 1094; x_wconf 86' lang='grc' dir='ltr'>ια’</span> <span class='ocrx_word' id='word_1_60' title='bbox 1025 1034 1072 1096; x_wconf 87' lang='grc' dir='ltr'>καὶ</span> <span class='ocrx_word' id='word_1_61' title='bbox 1095 1037 1110 1094; x_wconf 92' lang='grc' dir='ltr'>ό</span> <span class='ocrx_word' id='word_1_62' title='bbox 1135 1034 1170 1110; x_wconf 94' lang='grc' dir='ltr'>ιβ’</span> <span class='ocrx_word' id='word_1_63' title='bbox 1192 1033 1240 1095; x_wconf 89' lang='grc' dir='ltr'>καὶ</span> <span class='ocrx_word' id='word_1_64' title='bbox 1264 1035 1292 1094; x_wconf 86' lang='grc' dir='ltr'>ἐν</span> <span class='ocrx_word' id='word_1_65' title='bbox 1308 1035 1428 1116; x_wconf 79' lang='grc' dir='ltr'>Ἀγκύρφι</span> <span class='ocrx_word' id='word_1_66' title='bbox 1449 1035 1464 1092; x_wconf 92' lang='grc' dir='ltr'>ό</span> <span class='ocrx_word' id='word_1_67' title='bbox 1488 1033 1525 1094; x_wconf 89' lang='grc' dir='ltr'>ιε’</span> <span class='ocrx_word' id='word_1_68' title='bbox 1551 1032 1636 1094; x_wconf 80' lang='grc' dir='ltr'>καέό</span> 
     </span>
     <span class='ocr_line' id='line_1_7' title="bbox 331 1154 1636 1239; baseline -0.003 -21"><span class='ocrx_word' id='word_1_69' title='bbox 331 1157 377 1233; x_wconf 91' lang='grc' dir='ltr'>μθ’</span> <span class='ocrx_word' id='word_1_70' title='bbox 404 1165 454 1235; x_wconf 85' lang='grc' dir='ltr'>τῆς</span> <span class='ocrx_word' id='word_1_71' title='bbox 481 1159 510 1218; x_wconf 92' lang='grc' dir='ltr'>ἐν</span> <span class='ocrx_word' id='word_1_72' title='bbox 533 1157 669 1239; x_wconf 86' lang='grc' dir='ltr'>Τρσύλλῳ</span> <span class='ocrx_word' id='word_1_73' title='bbox 695 1155 743 1218; x_wconf 87' lang='grc' dir='ltr'>καὶ</span> <span class='ocrx_word' id='word_1_74' title='bbox 767 1157 851 1218; x_wconf 85' lang='grc' dir='ltr'>ἀλλσι</span> <span class='ocrx_word' id='word_1_75' title='bbox 872 1157 1006 1236; x_wconf 87' lang='grc' dir='ltr'>πλεῖστοι,</span> <span class='ocrx_word' id='word_1_76' title='bbox 1037 1159 1092 1217; x_wconf 90' lang='grc' dir='ltr'>όσοι</span> <span class='ocrx_word' id='word_1_77' title='bbox 1116 1155 1207 1218; x_wconf 86' lang='grc' dir='ltr'>σεπτοὶ</span> <span class='ocrx_word' id='word_1_78' title='bbox 1229 1159 1307 1232; x_wconf 91' lang='grc' dir='ltr'>νόμοι</span> <span class='ocrx_word' id='word_1_79' title='bbox 1329 1154 1376 1216; x_wconf 89' lang='grc' dir='ltr'>καὶ</span> <span class='ocrx_word' id='word_1_80' title='bbox 1397 1159 1515 1228; x_wconf 81' lang='grc' dir='ltr'>κανόνες</span> <span class='ocrx_word' id='word_1_81' title='bbox 1542 1162 1636 1236; x_wconf 88' lang='grc' dir='ltr'>σαφῶς</span> 
     </span>
     <span class='ocr_line' id='line_1_8' title="bbox 331 1276 1635 1360; baseline -0.002 -21"><span class='ocrx_word' id='word_1_82' title='bbox 331 1279 466 1359; x_wconf 89' lang='grc' dir='ltr'>φαίνονται</span> <span class='ocrx_word' id='word_1_83' title='bbox 495 1281 544 1356; x_wconf 83' lang='grc' dir='ltr'>τῆν</span> <span class='ocrx_word' id='word_1_84' title='bbox 570 1286 624 1340; x_wconf 89' lang='grc' dir='ltr'>τῶν</span> <span class='ocrx_word' id='word_1_85' title='bbox 650 1280 730 1360; x_wconf 84' lang='grc' dir='ltr'>ἱερῶν</span> <span class='ocrx_word' id='word_1_86' title='bbox 758 1279 943 1360; x_wconf 88' lang='grc' dir='ltr'>μοναστηρίων</span> <span class='ocrx_word' id='word_1_87' title='bbox 971 1276 1093 1352; x_wconf 84' lang='grc' dir='ltr'>ἐξουσίαν</span> <span class='ocrx_word' id='word_1_88' title='bbox 1119 1283 1176 1352; x_wconf 89' lang='grc' dir='ltr'>τοῖς</span> <span class='ocrx_word' id='word_1_89' title='bbox 1207 1279 1362 1352; x_wconf 72' lang='grc' dir='ltr'>ἐπισκόποις</span> <span class='ocrx_word' id='word_1_90' title='bbox 1394 1277 1528 1359; x_wconf 79' lang='grc' dir='ltr'>διδόντες,</span> <span class='ocrx_word' id='word_1_91' title='bbox 1564 1279 1635 1338; x_wconf 83' lang='grc' dir='ltr'>ὥστε</span> 
     </span>
     <span class='ocr_line' id='line_1_9' title="bbox 331 1399 1634 1482; baseline -0.002 -21"><span class='ocrx_word' id='word_1_92' title='bbox 331 1401 555 1478; x_wconf 78' lang='grc' dir='ltr'>μεταλαμβάνειν</span> <span class='ocrx_word' id='word_1_93' title='bbox 579 1402 629 1478; x_wconf 87' lang='grc' dir='ltr'>μὲν</span> <span class='ocrx_word' id='word_1_94' title='bbox 651 1401 697 1461; x_wconf 89' lang='grc' dir='ltr'>καὶ</span> <span class='ocrx_word' id='word_1_95' title='bbox 721 1402 817 1474; x_wconf 88' lang='grc' dir='ltr'>αύτούς</span> <span class='ocrx_word' id='word_1_96' title='bbox 838 1407 891 1462; x_wconf 91' lang='grc' dir='ltr'>τῶν</span> <span class='ocrx_word' id='word_1_97' title='bbox 915 1401 1042 1480; x_wconf 88' lang='grc' dir='ltr'>δεόντων,</span> <span class='ocrx_word' id='word_1_98' title='bbox 1067 1400 1094 1460; x_wconf 86' lang='grc' dir='ltr'>εί</span> <span class='ocrx_word' id='word_1_99' title='bbox 1105 1422 1139 1481; x_wconf 92' lang='grc' dir='ltr'>γε</span> <span class='ocrx_word' id='word_1_100' title='bbox 1162 1401 1265 1462; x_wconf 85' lang='grc' dir='ltr'>δέοιντο</span> <span class='ocrx_word' id='word_1_101' title='bbox 1281 1399 1320 1473; x_wconf 88' lang='grc' dir='ltr'>είς</span> <span class='ocrx_word' id='word_1_102' title='bbox 1335 1401 1384 1474; x_wconf 82' lang='grc' dir='ltr'>τὰς</span> <span class='ocrx_word' id='word_1_103' title='bbox 1400 1403 1504 1461; x_wconf 84' lang='grc' dir='ltr'>ἑαυτῶν</span> <span class='ocrx_word' id='word_1_104' title='bbox 1521 1401 1634 1482; x_wconf 80' lang='grc' dir='ltr'>χρείας,</span> 
     </span>
     <span class='ocr_line' id='line_1_10' title="bbox 330 1521 1664 1604; baseline -0.001 -22"><span class='ocrx_word' id='word_1_105' title='bbox 330 1523 379 1599; x_wconf 84' lang='grc' dir='ltr'>τῆν</span> <span class='ocrx_word' id='word_1_106' title='bbox 402 1523 434 1583; x_wconf 88' lang='grc' dir='ltr'>δέ</span> <span class='ocrx_word' id='word_1_107' title='bbox 455 1521 516 1604; x_wconf 85' lang='grc' dir='ltr'>περὶ</span> <span class='ocrx_word' id='word_1_108' title='bbox 539 1523 632 1583; x_wconf 82' lang='grc' dir='ltr'>ἐκεῖνα</span> <span class='ocrx_word' id='word_1_109' title='bbox 655 1525 816 1600; x_wconf 85' lang='grc' dir='ltr'>ἐπιμέλειαν</span> <span class='ocrx_word' id='word_1_110' title='bbox 839 1523 969 1604; x_wconf 75' lang='grc' dir='ltr'>μεγίστην</span> <span class='ocrx_word' id='word_1_111' title='bbox 992 1545 1022 1584; x_wconf 91' lang='grc' dir='ltr'>τε</span> <span class='ocrx_word' id='word_1_112' title='bbox 1045 1521 1092 1584; x_wconf 89' lang='grc' dir='ltr'>καὶ</span> <span class='ocrx_word' id='word_1_113' title='bbox 1114 1525 1152 1595; x_wconf 89' lang='grc' dir='ltr'>ώς</span> <span class='ocrx_word' id='word_1_114' title='bbox 1175 1525 1237 1584; x_wconf 86' lang='grc' dir='ltr'>θεοῦ</span> <span class='ocrx_word' id='word_1_115' title='bbox 1253 1523 1403 1603; x_wconf 74' lang='grc' dir='ltr'>ἐφορῶντος</span> <span class='ocrx_word' id='word_1_116' title='bbox 1416 1524 1568 1604; x_wconf 82' lang='grc' dir='ltr'>ποιεῖσθαι,</span> <span class='ocrx_word' id='word_1_117' title='bbox 1592 1523 1634 1582; x_wconf 78' lang='grc' dir='ltr'>ἵνα</span> <span class='ocrx_word' id='word_1_118' title='bbox 1663 1589 1664 1598; x_wconf 23' lang='lat'>2</span> 
     </span>
     <span class='ocr_line' id='line_1_11' title="bbox 331 1643 1664 1727; baseline -0.003 -21"><span class='ocrx_word' id='word_1_119' title='bbox 331 1645 544 1727; x_wconf 74' lang='grc' dir='ltr'>προστατεύουσιν</span> <span class='ocrx_word' id='word_1_120' title='bbox 567 1645 654 1706; x_wconf 86' lang='grc' dir='ltr'>αύτῶν</span> <span class='ocrx_word' id='word_1_121' title='bbox 676 1645 723 1706; x_wconf 82' lang='grc' dir='ltr'>καὶ</span> <span class='ocrx_word' id='word_1_122' title='bbox 747 1645 906 1722; x_wconf 77' lang='grc' dir='ltr'>οἰκονόμους</span> <span class='ocrx_word' id='word_1_123' title='bbox 924 1643 972 1706; x_wconf 87' lang='grc' dir='ltr'>καὶ</span> <span class='ocrx_word' id='word_1_124' title='bbox 994 1647 1152 1727; x_wconf 88' lang='grc' dir='ltr'>ἐπιτρόπους</span> <span class='ocrx_word' id='word_1_125' title='bbox 1167 1645 1214 1706; x_wconf 87' lang='grc' dir='ltr'>καί</span> <span class='ocrx_word' id='word_1_126' title='bbox 1229 1646 1398 1725; x_wconf 81' lang='grc' dir='ltr'>ἡγουμένους</span> <span class='ocrx_word' id='word_1_127' title='bbox 1413 1647 1633 1707; x_wconf 86' lang='grc' dir='ltr'>ἀποκαθιστῶσιν</span> <span class='ocrx_word' id='word_1_128' title='bbox 1663 1691 1664 1700; x_wconf 66' lang='grc'>,</span> 
     </span>
     <span class='ocr_line' id='line_1_12' title="bbox 331 1764 1664 1850; baseline 0 -24"><span class='ocrx_word' id='word_1_129' title='bbox 331 1767 360 1827; x_wconf 90' lang='grc' dir='ltr'>ἐν</span> <span class='ocrx_word' id='word_1_130' title='bbox 384 1769 483 1846; x_wconf 80' lang='grc' dir='ltr'>αύτούς,</span> <span class='ocrx_word' id='word_1_131' title='bbox 510 1767 607 1840; x_wconf 89' lang='grc' dir='ltr'>καλῶς</span> <span class='ocrx_word' id='word_1_132' title='bbox 628 1766 690 1848; x_wconf 86' lang='grc' dir='ltr'>περὶ</span> <span class='ocrx_word' id='word_1_133' title='bbox 712 1775 761 1846; x_wconf 86' lang='grc' dir='ltr'>τῆς</span> <span class='ocrx_word' id='word_1_134' title='bbox 783 1764 925 1844; x_wconf 77' lang='grc' dir='ltr'>αύξήσεως</span> <span class='ocrx_word' id='word_1_135' title='bbox 947 1766 994 1828; x_wconf 88' lang='grc' dir='ltr'>καὶ</span> <span class='ocrx_word' id='word_1_136' title='bbox 1016 1764 1190 1842; x_wconf 86' lang='grc' dir='ltr'>βελτιώσεως</span> <span class='ocrx_word' id='word_1_137' title='bbox 1212 1768 1310 1828; x_wconf 87' lang='grc' dir='ltr'>τούτων</span> <span class='ocrx_word' id='word_1_138' title='bbox 1335 1769 1563 1849; x_wconf 76' lang='grc' dir='ltr'>ἐπιμελούμενοι,</span> <span class='ocrx_word' id='word_1_139' title='bbox 1591 1769 1632 1827; x_wconf 84' lang='grc' dir='ltr'>ἵνα</span> <span class='ocrx_word' id='word_1_140' title='bbox 1663 1847 1664 1850; x_wconf 63' lang='lat'>,</span> 
     </span>
    </p>
   </div>
   <div class='ocr_carea' id='block_1_3' title="bbox 331 1877 1664 1968">
    <p class='ocr_par' dir='ltr' id='par_1_3' title="bbox 331 1877 1664 1968">
     <span class='ocr_line' id='line_1_13' title="bbox 331 1877 1664 1968; baseline 0.003 -18"><span class='ocrx_word' id='word_1_141' title='bbox 331 1891 370 1966; x_wconf 83' lang='grc' dir='ltr'>μὴ</span> <span class='ocrx_word' id='word_1_142' title='bbox 394 1891 428 1950; x_wconf 85' lang='grc' dir='ltr'>δι’</span> <span class='ocrx_word' id='word_1_143' title='bbox 439 1891 574 1966; x_wconf 87' lang='grc' dir='ltr'>ἀμέλειαν</span> <span class='ocrx_word' id='word_1_144' title='bbox 598 1891 689 1968; x_wconf 77' lang='grc' dir='ltr'>ἔνοχοι</span> <span class='ocrx_word' id='word_1_145' title='bbox 712 1893 845 1968; x_wconf 81' lang='grc' dir='ltr'>γένωνται</span> <span class='ocrx_word' id='word_1_146' title='bbox 866 1894 923 1962; x_wconf 82' lang='grc' dir='ltr'>τοῖς</span> <span class='ocrx_word' id='word_1_147' title='bbox 947 1891 1054 1950; x_wconf 89' lang='grc' dir='ltr'>ἐκτῶν</span> <span class='ocrx_word' id='word_1_148' title='bbox 1077 1891 1168 1966; x_wconf 90' lang='grc' dir='ltr'>νόμων</span> <span class='ocrx_word' id='word_1_149' title='bbox 1192 1885 1342 1965; x_wconf 89' lang='grc' dir='ltr'>ἐπιτιμίοις.</span> <span class='ocrx_word' id='word_1_150' title='bbox 1382 1891 1407 1950; x_wconf 87' lang='grc' dir='ltr'>οί</span> <span class='ocrx_word' id='word_1_151' title='bbox 1430 1889 1461 1950; x_wconf 87' lang='grc' dir='ltr'>δέ</span> <span class='ocrx_word' id='word_1_152' title='bbox 1476 1888 1630 1966; x_wconf 85' lang='grc' dir='ltr'>οἰκονόμοι,</span> <span class='ocrx_word' id='word_1_153' title='bbox 1663 1877 1664 1954; x_wconf 89' lang='lat'>3</span> 
     </span>
    </p>
   </div>
   <div class='ocr_carea' id='block_1_4' title="bbox 329 2009 1631 2096">
    <p class='ocr_par' dir='ltr' id='par_1_4' title="bbox 329 1991 1664 2126">
     <span class='ocr_line' id='line_1_14' title="bbox 329 2009 1631 2096; baseline 0 -24"><span class='ocrx_word' id='word_1_154' title='bbox 329 2013 476 2092; x_wconf 78' lang='grc' dir='ltr'>ἡγούμενοί</span> <span class='ocrx_word' id='word_1_155' title='bbox 498 2035 528 2072; x_wconf 91' lang='grc' dir='ltr'>τε</span> <span class='ocrx_word' id='word_1_156' title='bbox 550 2011 597 2072; x_wconf 83' lang='grc' dir='ltr'>καὶ</span> <span class='ocrx_word' id='word_1_157' title='bbox 621 2013 759 2094; x_wconf 89' lang='grc' dir='ltr'>ἐπίτροποι</span> <span class='ocrx_word' id='word_1_158' title='bbox 782 2013 943 2090; x_wconf 85' lang='grc' dir='ltr'>διαμένωσιν</span> <span class='ocrx_word' id='word_1_159' title='bbox 967 2015 1017 2074; x_wconf 81' lang='grc' dir='ltr'>ύπθ</span> <span class='ocrx_word' id='word_1_160' title='bbox 1039 2013 1088 2088; x_wconf 81' lang='grc' dir='ltr'>τῆν</span> <span class='ocrx_word' id='word_1_161' title='bbox 1105 2009 1226 2086; x_wconf 82' lang='grc' dir='ltr'>ἐξουσίαν</span> <span class='ocrx_word' id='word_1_162' title='bbox 1242 2019 1295 2073; x_wconf 90' lang='grc' dir='ltr'>τῶν</span> <span class='ocrx_word' id='word_1_163' title='bbox 1311 2013 1476 2096; x_wconf 87' lang='grc' dir='ltr'>ἐπισκόπων,</span> <span class='ocrx_word' id='word_1_164' title='bbox 1498 2015 1552 2074; x_wconf 89' lang='grc' dir='ltr'>καὶ</span> <span class='ocrx_word' id='word_1_165' title='bbox 1569 2014 1631 2092; x_wconf 84' lang='grc' dir='ltr'>δίχα</span> 
     </span>
    </p>
   </div>
   <div class='ocr_carea' id='block_1_5' title="bbox 269 2133 1664 4662">
    <p class='ocr_par' dir='ltr' id='par_1_5' title="bbox 269 2133 1664 4662">
     <span class='ocr_line' id='line_1_15' title="bbox 330 2133 1664 2228; baseline 0 -35"><span class='ocrx_word' id='word_1_166' title='bbox 330 2141 379 2210; x_wconf 88' lang='grc' dir='ltr'>τῆς</span> <span class='ocrx_word' id='word_1_167' title='bbox 408 2134 502 2207; x_wconf 84' lang='grc' dir='ltr'>ἀδείας</span> <span class='ocrx_word' id='word_1_168' title='bbox 530 2137 616 2195; x_wconf 89' lang='grc' dir='ltr'>αύτῶν</span> <span class='ocrx_word' id='word_1_169' title='bbox 644 2138 713 2211; x_wconf 80' lang='grc' dir='ltr'>μήτε</span> <span class='ocrx_word' id='word_1_170' title='bbox 740 2136 856 2216; x_wconf 91' lang='grc' dir='ltr'>πολῶσι,</span> <span class='ocrx_word' id='word_1_171' title='bbox 887 2136 951 2212; x_wconf 85' lang='grc' dir='ltr'>μητ’</span> <span class='ocrx_word' id='word_1_172' title='bbox 964 2136 1118 2216; x_wconf 77' lang='grc' dir='ltr'>ἀγοράίωσι</span> <span class='ocrx_word' id='word_1_173' title='bbox 1142 2138 1359 2215; x_wconf 85' lang='grc' dir='ltr'>μσναφτηριακόν</span> <span class='ocrx_word' id='word_1_174' title='bbox 1381 2157 1405 2196; x_wconf 92' lang='grc' dir='ltr'>τι</span> <span class='ocrx_word' id='word_1_175' title='bbox 1427 2141 1533 2218; x_wconf 87' lang='grc' dir='ltr'>κτῆμα,</span> <span class='ocrx_word' id='word_1_176' title='bbox 1563 2136 1628 2196; x_wconf 88' lang='grc' dir='ltr'>ἀλλ’</span> <span class='ocrx_word' id='word_1_177' title='bbox 1663 2133 1664 2228; x_wconf 85' lang='lat'>3</span> 
     </span>
     <span class='ocr_line' id='line_1_16' title="bbox 332 2253 1629 2337; baseline 0 -21"><span class='ocrx_word' id='word_1_178' title='bbox 332 2253 493 2330; x_wconf 85' lang='grc' dir='ltr'>οἰκονομῶσι</span> <span class='ocrx_word' id='word_1_179' title='bbox 516 2257 613 2330; x_wconf 90' lang='grc' dir='ltr'>καλῶς</span> <span class='ocrx_word' id='word_1_180' title='bbox 634 2259 701 2337; x_wconf 87' lang='grc' dir='ltr'>πρός</span> <span class='ocrx_word' id='word_1_181' title='bbox 723 2259 772 2332; x_wconf 86' lang='grc' dir='ltr'>τὴν</span> <span class='ocrx_word' id='word_1_182' title='bbox 796 2257 908 2317; x_wconf 83' lang='grc' dir='ltr'>ἐκείνων</span> <span class='ocrx_word' id='word_1_183' title='bbox 930 2257 1044 2336; x_wconf 79' lang='grc' dir='ltr'>όδηγίαν</span> <span class='ocrx_word' id='word_1_184' title='bbox 1067 2256 1114 2317; x_wconf 88' lang='grc' dir='ltr'>καὶ</span> <span class='ocrx_word' id='word_1_185' title='bbox 1137 2256 1242 2337; x_wconf 87' lang='grc' dir='ltr'>ἀδειαν,</span> <span class='ocrx_word' id='word_1_186' title='bbox 1266 2257 1340 2329; x_wconf 88' lang='grc' dir='ltr'>όπως</span> <span class='ocrx_word' id='word_1_187' title='bbox 1362 2257 1401 2334; x_wconf 88' lang='grc' dir='ltr'>μῆ</span> <span class='ocrx_word' id='word_1_188' title='bbox 1416 2255 1464 2317; x_wconf 88' lang='grc' dir='ltr'>καὶ</span> <span class='ocrx_word' id='word_1_189' title='bbox 1480 2259 1569 2336; x_wconf 73' lang='grc' dir='ltr'>αὀτσί,</span> <span class='ocrx_word' id='word_1_190' title='bbox 1593 2259 1629 2328; x_wconf 86' lang='grc' dir='ltr'>ῶς</span> 
     </span>
     <span class='ocr_line' id='line_1_17' title="bbox 331 2377 1664 2468; baseline 0.004 -33"><span class='ocrx_word' id='word_1_191' title='bbox 331 2379 527 2458; x_wconf 81' lang='grc' dir='ltr'>ἀνατρέποντες</span> <span class='ocrx_word' id='word_1_192' title='bbox 553 2379 614 2450; x_wconf 86' lang='grc' dir='ltr'>τούς</span> <span class='ocrx_word' id='word_1_193' title='bbox 643 2379 884 2456; x_wconf 73' lang='grc' dir='ltr'>ἐκκλησιαστικοὺς</span> <span class='ocrx_word' id='word_1_194' title='bbox 909 2381 1017 2452; x_wconf 88' lang='grc' dir='ltr'>τούτους</span> <span class='ocrx_word' id='word_1_195' title='bbox 1043 2380 1120 2468; x_wconf 80' lang='grc' dir='ltr'>δρους</span> <span class='ocrx_word' id='word_1_196' title='bbox 1146 2377 1194 2439; x_wconf 86' lang='grc' dir='ltr'>καὶ</span> <span class='ocrx_word' id='word_1_197' title='bbox 1219 2383 1347 2460; x_wconf 89' lang='grc' dir='ltr'>κανόνας,</span> <span class='ocrx_word' id='word_1_198' title='bbox 1375 2381 1537 2460; x_wconf 82' lang='grc' dir='ltr'>βαρυτάτους</span> <span class='ocrx_word' id='word_1_199' title='bbox 1561 2381 1628 2439; x_wconf 84' lang='grc' dir='ltr'>ύπο-</span> <span class='ocrx_word' id='word_1_200' title='bbox 1663 2431 1664 2440; x_wconf 70' lang='grc'>,</span> 
     </span>
     <span class='ocr_line' id='line_1_18' title="bbox 331 2497 1664 2582; baseline 0.002 -24"><span class='ocrx_word' id='word_1_201' title='bbox 331 2501 432 2559; x_wconf 88' lang='grc' dir='ltr'>πέσωσι</span> <span class='ocrx_word' id='word_1_202' title='bbox 454 2503 510 2573; x_wconf 85' lang='grc' dir='ltr'>τοῖς</span> <span class='ocrx_word' id='word_1_203' title='bbox 533 2499 675 2576; x_wconf 88' lang='grc' dir='ltr'>ἐπιτιμίοις</span> <span class='ocrx_word' id='word_1_204' title='bbox 696 2500 743 2560; x_wconf 86' lang='grc' dir='ltr'>καὶ</span> <span class='ocrx_word' id='word_1_205' title='bbox 765 2501 919 2582; x_wconf 86' lang='grc' dir='ltr'>τιμωρίαις.</span> <span class='ocrx_word' id='word_1_206' title='bbox 965 2506 1048 2562; x_wconf 87' lang='grc' dir='ltr'>ταῦτα</span> <span class='ocrx_word' id='word_1_207' title='bbox 1070 2500 1121 2578; x_wconf 88' lang='grc' dir='ltr'>μέν</span> <span class='ocrx_word' id='word_1_208' title='bbox 1144 2499 1189 2562; x_wconf 89' lang='grc' dir='ltr'>ούν</span> <span class='ocrx_word' id='word_1_209' title='bbox 1212 2501 1238 2562; x_wconf 85' lang='grc' dir='ltr'>σί</span> <span class='ocrx_word' id='word_1_210' title='bbox 1259 2503 1326 2562; x_wconf 90' lang='grc' dir='ltr'>θεῖοι</span> <span class='ocrx_word' id='word_1_211' title='bbox 1348 2501 1426 2578; x_wconf 90' lang='grc' dir='ltr'>νόμοι</span> <span class='ocrx_word' id='word_1_212' title='bbox 1445 2497 1629 2582; x_wconf 88' lang='grc' dir='ltr'>ἀποφαίνοντα</span> <span class='ocrx_word' id='word_1_213' title='bbox 1663 2573 1664 2576; x_wconf 63' lang='lat'>,</span> 
     </span>
     <span class='ocr_line' id='line_1_19' title="bbox 330 2618 1664 2704; baseline 0 -24"><span class='ocrx_word' id='word_1_214' title='bbox 330 2618 392 2702; x_wconf 84' lang='grc' dir='ltr'>περὶ</span> <span class='ocrx_word' id='word_1_215' title='bbox 415 2627 468 2680; x_wconf 88' lang='grc' dir='ltr'>τῶν</span> <span class='ocrx_word' id='word_1_216' title='bbox 492 2621 571 2700; x_wconf 82' lang='grc' dir='ltr'>ἱερῶν</span> <span class='ocrx_word' id='word_1_217' title='bbox 594 2621 793 2702; x_wconf 87' lang='grc' dir='ltr'>μοναστηρίων·</span> <span class='ocrx_word' id='word_1_218' title='bbox 817 2623 916 2683; x_wconf 90' lang='grc' dir='ltr'>τούτων</span> <span class='ocrx_word' id='word_1_219' title='bbox 939 2623 971 2684; x_wconf 83' lang='grc' dir='ltr'>δὲ</span> <span class='ocrx_word' id='word_1_220' title='bbox 992 2619 1027 2682; x_wconf 87' lang='grc' dir='ltr'>τά</span> <span class='ocrx_word' id='word_1_221' title='bbox 1049 2621 1100 2699; x_wconf 83' lang='grc' dir='ltr'>μὲν</span> <span class='ocrx_word' id='word_1_222' title='bbox 1121 2625 1177 2694; x_wconf 82' lang='grc' dir='ltr'>τοῖς</span> <span class='ocrx_word' id='word_1_223' title='bbox 1199 2622 1270 2683; x_wconf 82' lang='grc' dir='ltr'>κατὰ</span> <span class='ocrx_word' id='word_1_224' title='bbox 1284 2625 1365 2684; x_wconf 88' lang='grc' dir='ltr'>τόπον</span> <span class='ocrx_word' id='word_1_225' title='bbox 1383 2623 1627 2704; x_wconf 83' lang='grc' dir='ltr'>ἐπιτετραμμένοις</span> <span class='ocrx_word' id='word_1_226' title='bbox 1663 2665 1664 2680; x_wconf 54' lang='grc' dir='ltr'>ι</span> 
     </span>
     <span class='ocr_line' id='line_1_20' title="bbox 332 2742 1625 2826; baseline 0.002 -24"><span class='ocrx_word' id='word_1_227' title='bbox 332 2742 460 2823; x_wconf 87' lang='grc' dir='ltr'>ἐνοριακά</span> <span class='ocrx_word' id='word_1_228' title='bbox 474 2749 524 2820; x_wconf 84' lang='grc' dir='ltr'>τῆς</span> <span class='ocrx_word' id='word_1_229' title='bbox 538 2745 726 2824; x_wconf 83' lang='grc' dir='ltr'>προσηκούσης</span> <span class='ocrx_word' id='word_1_230' title='bbox 741 2746 944 2826; x_wconf 84' lang='grc' dir='ltr'>ἀρχιερατικῆς,</span> <span class='ocrx_word' id='word_1_231' title='bbox 968 2748 1006 2819; x_wconf 90' lang='grc' dir='ltr'>ώς</span> <span class='ocrx_word' id='word_1_232' title='bbox 1022 2745 1103 2826; x_wconf 89' lang='grc' dir='ltr'>εἰκός,</span> <span class='ocrx_word' id='word_1_233' title='bbox 1129 2746 1172 2806; x_wconf 83' lang='grc' dir='ltr'>ἐπ’</span> <span class='ocrx_word' id='word_1_234' title='bbox 1182 2744 1292 2821; x_wconf 77' lang='grc' dir='ltr'>αύξῆσει</span> <span class='ocrx_word' id='word_1_235' title='bbox 1307 2748 1435 2826; x_wconf 78' lang='grc' dir='ltr'>τυγχάνει</span> <span class='ocrx_word' id='word_1_236' title='bbox 1452 2745 1625 2824; x_wconf 86' lang='grc' dir='ltr'>ἐπιμελείας,</span> 
     </span>
     <span class='ocr_line' id='line_1_21' title="bbox 269 2857 1624 2952; baseline 0.003 -29"><span class='ocrx_word' id='word_1_237' title='bbox 269 2891 270 2894; x_wconf 45' lang='grc'><strong>“</strong></span> <span class='ocrx_word' id='word_1_238' title='bbox 307 2857 401 2941; x_wconf 86' lang='grc' dir='ltr'>μόνα</span> <span class='ocrx_word' id='word_1_239' title='bbox 424 2863 456 2925; x_wconf 88' lang='grc' dir='ltr'>δὲ</span> <span class='ocrx_word' id='word_1_240' title='bbox 478 2865 512 2924; x_wconf 86' lang='grc' dir='ltr'>τὰ</span> <span class='ocrx_word' id='word_1_241' title='bbox 533 2872 567 2948; x_wconf 84' lang='grc' dir='ltr'>τῆ</span> <span class='ocrx_word' id='word_1_242' title='bbox 590 2872 811 2951; x_wconf 81' lang='grc' dir='ltr'>σταυρωτηγιακῆ</span> <span class='ocrx_word' id='word_1_243' title='bbox 835 2865 899 2952; x_wconf 82' lang='grc' dir='ltr'>ἀξίφι</span> <span class='ocrx_word' id='word_1_244' title='bbox 920 2869 1097 2948; x_wconf 87' lang='grc' dir='ltr'>τετιμημένα,</span> <span class='ocrx_word' id='word_1_245' title='bbox 1128 2867 1178 2928; x_wconf 85' lang='grc' dir='ltr'>σύκ</span> <span class='ocrx_word' id='word_1_246' title='bbox 1199 2867 1314 2944; x_wconf 86' lang='grc' dir='ltr'>σίδαμεν</span> <span class='ocrx_word' id='word_1_247' title='bbox 1337 2869 1421 2950; x_wconf 87' lang='grc' dir='ltr'>όπως,</span> <span class='ocrx_word' id='word_1_248' title='bbox 1443 2870 1496 2949; x_wconf 83' lang='grc' dir='ltr'>πρό</span> <span class='ocrx_word' id='word_1_249' title='bbox 1517 2871 1624 2950; x_wconf 84' lang='grc' dir='ltr'>χρόνων</span> 
     </span>
     <span class='ocr_line' id='line_1_22' title="bbox 328 2987 1624 3070; baseline 0.001 -22"><span class='ocrx_word' id='word_1_250' title='bbox 328 2987 444 3048; x_wconf 85' lang='grc' dir='ltr'>πολλῶν</span> <span class='ocrx_word' id='word_1_251' title='bbox 470 2989 674 3069; x_wconf 85' lang='grc' dir='ltr'>ταρημέληται.</span> <span class='ocrx_word' id='word_1_252' title='bbox 718 2987 766 3049; x_wconf 88' lang='grc' dir='ltr'>καὶ</span> <span class='ocrx_word' id='word_1_253' title='bbox 793 2988 865 3069; x_wconf 85' lang='grc' dir='ltr'>δέον,</span> <span class='ocrx_word' id='word_1_254' title='bbox 895 2992 934 3062; x_wconf 91' lang='grc' dir='ltr'>ώς</span> <span class='ocrx_word' id='word_1_255' title='bbox 961 2991 1023 3050; x_wconf 84' lang='grc' dir='ltr'>θεοῦ</span> <span class='ocrx_word' id='word_1_256' title='bbox 1053 2989 1212 3070; x_wconf 85' lang='grc' dir='ltr'>ἐφορῶντος,</span> <span class='ocrx_word' id='word_1_257' title='bbox 1244 2989 1401 3051; x_wconf 83' lang='grc' dir='ltr'>διοικεῖσθαι</span> <span class='ocrx_word' id='word_1_258' title='bbox 1427 2990 1496 3052; x_wconf 84' lang='grc' dir='ltr'>αύτά</span> <span class='ocrx_word' id='word_1_259' title='bbox 1522 2989 1571 3052; x_wconf 82' lang='grc' dir='ltr'>καὶ</span> <span class='ocrx_word' id='word_1_260' title='bbox 1594 2990 1624 3049; x_wconf 88' lang='grc' dir='ltr'>ἐκ</span> 
     </span>
     <span class='ocr_line' id='line_1_23' title="bbox 329 3110 1664 3200; baseline -0.001 -30"><span class='ocrx_word' id='word_1_261' title='bbox 329 3111 429 3182; x_wconf 84' lang='grc' dir='ltr'>παντός</span> <span class='ocrx_word' id='word_1_262' title='bbox 459 3110 556 3191; x_wconf 84' lang='grc' dir='ltr'>τρόπου</span> <span class='ocrx_word' id='word_1_263' title='bbox 585 3111 746 3186; x_wconf 86' lang='grc' dir='ltr'>ἐπιμελείας</span> <span class='ocrx_word' id='word_1_264' title='bbox 767 3117 816 3187; x_wconf 86' lang='grc' dir='ltr'>τῆς</span> <span class='ocrx_word' id='word_1_265' title='bbox 838 3110 977 3191; x_wconf 89' lang='grc' dir='ltr'>ἀναλόγου</span> <span class='ocrx_word' id='word_1_266' title='bbox 1000 3110 1145 3190; x_wconf 80' lang='grc' dir='ltr'>ἀξιοῦσθαι,</span> <span class='ocrx_word' id='word_1_267' title='bbox 1177 3111 1251 3183; x_wconf 87' lang='grc' dir='ltr'>δπως</span> <span class='ocrx_word' id='word_1_268' title='bbox 1272 3118 1325 3172; x_wconf 90' lang='grc' dir='ltr'>τῶν</span> <span class='ocrx_word' id='word_1_269' title='bbox 1349 3111 1378 3172; x_wconf 87' lang='grc' dir='ltr'>ἐν</span> <span class='ocrx_word' id='word_1_270' title='bbox 1401 3112 1491 3186; x_wconf 75' lang='grc' dir='ltr'>αὐτοῖς</span> <span class='ocrx_word' id='word_1_271' title='bbox 1513 3113 1622 3191; x_wconf 83' lang='grc' dir='ltr'>ἀγαθῶν</span> <span class='ocrx_word' id='word_1_272' title='bbox 1663 3159 1664 3200; x_wconf 59' lang='lat'>3</span> 
     </span>
     <span class='ocr_line' id='line_1_24' title="bbox 328 3205 1664 3317; baseline -0.001 -25"><span class='ocrx_word' id='word_1_273' title='bbox 328 3232 363 3292; x_wconf 89' lang='grc' dir='ltr'>τά</span> <span class='ocrx_word' id='word_1_274' title='bbox 385 3231 436 3308; x_wconf 89' lang='grc' dir='ltr'>μέν</span> <span class='ocrx_word' id='word_1_275' title='bbox 458 3233 613 3314; x_wconf 90' lang='grc' dir='ltr'>ύπάρχοντα</span> <span class='ocrx_word' id='word_1_276' title='bbox 636 3233 760 3317; x_wconf 83' lang='grc' dir='ltr'>διαμένῃ,</span> <span class='ocrx_word' id='word_1_277' title='bbox 783 3239 952 3316; x_wconf 89' lang='grc' dir='ltr'>περιποιῆται</span> <span class='ocrx_word' id='word_1_278' title='bbox 975 3234 1006 3294; x_wconf 87' lang='grc' dir='ltr'>δὲ</span> <span class='ocrx_word' id='word_1_279' title='bbox 1027 3234 1062 3294; x_wconf 90' lang='grc' dir='ltr'>τά</span> <span class='ocrx_word' id='word_1_280' title='bbox 1076 3235 1317 3314; x_wconf 89' lang='grc' dir='ltr'>προσγενησόμενα</span> <span class='ocrx_word' id='word_1_281' title='bbox 1333 3235 1373 3309; x_wconf 88' lang='grc' dir='ltr'>ἀν,</span> <span class='ocrx_word' id='word_1_282' title='bbox 1396 3239 1450 3294; x_wconf 91' lang='grc' dir='ltr'>τῶν</span> <span class='ocrx_word' id='word_1_283' title='bbox 1467 3235 1499 3295; x_wconf 88' lang='grc' dir='ltr'>δὲ</span> <span class='ocrx_word' id='word_1_284' title='bbox 1514 3235 1621 3315; x_wconf 78' lang='grc' dir='ltr'>φαύλων</span> <span class='ocrx_word' id='word_1_285' title='bbox 1663 3205 1664 3216; x_wconf 31' lang='lat'>3</span> 
     </span>
     <span class='ocr_line' id='line_1_25' title="bbox 328 3351 1664 3434; baseline 0.003 -19"><span class='ocrx_word' id='word_1_286' title='bbox 328 3351 363 3415; x_wconf 88' lang='grc' dir='ltr'>τά</span> <span class='ocrx_word' id='word_1_287' title='bbox 385 3354 435 3430; x_wconf 85' lang='grc' dir='ltr'>μὲν</span> <span class='ocrx_word' id='word_1_288' title='bbox 457 3356 592 3434; x_wconf 88' lang='grc' dir='ltr'>προσόντα</span> <span class='ocrx_word' id='word_1_289' title='bbox 615 3355 857 3434; x_wconf 87' lang='grc' dir='ltr'>ἀποδιοπομπῆται,</span> <span class='ocrx_word' id='word_1_290' title='bbox 881 3357 916 3416; x_wconf 89' lang='grc' dir='ltr'>τά</span> <span class='ocrx_word' id='word_1_291' title='bbox 937 3356 970 3416; x_wconf 79' lang='grc' dir='ltr'>δὲ</span> <span class='ocrx_word' id='word_1_292' title='bbox 992 3356 1186 3432; x_wconf 89' lang='grc' dir='ltr'>συμβησόμενα</span> <span class='ocrx_word' id='word_1_293' title='bbox 1208 3359 1240 3416; x_wconf 86' lang='grc' dir='ltr'>ἀν</span> <span class='ocrx_word' id='word_1_294' title='bbox 1257 3355 1469 3418; x_wconf 77' lang='grc' dir='ltr'>ἀιακωλύωνται.</span> <span class='ocrx_word' id='word_1_295' title='bbox 1501 3359 1621 3432; x_wconf 80' lang='grc' dir='ltr'>τοιαύτην</span> <span class='ocrx_word' id='word_1_296' title='bbox 1663 3405 1664 3412; x_wconf 35' lang='lat'>1</span> 
     </span>
     <span class='ocr_line' id='line_1_26' title="bbox 330 3475 1620 3562; baseline -0.003 -24"><span class='ocrx_word' id='word_1_297' title='bbox 330 3475 375 3538; x_wconf 86' lang='grc' dir='ltr'>σύν</span> <span class='ocrx_word' id='word_1_298' title='bbox 397 3477 469 3536; x_wconf 87' lang='grc' dir='ltr'>κατὰ</span> <span class='ocrx_word' id='word_1_299' title='bbox 492 3480 590 3552; x_wconf 79' lang='grc' dir='ltr'>νόμους</span> <span class='ocrx_word' id='word_1_300' title='bbox 611 3479 660 3554; x_wconf 83' lang='grc' dir='ltr'>τῆν</span> <span class='ocrx_word' id='word_1_301' title='bbox 683 3477 749 3559; x_wconf 85' lang='grc' dir='ltr'>ὑπὲρ</span> <span class='ocrx_word' id='word_1_302' title='bbox 773 3480 859 3538; x_wconf 88' lang='grc' dir='ltr'>αύτῶν</span> <span class='ocrx_word' id='word_1_303' title='bbox 875 3481 1069 3539; x_wconf 84' lang='grc' dir='ltr'>ἁπάντωντῶν</span> <span class='ocrx_word' id='word_1_304' title='bbox 1085 3482 1419 3560; x_wconf 83' lang='grc' dir='ltr'>σταυροπηγιακῶνῆμῶν</span> <span class='ocrx_word' id='word_1_305' title='bbox 1434 3481 1620 3562; x_wconf 85' lang='grc' dir='ltr'>μοναστηρίων</span> 
     </span>
     <span class='ocr_line' id='line_1_27' title="bbox 328 3599 1618 3681; baseline 0.003 -23"><span class='ocrx_word' id='word_1_306' title='bbox 328 3599 449 3659; x_wconf 90' lang='grc' dir='ltr'>καθόλου</span> <span class='ocrx_word' id='word_1_307' title='bbox 475 3599 601 3680; x_wconf 80' lang='grc' dir='ltr'>φροντίδα</span> <span class='ocrx_word' id='word_1_308' title='bbox 629 3601 854 3681; x_wconf 85' lang='grc' dir='ltr'>κατεβάλλομεν,</span> <span class='ocrx_word' id='word_1_309' title='bbox 885 3602 1039 3676; x_wconf 86' lang='grc' dir='ltr'>ἐπιθέμενοι</span> <span class='ocrx_word' id='word_1_310' title='bbox 1068 3601 1139 3662; x_wconf 88' lang='grc' dir='ltr'>κατά</span> <span class='ocrx_word' id='word_1_311' title='bbox 1161 3602 1254 3677; x_wconf 87' lang='grc' dir='ltr'>κοινὴν</span> <span class='ocrx_word' id='word_1_312' title='bbox 1276 3603 1389 3680; x_wconf 85' lang='grc' dir='ltr'>γνώμην</span> <span class='ocrx_word' id='word_1_313' title='bbox 1411 3600 1459 3662; x_wconf 87' lang='grc' dir='ltr'>καὶ</span> <span class='ocrx_word' id='word_1_314' title='bbox 1481 3603 1618 3675; x_wconf 81' lang='grc' dir='ltr'>συνοδιιιην</span> 
     </span>
     <span class='ocr_line' id='line_1_28' title="bbox 330 3719 1618 3804; baseline 0.001 -24"><span class='ocrx_word' id='word_1_315' title='bbox 330 3719 484 3802; x_wconf 87' lang='grc' dir='ltr'>διάγνωσιν,</span> <span class='ocrx_word' id='word_1_316' title='bbox 514 3719 586 3801; x_wconf 84' lang='grc' dir='ltr'>ίερδν</span> <span class='ocrx_word' id='word_1_317' title='bbox 612 3724 696 3797; x_wconf 90' lang='grc' dir='ltr'>τόμον</span> <span class='ocrx_word' id='word_1_318' title='bbox 722 3723 937 3800; x_wconf 72' lang='grc' dir='ltr'>ἀποφαινόμενον</span> <span class='ocrx_word' id='word_1_319' title='bbox 965 3723 1071 3804; x_wconf 84' lang='grc' dir='ltr'>συνῳδὰ</span> <span class='ocrx_word' id='word_1_320' title='bbox 1097 3726 1153 3795; x_wconf 88' lang='grc' dir='ltr'>τοῖς</span> <span class='ocrx_word' id='word_1_321' title='bbox 1180 3723 1262 3804; x_wconf 82' lang='grc' dir='ltr'>ἱεροῖς</span> <span class='ocrx_word' id='word_1_322' title='bbox 1289 3725 1384 3802; x_wconf 89' lang='grc' dir='ltr'>νόμοις</span> <span class='ocrx_word' id='word_1_323' title='bbox 1410 3723 1457 3784; x_wconf 88' lang='grc' dir='ltr'>καὶ</span> <span class='ocrx_word' id='word_1_324' title='bbox 1484 3729 1543 3800; x_wconf 87' lang='grc' dir='ltr'>τοῖς</span> <span class='ocrx_word' id='word_1_325' title='bbox 1569 3719 1618 3783; x_wconf 84' lang='grc' dir='ltr'>ώδε</span> 
     </span>
     <span class='ocr_line' id='line_1_29' title="bbox 328 3842 1616 3927; baseline 0.005 -23"><span class='ocrx_word' id='word_1_326' title='bbox 328 3845 519 3925; x_wconf 85' lang='grc' dir='ltr'>γραφομένοις,</span> <span class='ocrx_word' id='word_1_327' title='bbox 542 3843 603 3925; x_wconf 89' lang='grc' dir='ltr'>περὶ</span> <span class='ocrx_word' id='word_1_328' title='bbox 625 3849 675 3921; x_wconf 86' lang='grc' dir='ltr'>τῆς</span> <span class='ocrx_word' id='word_1_329' title='bbox 698 3842 765 3923; x_wconf 81' lang='grc' dir='ltr'>ἑξῆς</span> <span class='ocrx_word' id='word_1_330' title='bbox 788 3845 898 3926; x_wconf 86' lang='grc' dir='ltr'>ἀρίστης</span> <span class='ocrx_word' id='word_1_331' title='bbox 920 3846 1081 3922; x_wconf 81' lang='grc' dir='ltr'>διοικήσεως</span> <span class='ocrx_word' id='word_1_332' title='bbox 1104 3847 1217 3907; x_wconf 86' lang='grc' dir='ltr'>ἑκάστου</span> <span class='ocrx_word' id='word_1_333' title='bbox 1233 3852 1468 3927; x_wconf 83' lang='grc' dir='ltr'>σταυροπηγιακσῦ</span> <span class='ocrx_word' id='word_1_334' title='bbox 1484 3869 1616 3925; x_wconf 85' lang='grc' dir='ltr'>μονασση-</span> 
     </span>
     <span class='ocr_line' id='line_1_30' title="bbox 330 3963 1615 4048; baseline 0.005 -24"><span class='ocrx_word' id='word_1_335' title='bbox 330 3965 386 4047; x_wconf 91' lang='grc' dir='ltr'>ρίου</span> <span class='ocrx_word' id='word_1_336' title='bbox 413 3963 460 4026; x_wconf 88' lang='grc' dir='ltr'>καὶ</span> <span class='ocrx_word' id='word_1_337' title='bbox 484 3965 610 4042; x_wconf 90' lang='grc' dir='ltr'>εύνσμίας</span> <span class='ocrx_word' id='word_1_338' title='bbox 631 3971 684 4027; x_wconf 91' lang='grc' dir='ltr'>τῶν</span> <span class='ocrx_word' id='word_1_339' title='bbox 708 3966 885 4044; x_wconf 85' lang='grc' dir='ltr'>ἀσκουμένων</span> <span class='ocrx_word' id='word_1_340' title='bbox 908 3967 1060 4029; x_wconf 90' lang='grc' dir='ltr'>όσιωτάτων</span> <span class='ocrx_word' id='word_1_341' title='bbox 1083 3969 1206 4048; x_wconf 88' lang='grc' dir='ltr'>πατέρων</span> <span class='ocrx_word' id='word_1_342' title='bbox 1228 3967 1274 4028; x_wconf 85' lang='grc' dir='ltr'>καὶ</span> <span class='ocrx_word' id='word_1_343' title='bbox 1296 3975 1346 4045; x_wconf 85' lang='grc' dir='ltr'>τῆς</span> <span class='ocrx_word' id='word_1_344' title='bbox 1369 3967 1485 4045; x_wconf 82' lang='grc' dir='ltr'>δυνατῆς</span> <span class='ocrx_word' id='word_1_345' title='bbox 1508 3971 1615 4043; x_wconf 78' lang='grc' dir='ltr'>ἀντιλή-</span> 
     </span>
     <span class='ocr_line' id='line_1_31' title="bbox 330 4085 1616 4172; baseline 0.005 -26"><span class='ocrx_word' id='word_1_346' title='bbox 330 4091 403 4164; x_wconf 83' lang='grc' dir='ltr'>ψεως</span> <span class='ocrx_word' id='word_1_347' title='bbox 433 4085 480 4146; x_wconf 87' lang='grc' dir='ltr'>καὶ</span> <span class='ocrx_word' id='word_1_348' title='bbox 506 4087 608 4163; x_wconf 86' lang='grc' dir='ltr'>ἀμέσου</span> <span class='ocrx_word' id='word_1_349' title='bbox 634 4089 797 4168; x_wconf 91' lang='grc' dir='ltr'>προστασίας</span> <span class='ocrx_word' id='word_1_350' title='bbox 824 4090 911 4150; x_wconf 78' lang='grc' dir='ltr'>αύτῶν</span> <span class='ocrx_word' id='word_1_351' title='bbox 937 4090 1012 4170; x_wconf 81' lang='grc' dir='ltr'>παρὰ</span> <span class='ocrx_word' id='word_1_352' title='bbox 1038 4095 1088 4167; x_wconf 81' lang='grc' dir='ltr'>τῆς</span> <span class='ocrx_word' id='word_1_353' title='bbox 1114 4091 1175 4150; x_wconf 86' lang='grc' dir='ltr'>καθ’</span> <span class='ocrx_word' id='word_1_354' title='bbox 1186 4092 1262 4166; x_wconf 82' lang='grc' dir='ltr'>ἡμᾶς</span> <span class='ocrx_word' id='word_1_355' title='bbox 1288 4093 1333 4150; x_wconf 88' lang='grc' dir='ltr'>τοῦ</span> <span class='ocrx_word' id='word_1_356' title='bbox 1356 4091 1472 4170; x_wconf 86' lang='grc' dir='ltr'>Χριστοῦ</span> <span class='ocrx_word' id='word_1_357' title='bbox 1495 4093 1616 4172; x_wconf 82' lang='grc' dir='ltr'>μεγάλης</span> 
     </span>
     <span class='ocr_line' id='line_1_32' title="bbox 329 4207 1615 4293; baseline 0.002 -27"><span class='ocrx_word' id='word_1_358' title='bbox 329 4207 490 4289; x_wconf 87' lang='grc' dir='ltr'>ἐκκλησίας,</span> <span class='ocrx_word' id='word_1_359' title='bbox 521 4209 696 4282; x_wconf 89' lang='grc' dir='ltr'>ἀνανεοῦντες</span> <span class='ocrx_word' id='word_1_360' title='bbox 726 4211 760 4270; x_wconf 87' lang='grc' dir='ltr'>τά</span> <span class='ocrx_word' id='word_1_361' title='bbox 787 4213 943 4291; x_wconf 88' lang='grc' dir='ltr'>παλαιγενῆ</span> <span class='ocrx_word' id='word_1_362' title='bbox 965 4213 1146 4292; x_wconf 85' lang='grc' dir='ltr'>πατριαρχικά</span> <span class='ocrx_word' id='word_1_363' title='bbox 1167 4209 1214 4272; x_wconf 83' lang='grc' dir='ltr'>καὶ</span> <span class='ocrx_word' id='word_1_364' title='bbox 1237 4212 1364 4274; x_wconf 87' lang='grc' dir='ltr'>συνοδικὰ</span> <span class='ocrx_word' id='word_1_365' title='bbox 1386 4213 1474 4272; x_wconf 89' lang='grc' dir='ltr'>αύτῶν</span> <span class='ocrx_word' id='word_1_366' title='bbox 1497 4213 1615 4293; x_wconf 83' lang='grc' dir='ltr'>σιγιλλισ</span> 
     </span>
     <span class='ocr_line' id='line_1_33' title="bbox 328 4307 1612 4416; baseline 0.001 -26"><span class='ocrx_word' id='word_1_367' title='bbox 328 4331 444 4412; x_wconf 86' lang='grc' dir='ltr'>δωρεάν,</span> <span class='ocrx_word' id='word_1_368' title='bbox 474 4330 520 4392; x_wconf 83' lang='grc' dir='ltr'>καί</span> <span class='ocrx_word' id='word_1_369' title='bbox 550 4332 738 4414; x_wconf 86' lang='grc' dir='ltr'>ἐπικυρσῦυτες</span> <span class='ocrx_word' id='word_1_370' title='bbox 768 4332 840 4408; x_wconf 78' lang='grc' dir='ltr'>ἅπαξ</span> <span class='ocrx_word' id='word_1_371' title='bbox 870 4334 904 4394; x_wconf 85' lang='grc' dir='ltr'>τὰ</span> <span class='ocrx_word' id='word_1_372' title='bbox 932 4337 1154 4415; x_wconf 86' lang='grc' dir='ltr'>σταυροττηγιακά</span> <span class='ocrx_word' id='word_1_373' title='bbox 1177 4335 1263 4395; x_wconf 87' lang='grc' dir='ltr'>αύτῶν</span> <span class='ocrx_word' id='word_1_374' title='bbox 1285 4307 1418 4416; x_wconf 88' lang='grc' dir='ltr'>προνόμια</span> <span class='ocrx_word' id='word_1_375' title='bbox 1445 4333 1486 4407; x_wconf 85' lang='grc' dir='ltr'>εἰς</span> <span class='ocrx_word' id='word_1_376' title='bbox 1510 4335 1612 4414; x_wconf 84' lang='grc' dir='ltr'>διηνεκῆ</span> 
     </span>
     <span class='ocr_line' id='line_1_34' title="bbox 328 4452 1612 4540; baseline 0.004 -29"><span class='ocrx_word' id='word_1_377' title='bbox 328 4455 484 4532; x_wconf 85' lang='grc' dir='ltr'>συντῆρησιν</span> <span class='ocrx_word' id='word_1_378' title='bbox 507 4453 593 4516; x_wconf 79' lang='grc' dir='ltr'>αὐτῶν</span> <span class='ocrx_word' id='word_1_379' title='bbox 616 4455 663 4516; x_wconf 90' lang='grc' dir='ltr'>καὶ</span> <span class='ocrx_word' id='word_1_380' title='bbox 686 4456 847 4538; x_wconf 83' lang='grc' dir='ltr'>ἀσφάλειαν,</span> <span class='ocrx_word' id='word_1_381' title='bbox 871 4459 909 4533; x_wconf 84' lang='grc' dir='ltr'>μὴ</span> <span class='ocrx_word' id='word_1_382' title='bbox 933 4457 1051 4533; x_wconf 88' lang='grc' dir='ltr'>δεόμενα</span> <span class='ocrx_word' id='word_1_383' title='bbox 1072 4457 1139 4518; x_wconf 90' lang='grc' dir='ltr'>ποτὲ</span> <span class='ocrx_word' id='word_1_384' title='bbox 1162 4452 1339 4528; x_wconf 80' lang='grc' dir='ltr'>ἀνανεώσεως</span> <span class='ocrx_word' id='word_1_385' title='bbox 1359 4456 1406 4518; x_wconf 83' lang='grc' dir='ltr'>καὶ</span> <span class='ocrx_word' id='word_1_386' title='bbox 1423 4455 1612 4540; x_wconf 80' lang='grc' dir='ltr'>ἐπικυρώσεως,</span> 
     </span>
     <span class='ocr_line' id='line_1_35' title="bbox 328 4573 1611 4662; baseline 0.003 -26"><span class='ocrx_word' id='word_1_387' title='bbox 328 4577 367 4648; x_wconf 91' lang='grc' dir='ltr'>ώς</span> <span class='ocrx_word' id='word_1_388' title='bbox 393 4573 440 4636; x_wconf 85' lang='grc' dir='ltr'>καί</span> <span class='ocrx_word' id='word_1_389' title='bbox 465 4575 527 4658; x_wconf 80' lang='grc' dir='ltr'>περὶ</span> <span class='ocrx_word' id='word_1_390' title='bbox 553 4581 598 4638; x_wconf 90' lang='grc' dir='ltr'>τοῦ</span> <span class='ocrx_word' id='word_1_391' title='bbox 626 4578 655 4638; x_wconf 88' lang='grc' dir='ltr'>ἐν</span> <span class='ocrx_word' id='word_1_392' title='bbox 682 4585 715 4661; x_wconf 86' lang='grc' dir='ltr'>τῆ</span> <span class='ocrx_word' id='word_1_393' title='bbox 742 4578 813 4638; x_wconf 83' lang='grc' dir='ltr'>κατὰ</span> <span class='ocrx_word' id='word_1_394' title='bbox 839 4579 887 4655; x_wconf 85' lang='grc' dir='ltr'>τῆν</span> <span class='ocrx_word' id='word_1_395' title='bbox 911 4579 1121 4656; x_wconf 84' lang='grc' dir='ltr'>Πελοπόννησον</span> <span class='ocrx_word' id='word_1_396' title='bbox 1150 4579 1283 4662; x_wconf 82' lang='grc' dir='ltr'>ἐπισκοπῇ</span> <span class='ocrx_word' id='word_1_397' title='bbox 1306 4579 1455 4662; x_wconf 77' lang='grc' dir='ltr'>ίίερνίτζης</span> <span class='ocrx_word' id='word_1_398' title='bbox 1483 4579 1555 4662; x_wconf 88' lang='grc' dir='ltr'>ἱεροῦ</span> <span class='ocrx_word' id='word_1_399' title='bbox 1575 4576 1611 4640; x_wconf 81' lang='grc' dir='ltr'>καὶ</span> 
     </span>
    </p>
   </div>
   <div class='ocr_carea' id='block_1_6' title="bbox 329 4697 1610 4781">
    <p class='ocr_par' dir='ltr' id='par_1_6' title="bbox 329 4697 1610 4781">
     <span class='ocr_line' id='line_1_36' title="bbox 329 4697 1610 4781; baseline -0.001 -24"><span class='ocrx_word' id='word_1_400' title='bbox 329 4697 477 4774; x_wconf 86' lang='grc' dir='ltr'>σεβασμίου</span> <span class='ocrx_word' id='word_1_401' title='bbox 508 4699 687 4780; x_wconf 88' lang='grc' dir='ltr'>μσνασιηρίου</span> <span class='ocrx_word' id='word_1_402' title='bbox 713 4705 762 4775; x_wconf 85' lang='grc' dir='ltr'>τῆς</span> <span class='ocrx_word' id='word_1_403' title='bbox 789 4698 938 4780; x_wconf 88' lang='grc' dir='ltr'>ύπεραγίας</span> <span class='ocrx_word' id='word_1_404' title='bbox 967 4701 1109 4778; x_wconf 84' lang='grc' dir='ltr'>δεσποίνης</span> <span class='ocrx_word' id='word_1_405' title='bbox 1132 4703 1210 4777; x_wconf 88' lang='grc' dir='ltr'>ῆμῶν</span> <span class='ocrx_word' id='word_1_406' title='bbox 1234 4703 1372 4781; x_wconf 88' lang='grc' dir='ltr'>θεστόκου,</span> <span class='ocrx_word' id='word_1_407' title='bbox 1403 4701 1610 4780; x_wconf 77' lang='grc' dir='ltr'>ἐπικεκλημένοι</span> 
     </span>
    </p>
   </div>
   <div class='ocr_carea' id='block_1_7' title="bbox 0 0 1748 5282">
    <p class='ocr_par' dir='ltr' id='par_1_7' title="bbox 0 0 1748 5282">
     <span class='ocr_line' id='line_1_37' title="bbox 0 0 1748 5282; baseline 0 2"><span class='ocrx_word' id='word_1_408' title='bbox 0 0 1748 5282; x_wconf 95' lang='lat' dir='ltr'> </span> 
     </span>
    </p>
   </div>
  </div>
 </body>
</html>
