3194 5298
1305 349 1364 413 151

56 563 82 598 τε
105 540 156 599 καί
181 542 333 622 ἀκινήτων,
356 549 408 602 τῶν
430 565 460 603 τε
483 543 536 618 ἤδη
560 543 643 602 όντων
666 541 786 602 καὶτῶν
812 542 850 614 εἰς
874 545 967 602 ἔπειτα
981 545 1243 622 προσγενησομένων
1261 545 1303 624 ἀν,
1327 547 1366 616 ὡς

56 663 197 722 ἀνέκαθεν
223 662 272 724 καὶ
295 663 326 736 ἐξ
354 665 454 744 ἀρχῆς,
486 667 554 724 οὑτω
577 663 623 726 καὶ
647 663 686 736 εἰς
709 667 754 723 τόν
778 662 842 740 έξής
866 667 971 724 ἅπαντα
993 667 1091 744 χρόνον
1114 665 1223 748 ὑπάρχῃ
1245 663 1292 725 καὶ
1314 667 1367 727 λέ-

55 806 138 862 γηται
162 785 217 845 καὶ
243 787 316 866 παρά
330 791 437 846 πάντων
452 789 636 864 γιγνώσκηται
652 787 786 866 ἡμέτερον
801 788 997 866 πατριαρχυίον
1013 789 1258 866 σταυροπηγιακόν,
1281 785 1367 848 ἀδσὺ-

54 909 158 986 λωτον,
193 909 407 982 ἀκαταπάτητον
431 907 476 968 καὶ
500 909 574 980 ἀλως
597 909 783 986 ἀνενόχλητον
804 910 869 989 παρ’
882 909 1030 968 οὑτινοσοῦν
1053 909 1197 988 προσώπου
1219 908 1367 988 ἱερωμένου

54 1033 71 1102 ἡ
95 1029 217 1109 λαϊκοῦ,
250 1033 488 1106 μνημονευομένου
521 1031 549 1090 ἐν
580 1031 652 1110 αῦτῲ
680 1035 726 1090 τοῦ
749 1035 891 1090 κανονικοὺ
913 1034 1109 1110 πατριαρχικοῦ
1132 1031 1275 1110 ὀνόματος,
1306 1031 1368 1110 ἔχοι

8 1161 11 1166 “
55 1155 100 1210 καί
125 1155 159 1211 τό
184 1155 336 1233 προνόμιον
358 1152 428 1212 κατά
450 1153 650 1233 πατριαρχικὴν
673 1151 837 1232 ριλοτιμίαν,
860 1155 931 1212 ώστε
953 1154 998 1212 τὀν
1021 1151 1093 1212 κατά
1114 1153 1225 1231 καιροὺς
1248 1151 1277 1210 ἐν
1293 1149 1366 1230 αὑτῷ

55 1274 221 1350 ἡγούμενον
245 1275 274 1334 ἐν
295 1278 355 1346 ταῖς
378 1275 547 1354 έορτασίμοις
568 1276 684 1354 ήμέραις
707 1278 796 1353 φορεῖν
821 1275 863 1334 ἐπ’
877 1274 1028 1351 ἐκκλησίας
1051 1274 1171 1350 μανδὺαν
1193 1276 1366 1356 προχειριζό-

57 1416 142 1470 μενον
176 1397 229 1456 καὶ
250 1398 420 1476 πατερίτζαν.
448 1396 495 1456 καὶ
521 1403 627 1475 πρῶτον
656 1397 707 1471 μέν
731 1397 842 1478 ὑπάρχῃ
865 1396 1083 1476 ἀπηλλαγμένον
1106 1399 1195 1474 πάσης
1218 1393 1368 1476 ἑξαρχικῆς

58 1516 190 1591 ἐξουσίας
214 1518 261 1578 καὶ
285 1517 460 1592 δεσποτείας·
485 1519 608 1600 δεύτερον
632 1518 663 1578 δέ
686 1520 764 1598 λόγῳ
787 1519 927 1596 ὑποταγῆς
950 1518 1071 1597 ἀποδιδῷ
1094 1520 1156 1579 καθ’
1170 1522 1284 1580 ἕκαστον
1308 1519 1368 1591 έτυς

57 1641 261 1721 ἀπαραιτήτως
282 1642 379 1720 γρόσια
400 1641 540 1720 τριακόσια
563 1639 603 1712 είς
625 1641 655 1700 τό
677 1641 767 1700 κοινόν
790 1646 839 1716 τῆς
861 1642 923 1700 καθ’
935 1643 1010 1718 ἡμᾶς
1032 1645 1078 1704 τοῦ
1101 1643 1215 1722 Χριστοῦ
1238 1641 1368 1719 μεγάλης

57 1762 222 1840 ἐκκλησίας
242 1760 291 1822 καὶ
313 1761 446 1845 λαμβάνῃ
470 1758 660 1840 ἐξωρλητικὴν
683 1759 820 1834 ἀπόδειξιν
845 1761 923 1821 αὐτοῦ
946 1762 1017 1822 κατὰ
1031 1765 1062 1823 τό
1077 1765 1142 1842 θφος
1158 1770 1210 1822 τών
1227 1763 1366 1844 ἐπαρχιῶν

58 1882 106 1942 καὶ
132 1885 226 1957 οὑτως
249 1885 391 1959 ἀναλαβδν
414 1885 443 1944 τό
468 1884 581 1964 ἀρχαῖον
605 1886 723 1964 γεραρόν
745 1890 793 1958 τῆς
813 1891 1051 1964 σταυροπηγισκής
1067 1885 1145 1958 ἀξίας
1160 1887 1305 1965 προνόμιον
1321 1883 1367 1944 καὶ

60 2006 161 2078 καλῶς
198 2007 381 2082 διοικούμενον
412 2005 458 2068 καὶ
488 2007 576 2082 μέλος
603 2007 713 2085 γνήσιον
740 2011 787 2064 τοῦ
808 2007 870 2065 καθ’
883 2008 958 2081 ἡμᾶς
981 2007 1131 2085 α’γιωτοίτου
1160 2009 1367 2088 πατριαρχικοῦ,

60 2129 252 2190 ἀποστολικσῦ
274 2128 320 2188 καὶ
344 2128 530 2204 οίκουμενικοῦ
553 2131 648 2209 θρόνου
671 2129 685 2186 ό
710 2128 737 2186 ἐν
763 2129 833 2206 αὑτῷ
856 2128 928 2187 κατὰ
951 2130 1061 2208 καιροὺς
1083 2131 1248 2210 ήγοῦμενος,
1275 2133 1367 2211 ώσπερ

62 2251 85 2308 οἱ
117 2249 273 2333 ἀρχιερεῖς,
308 2253 376 2312 οὑτω
406 2250 453 2310 καὶ
482 2251 562 2322 αὑτός
591 2253 683 2330 γράφῃ
714 2249 826 2326 ἀμέσως
852 2253 920 2330 πρός
942 2252 990 2326 τήν
1013 2251 1075 2310 καθ’
1087 2253 1162 2328 ἡμᾶς
1184 2255 1230 2312 τοῦ
1253 2253 1367 2333 Χριστοῦ

64 2374 200 2450 μεγάλην
223 2374 374 2449 ἐκκλησίαν
396 2371 444 2434 καὶ
468 2369 577 2446 ἀξιώται
605 2380 653 2448 τῆς
675 2374 864 2451 προοηκσῦοης
886 2373 1092 2453 ὑπερασπίσεως
1116 2374 1144 2434 ἐν
1166 2377 1227 2444 ταῖς
1248 2374 1367 2449 συμβαι-

63 2497 176 2569 νσὺσαις
199 2497 305 2576 χρείαις
328 2495 374 2556 καὶ
396 2497 549 2556 ὑποθέσεσι·
574 2495 661 2575 τρίτον
683 2495 912 2574 διαρυλάττωνται
928 2469 1181 2576 καταγεγραμμένα
1198 2497 1227 2556 ἐν
1242 2495 1281 2574 τῷ
1298 2496 1367 2556 διω-

66 2622 191 2698 ρισμένῳ
213 2616 310 2680 κώδικι
333 2625 383 2694 τῆς
406 2619 557 2695 ἐκκλησίας
581 2621 686 2678 ἅπαντα
708 2618 742 2676 τά
765 2623 891 2694 κτήματα
912 2616 960 2679 καί
982 2619 1157 2700 ἀριερώματα
1179 2605 1257 2680 αὑτοῦ
1272 2617 1319 2678 καὶ
1334 2617 1368 2678 τὰ

65 2744 137 2818 χρέη-
169 2741 218 2802 καὶ
246 2744 277 2802 τό
299 2747 346 2803 τοῦ
368 2743 521 2820 ἡγουμένου
545 2741 648 2818 ὄνομα·
687 2745 812 2822 τέταρτον
836 2741 867 2802 δέ
888 2743 919 2801 τό
941 2741 1076 2819 σιγιλλιον
1099 2742 1177 2800 αὑτοῦ
1200 2741 1254 2824 έχῃ
1277 2743 1367 2816 μένειν

68 2863 276 2945 ἀπαράτρεπτον
306 2862 352 2924 καί
376 2865 562 2944 ἀπαράβατον,
594 2867 632 2940 μὴ
657 2865 788 2939 δεόμενόν
811 2885 877 2925 ποτε
909 2865 1086 2936 ἀνανεώσεως
1108 2863 1154 2924 καὶ
1178 2863 1368 2943 ἐπικυρώσεως

70 2986 314 3062 ἐκκλησιαστικής·
338 2989 461 3061 πέμπτον
485 2985 582 3062 μηδεὶς
601 2991 647 3046 τοῦ
662 2987 759 3046 λοιποῦ
773 2989 885 3065 γένηται
902 2989 930 3046 ἐν
947 2985 1018 3064 αὑτῷ
1033 2988 1186 3064 ήγοὺμενος
1198 2985 1261 3044 ἀνευ
1272 2988 1366 3064 γράμ-

69 3129 156 3182 ματος
182 3113 378 3190 πατριαρχικοὺ
405 3107 451 3168 καὶ
480 3107 629 3186 συνοδικσῦ,
660 3109 728 3168 ἀλλ’
741 3109 852 3168 ἐπειδὰν
881 3109 997 3168 ἕλωνται
1021 3109 1099 3167 αὑτόν
1122 3111 1219 3188 γνώμῃ
1241 3111 1319 3189 κοινῇ
1343 3107 1368 3166 οἱ

70 3231 291 3308 συγκοινσβιάται
312 3233 438 3310 πατέρες,
468 3234 530 3290 τότε
553 3231 736 3306 ἀπσοτέληται
758 3231 822 3310 παρ’
836 3231 922 3290 αὑτῶν
944 3231 1022 3305 κοινὴ
1046 3231 1228 3310 ἐνυτόγραρος
1249 3225 1297 3288 καὶ
1306 3249 1372 3327 ἐν·

71 3357 231 3434 σρράγιστος
255 3353 376 3434 ἀναρορά
398 3352 459 3432 περὶ
481 3359 530 3428 τῆς
551 3355 675 3428 τοιαὺτης
692 3354 814 3432 ἐκλογῆς
829 3355 897 3434 πρδς
912 3354 957 3412 τδν
972 3352 1044 3412 κατὰ
1058 3353 1167 3432 καιροὺς
1183 3350 1367 3428 οἰκουμενικδν

70 3479 241 3556 πατριάρχην
271 3475 317 3536 καί
347 3476 416 3536 οὑτω
447 3473 481 3535 δι’
495 3475 722 3550 ἐκκλησιαστικοῦ
749 3479 914 3556 γράμματος
940 3475 1156 3536 ἀποκαθιστῶπαι
1179 3476 1194 3533 ό
1216 3475 1368 3554 ήγοῦμενος

72 3603 114 3656 τοῦ
137 3598 317 3678 μονοστηρίου
340 3599 441 3678 τοῦτου,
464 3601 661 3674 σημειουμένου
683 3598 729 3658 καὶ
752 3603 798 3658 τοῦ
821 3599 956 3673 όνόματος
978 3600 1057 3658 αὑτοῦ
1081 3598 1109 3658 ἐν
1130 3596 1170 3678 τῷ
1186 3597 1293 3678 βηθέντι
1307 3599 1367 3656 κώ-

73 3720 133 3801 δικι,
158 3722 275 3800 όρειλων
298 3722 359 3780 κατ’
372 3722 433 3792 έτος
457 3716 669 3792 ἐξαποστέλλειν
694 3720 792 3800 ἀκριβῆ
810 3720 994 3800 ἐνυπόγραρον
1010 3718 1057 3780 καὶ
1073 3719 1263 3799 ἐνσρράγιστον
1278 3739 1367 3778 κατα-

73 3847 176 3924 γραφὴν
199 3849 253 3902 τών
275 3847 322 3902 τοῦ
345 3844 421 3912 ἔτους
441 3842 544 3902 ἐκείνου
561 3848 783 3922 μοναοτηριακών
800 3841 911 3902 εἰσόδων
927 3841 972 3902 καί
988 3839 1104 3914 ἐξόδων·
1130 3843 1208 3901 έκτον
1222 3842 1240 3916 ή
1256 3837 1369 3919 σφραγὶς

73 3972 115 4026 τοῦ
137 3965 318 4046 μοναστηρίου
345 3965 465 4047 διαιρεθῇ
495 3963 533 4035 εἰς
555 3968 685 4040 τμήματα
707 3967 826 4043 τέσσαρα
849 3963 895 4024 καὶ
917 3967 935 4041 ή
959 3965 1010 4038 μὲν
1033 3963 1109 4039 λαβὴ
1132 3963 1367 4043 παρακατατεθει-

75 4091 138 4165 μένη
170 4090 280 4171 ὑπάρχῃ
309 4088 348 4165 τῷ
377 4089 530 4166 ἡγουμένῳ,
565 4087 599 4145 τά
627 4087 658 4146 δὲ
687 4089 806 4166 τέσσαρα
835 4089 965 4161 τμήματα
988 4088 1112 4164 τέσσαρσι
1136 4083 1368 4165 συγκοινσβιάτοιις

74 4217 210 4292 πατράσιν,
234 4213 431 4290 ἐκλεγομένας
446 4215 543 4280 κοινῶς
558 4211 633 4290 παρά
647 4213 753 4269 πάντων
769 4216 822 4268 τῶν
839 4209 1066 4286 συγκοινοβιατῶν
1081 4209 1220 4288 πατέρων·
1250 4205 1367 4281 ἕβδομον

76 4335 97 4392 οί
126 4337 351 4414 ἐπιτετραμμένοι
377 4335 410 4392 τά
437 4335 555 4413 τέσσαρα
582 4337 712 4408 τμήματα
739 4331 785 4392 καί
813 4333 862 4406 τὴν
890 4333 980 4407 λαβὴν
1004 4333 1042 4406 μὴ
1068 4333 1166 4409 ἔχωσιν
1190 4331 1282 4390 ἄδειαν
1305 4331 1367 4390 καθ’

76 4459 182 4530 έαυτοθς
209 4457 362 4538 σρραγίζειν
386 4457 605 4538 μοναοτηριακάς
627 4456 797 4536 χρεωστικάς
820 4455 981 4534 ὁμολογίας,
1012 4454 1078 4514 ἀλλ’
1091 4452 1136 4512 ἐπὶ
1157 4451 1290 4534 παρουσίᾳ
1315 4457 1368 4510 τών

76 4583 283 4662 προκριτοτέρων
308 4580 414 4650 ἐντοῖς
437 4579 668 4657 συγκοινοβιάτοιις
689 4579 920 4658 ὑπογραφομένων
943 4577 1078 4637 κάκείνων
1102 4575 1180 4647 ἰδίαις
1203 4575 1306 4655 χερσίν,
1342 4575 1369 4634 αί

77 4701 102 4762 δὲ
126 4706 164 4780 μὴ
188 4704 259 4763 κατὰ
280 4705 325 4762 τὀν
349 4702 491 4781 εἰρημένον
510 4705 607 4782 τρόπον
627 4703 819 4780 γεγραμμέναι
838 4701 884 4760 καί
901 4703 1111 4781 ἐσφραγισμένοι
1126 4695 1274 4776 ὁμολογίαι
1289 4695 1367 4772 νομί-
