3486 5282
387 301 448 364 196

385 495 438 556 ἀπό
460 497 509 573 τήν
532 496 634 556 ἅλωσιν
657 501 706 570 τῆς
729 494 940 570 Πελοποννήσου
966 493 1012 556 καὶ
1041 491 1138 575 ἐφεξῆς
1160 493 1194 554 τὰ
1217 495 1329 574 δέκατα,
1356 493 1387 554 τδ
1413 493 1557 576 χαράτζιον
1576 491 1619 553 καὶ
1645 493 1672 552 οἱ

384 617 475 678 λοιποί
504 619 579 699 ρόροι
608 623 662 678 τῶν
689 620 753 698 παρ’
765 619 844 694 ἡμῶν
875 617 1136 698 καλλιεργουμένων
1166 619 1266 690 τόπων,
1297 617 1392 687 οἵτινες
1421 618 1524 676 κεῖνται
1554 616 1580 675 ἐν
1608 619 1672 684 ταῖς

385 740 529 819 ἐπαρχίαις
550 745 604 800 τῶν
628 739 827 820 Καλαβρῦτων,
850 745 900 814 τής
922 739 1076 818 Βοστίτζας,
1106 746 1159 799 τῶν
1183 739 1315 800 Παλαιιῦν
1340 739 1454 820 Πατρῶν
1477 737 1523 797 καί
1547 743 1591 812 τῆς
1610 737 1672 796 Γα-

383 863 503 942 στούνης,
528 862 703 938 ἀπεκόπησαν
725 860 988 942 προσδιωρισμένως,
1011 849 1057 920 καὶ
1079 861 1151 921 κατὰ
1172 857 1303 923 τδ1053
1323 860 1673 940 έτσςόπροοδιωριομένσς

383 983 429 1044 διὰ
458 985 507 1059 τὴν
536 985 713 1064 καταγραφὴν
739 988 785 1044 τοῦ
813 985 939 1064 Μωρέως
968 985 1056 1062 χατζῆ
1082 982 1185 1061 Ἀχμέτ
1211 985 1384 1064 κατέγραψεν
1414 981 1454 1055 είς
1484 982 1518 1042 τὰ
1546 981 1674 1056 βασιλοιὰ

382 1109 534 1184 κατάστιχα
555 1108 627 1185 τρεῖς
650 1105 777 1184 χιλιάδες
799 1105 888 1164 λεπτὰ
912 1104 1024 1185 (άσπρα)
1048 1103 1094 1164 διὰ
1115 1104 1362 1186 προσδιωρισμένα
1385 1104 1491 1180 ἐτήσιον
1514 1105 1592 1186 φόρον
1606 1124 1672 1178 μσς.

383 1225 450 1288 ἀλλ’
465 1226 560 1302 ἐπειδὴ
583 1231 616 1287 τὰ
639 1227 692 1286 ἀνά
713 1229 810 1307 χεῖράς
833 1247 887 1303 μσς
915 1225 1028 1287 δοθέντα
1056 1225 1187 1300 βασιλικὰ
1209 1225 1361 1286 ἐνδεικτικὰ
1387 1225 1434 1286 καί
1457 1226 1605 1308 ἀντίγραφα
1623 1231 1673 1287 τοῦ

383 1349 525 1424 βασιλικοῦ
547 1349 709 1427 καταοτίχου
735 1347 908 1425 κατεκάησαν
932 1346 972 1420 είς
993 1347 1042 1422 τὴν
1064 1350 1207 1430 πυρκαϊάν,
1237 1349 1296 1423 ήτις
1322 1350 1475 1408 κατέκαυσε
1501 1351 1553 1430 πρδ
1579 1357 1673 1428 μικροῦ

382 1470 432 1540 τὰς
454 1469 593 1542 κατοικίας
616 1493 680 1551 μσς,
711 1471 831 1552 διάφοροι
861 1467 933 1542 ξένοι
963 1469 1123 1546 ἐπέβαλλον
1155 1471 1252 1550 χεῖρας
1281 1467 1320 1541 είς
1345 1469 1380 1528 τὰ
1401 1471 1529 1545 κτήματά
1552 1492 1604 1546 μσς
1624 1469 1672 1530 καί

382 1599 437 1668 μᾶς
458 1593 611 1671 ἠνώχλουν.
659 1593 700 1653 διδ
724 1593 902 1673 ἀναφέροντες
928 1594 1010 1669 ἡμεῖς
1036 1593 1084 1670 τήν
1114 1591 1259 1670 ἐνόχληοίν
1287 1612 1342 1667 μσς
1367 1591 1439 1652 κατὰ
1465 1593 1498 1652 τδ
1523 1589 1605 1655 1084
1625 1589 1671 1652 καί

380 1715 578 1796 προσθέοαντες
601 1712 640 1786 είς
662 1716 707 1774 τδν
731 1714 906 1794 διωρισμένον
929 1715 1008 1794 φόρον
1033 1734 1087 1789 ρας
1110 1717 1182 1794 τρεῖς
1203 1711 1332 1792 χιλιάδες
1347 1711 1438 1772 λεπτὰ
1460 1709 1580 1797 (ἄστρα)
1601 1735 1670 1793 γρο·

381 1843 462 1909 νικιῦς
483 1838 654 1912 πεντήκοντα
674 1837 771 1916 γρόσια
792 1837 923 1914 γινόμενα
945 1835 1000 1895 ὅλα
1021 1835 1082 1911 ήιοι
1104 1832 1136 1907 ἐξ
1157 1833 1286 1913 χιλιάδες
1308 1830 1398 1914 ἄσπρα
1420 1837 1589 1916 ὡρισμένως,
1612 1833 1669 1893 ἐδί-

381 1957 466 2034 δομεν
489 1957 557 2018 αὐτὰ
580 1956 619 2030 είς
641 1958 703 2030 τοὶις
725 1960 874 2030 συντάκτας
896 1963 950 2017 τῶν
972 1959 1070 2037 φόρων,
1095 1955 1140 2016 διὰ
1159 1958 1193 2015 νέ
1209 1962 1248 2032 μή
1265 1956 1457 2034 ἐνοχλούμεθα
1472 1957 1603 2036 δλότελα,
1625 1955 1670 2016 καί

381 2082 590 2160 κατεγράφησαν
614 2077 653 2151 είς
675 2081 705 2138 τό
730 2079 840 2160 ἀρχεῖον
863 2084 916 2138 τῶν
938 2079 1092 2160 χαρατζίων
1115 2075 1161 2138 καί
1184 2074 1349 2154 ἐξεδόθησαν
1373 2075 1448 2150 αὖθις
1471 2078 1603 2153 βασιλικά
1624 2078 1669 2136 ἐν-

381 2201 501 2260 δεικτικὰ
524 2201 648 2281 έγγραρα
670 2199 717 2260 καὶ
741 2199 890 2281 ἀντίγραφα
912 2205 958 2261 τοῦ
981 2199 1124 2274 βασιλικοῦ
1146 2199 1320 2280 κατασσίχου,
1343 2199 1390 2260 καὶ
1413 2201 1490 2274 ὅμως
1512 2202 1596 2260 πολιν
1618 2222 1670 2276 μσς

381 2321 512 2401 ἐνοχλοῦν
534 2321 581 2382 καί
607 2323 654 2383 δέν
681 2344 735 2398 μσς
759 2322 865 2401 ἀρίνουν
889 2323 918 2382 ἐν
940 2321 1050 2406 ἡσυχίᾳ.
1097 2323 1142 2383 διὰ
1164 2327 1257 2402 ταῦτα,
1285 2321 1330 2402 ἀφ’
1343 2316 1375 2383 οῦ
1396 2322 1457 2382 κατ’
1470 2322 1533 2394 ἔτος
1555 2323 1667 2402 πληρώ-

377 2464 460 2520 νομεν
488 2443 527 2516 είς
554 2445 615 2516 τοῦς
644 2450 789 2517 συντάκτας
815 2451 869 2506 τῶν
898 2445 984 2526 ρόρων
1013 2446 1057 2504 τδν
1089 2445 1333 2526 προσδιωριοθέντα
1360 2445 1441 2524 φόρον
1470 2465 1535 2525 μσς,
1564 2445 1609 2504 διὰ
1637 2443 1669 2502 τέ

379 2565 499 2627 ἔκπαλαι
521 2567 571 2626 ῦπδ
593 2567 641 2641 τήν
665 2563 788 2639 ἐξουσίαν
811 2588 866 2642 μας
888 2565 953 2626 όντα
974 2567 1100 2647 χωράριά
1123 2588 1187 2646 μσς,
1211 2567 1335 2642 ἀμπέλια
1359 2587 1424 2644 μσς,
1452 2565 1584 2641 λειβάδιά
1606 2585 1666 2642 μσς,

378 2687 476 2769 δένδρη
500 2709 554 2762 μσς
576 2686 623 2748 καὶ
646 2689 724 2749 ἄλλα
746 2691 872 2764 κτήματά
896 2709 950 2764 μας
973 2689 1151 2769 εὑρισκόμενα
1173 2689 1202 2747 ἐν
1226 2691 1284 2761 ταῖς
1308 2687 1453 2769 ἐπαρχίαις
1469 2687 1666 2769 Καλαβρίτων,

378 2811 533 2891 Βοοτίτζης,
557 2809 689 2870 Παλαιῶν
714 2811 826 2890 Πατρῶν
850 2808 897 2871 καί
919 2811 1071 2888 Γαοτοίινης
1097 2810 1212 2887 κείμενα
1239 2811 1355 2889 μετάχιά
1382 2831 1446 2890 μσς,
1477 2809 1523 2870 διὰ
1552 2810 1586 2869 νά
1609 2809 1666 2868 δια-

377 2935 493 3008 μένωσιν
516 2931 566 2992 ίιπδ
587 2932 636 3009 τήν
658 2935 802 3012 κυριότητα
825 2954 888 3012 μας,
916 2929 963 2992 καί
985 2931 1083 3010 μηδείς
1106 2932 1205 3012 ἄλλος,
1234 2931 1289 2992 εἴτε
1312 2928 1511 3012 μεριμηράνης,
1540 2931 1595 2992 εῐτε
1616 2927 1666 3008 χίις

379 3053 540 3134 βοεβόνδας,
565 3054 620 3115 εἴτε
643 3054 781 3116 ἐπιστάται
802 3061 855 3114 τῶν
877 3054 1017 3135 τιμαρίων,
1039 3052 1092 3114 εἴτε
1107 3053 1283 3134 γεντικζίδες,
1307 3052 1362 3114 εἴτε
1384 3051 1504 3134 ἀρχηγοὶ
1519 3059 1572 3114 τῶν
1588 3073 1666 3134 σιρα-
1715 3029 1716 3034 ¹

376 3178 525 3256 τευμάτων,
550 3175 604 3236 εἴτε
628 3176 712 3238 ἄλλοι
735 3173 901 3249 ἐξουσιαοταί
923 3175 958 3236 νά
980 3176 1019 3252 μή
1043 3181 1097 3250 μᾶς
1121 3175 1258 3253 ἐνοχλῶσι
1278 3175 1314 3251 μέ
1334 3175 1492 3251 ἀπαιτήσεις
1514 3175 1664 3256 χαραιζίων

375 3296 422 3356 καὶ
446 3296 542 3356 ἄλλων
565 3299 653 3378 φόρων
674 3296 761 3378 χωρὶς
784 3297 925 3372 βασιλικόν
949 3294 1094 3377 φερμαίνιον
1109 3295 1157 3356 καί
1170 3293 1257 3378 χωρίς
1273 3297 1434 3378 ἀντίγραφον
1456 3300 1503 3356 τοῦ
1526 3296 1663 3373 βασιλικοῦ

375 3419 549 3497 καταοτίχου,
573 3419 788 3498 παρακαλοῦμεν
803 3418 837 3478 νέι
852 3426 907 3494 μᾶς
923 3419 989 3500 δοθῇ
1007 3416 1045 3491 είς
1060 3421 1159 3499 χεῖρας
1182 3419 1325 3494 βασιλικόν
1348 3418 1478 3494 δίπλωμα
1494 3421 1663 3500 (μπεράτιον)

376 3541 515 3620 σύμφωνον
543 3539 578 3616 μέ
605 3540 638 3599 τὰ
663 3542 715 3620 προ
737 3543 830 3620 καιροῦ
859 3539 973 3600 δοθέντα
999 3537 1038 3612 είς
1060 3542 1143 3620 ἡμᾶς,
1170 3542 1201 3600 τδ
1230 3539 1371 3615 βασιλικὸν
1398 3542 1545 3621 ρερμάνιον
1572 3539 1619 3602 καί
1638 3542 1664 3600 τδ

376 3662 537 3742 ἀντίγραφον
564 3666 610 3722 τοῦ
639 3661 781 3736 βασιλικοῦ
808 3661 980 3740 καταστίχου,
1026 3663 1217 3742 θεωρηθέντων
1244 3661 1340 3723 λοιπον
1362 3668 1415 3722 τῶν
1444 3661 1596 3736 βασιλικῶν
1618 3683 1663 3738 μου

375 3783 546 3861 καταστίχων
568 3789 622 3844 τῶν
645 3783 853 3862 φυλαττομένων
874 3781 913 3856 εἰς
933 3783 968 3842 τά
988 3783 1205 3864 ἀρχειορυλοίκια
1227 3789 1280 3844 τῶν
1301 3783 1456 3866 χαρατζίων
1480 3783 1602 3868 (ίτζιζιά)
1623 3783 1664 3844 καὶ

375 3911 428 3966 τῶν
451 3907 647 3986 λογαριαομῶν
678 3902 765 3985 (μπάς
789 3903 976 3988 μουχασαπέ),
1009 3903 1103 3980 ἐπειδὴ
1136 3907 1231 3986 εὑρέθη
1259 3908 1536 3988 καταγεγραμμένον,
1569 3909 1609 3967 ότι
1630 3905 1663 3978 εἰς

375 4029 420 4088 τὀν
453 4027 557 4102 ἐτήσιον
587 4029 666 4107 φόρον
696 4031 741 4086 τοῦ
771 4027 843 4087 κατὰ
872 4029 921 4103 τήν
952 4027 1085 4108 ἐπαρχίαν
1108 4027 1298 4110 Καλαβρύτων
1332 4030 1458 4104 κειμένου
1490 4029 1663 4109 μοναοτηρίου

376 4151 460 4228 Μέγα
475 4149 626 4228 Σπήλαιον,
650 4149 714 4208 ὄντα
729 4149 934 4224 ἀποκεκομένον
950 4147 994 4209 διὰ
1009 4154 1082 4228 τρεῖς
1097 4149 1224 4227 χιλιάδες
1241 4151 1329 4231 ἅσπρα
1350 4151 1475 4230 (λεπτά),
1497 4147 1546 4210 καί
1562 4151 1662 4230 ἐγειναν

374 4273 542 4346 πεντήκοντα
565 4273 661 4351 γρόοια
683 4272 743 4331 κατ’
762 4271 821 4342 ἔτος
845 4269 954 4346 δηλαδὴ
972 4271 1061 4330 οωστὰ
1076 4267 1107 4342 ἐξ
1122 4269 1249 4350 χιλιάδες
1272 4273 1372 4352 άοτρσ,
1395 4271 1442 4332 καὶ
1464 4271 1536 4332 κατὰ
1557 4275 1589 4333 τδ
1611 4275 1662 4344 ἐτος

377 4390 460 4454 1084
489 4395 537 4468 τήν
566 4395 678 4468 ἐννάτην
700 4395 807 4474 ἡμέραν
829 4397 879 4468 τῆς
902 4391 1022 4467 σελήνης
1045 4392 1179 4472 ρεμπισθλ
1203 4393 1272 4470 ἐβὲλ
1299 4393 1381 4470 ἐδόθη
1406 4392 1444 4467 είς
1467 4393 1565 4467 αίιτοῦς
1588 4395 1660 4470 βασι-

375 4517 453 4576 λικδν
484 4519 631 4598 ρερμάνιον
661 4513 708 4574 καί
740 4515 900 4595 ἀντίγραφον
930 4517 975 4574 τοῦ
1010 4513 1151 4588 βασιλικοῦ
1181 4515 1363 4596 καταστίχου,
1398 4515 1443 4576 διὰ
1471 4521 1549 4576 τοῦτο
1580 4518 1660 4596 έγεινι

374 4638 503 4713 βασιλική
526 4640 666 4720 προσταγή
690 4657 751 4712 μου.
781 4634 828 4695 καὶ
851 4635 940 4707 διδοὶις
957 4633 996 4708 εἰς
1010 4639 1108 4716 χεῖράς
1131 4657 1183 4696 των
1196 4639 1227 4697 τό
1242 4639 1327 4719 παρὀν
1351 4636 1495 4711 βασιλικόν
1520 4643 1659 4720 μπεράτιον
