3166 5298
260 341 323 406 122

258 535 402 610 κέκτηνται
424 532 485 615 περὶ
506 536 537 594 τδ
560 531 683 621 [χωρίον]
707 541 753 597 τοῦ
768 537 999 618 Κραβαομοθντου
1020 543 1074 616 γῆν
1098 536 1142 598 διά
1163 537 1380 619 χρυσοβοίιλλου,
1402 535 1454 596 ιιαί
1478 558 1544 616 ταρ-

259 656 394 716 εκάλεοαν
423 655 470 716 καὶ
501 657 633 732 ἐζήτησαν
662 658 711 732 τῆν
741 658 918 738 κραλλθτητά
949 681 1009 738 μου,
1039 659 1083 719 ἵνα
1108 661 1220 737 γένηται
1246 659 1358 740 δρισμθς
1384 658 1479 730 αθτσῑς
1504 655 1546 714 καὶ

258 775 473 858 περισυλλέξωσι
502 775 670 864 [ἀνθρώπους
703 776 874 866 ἐλευθέρους]
895 779 942 842 καί
971 781 1170 861 προσκαθίοωοι
1200 779 1240 854 είς
1268 781 1318 856 τὴν
1344 781 1473 858 τοιαίιτην
1498 787 1545 857 γῆν

259 901 355 981 αθτών,
384 901 433 976 τῆν
458 901 630 980 παράκλησιν
657 903 744 962 αθτών
771 899 977 982 προσδεξαμένη
1004 905 1022 979 ἡ
1049 902 1209 983 κραλλάτης
1235 923 1286 978 μου
1314 904 1481 983 ἐπιχορηγεῑ
1504 899 1545 960 καί

259 1021 430 1101 ἐπιβραβεὺει
454 1023 542 1096 αὐτοῑς
563 1023 608 1084 τάν
630 1025 750 1104 παρόντα
772 1027 892 1104 ὁρισμόν,
916 1018 994 1085 διὀὗ
1012 1026 1155 1104 προστάξει
1170 1024 1216 1084 καὶ
1233 1024 1387 1105 διορίζεται,
1409 1025 1458 1084 ἵνα
1473 1025 1546 1094 ἀοους

258 1140 414 1226 ἀνθρώπους
444 1145 604 1226 ἐλευθέρους
629 1147 841 1225 προοκαθίσωσιν
868 1145 907 1219 είς
928 1147 977 1222 τὴν
1000 1145 1144 1226 εἰρημένην
1166 1151 1219 1224 γῆν
1240 1145 1290 1230 καί
1310 1146 1454 1224 ἀλλαχοῦ,
1486 1146 1546 1205 ἔνθα

259 1265 350 1343 ἔχουσι
371 1270 434 1345 γῆν,
464 1268 600 1346 κατέχωσι
622 1269 730 1340 τούτους
752 1269 956 1346 ἀνενοχλῆτως,
988 1268 1171 1348 ἀναφαιρέτους
1195 1267 1242 1328 καὶ
1264 1267 1483 1340 ἀναποοπάστως
1504 1265 1545 1326 καὶ

258 1385 336 1448 οίιδὲν
364 1387 518 1467 εὑρίσκωσιν
545 1388 605 1448 οὔτε
628 1389 681 1450 ἀπὸ
702 1395 755 1450 τῶν
777 1389 848 1450 κατὰ
869 1389 979 1471 καιροὺς
1000 1391 1281 1471 κεφαλατικευάντων,
1314 1389 1376 1450 οὔτε
1397 1389 1477 1469 παρὰ
1496 1393 1545 1447 τών
1574 1475 1575 1480 ¹

259 1503 313 1594 [τά]
342 1507 459 1586 δημόσια
486 1509 690 1591 διενεργοίιντων
712 1515 730 1587 ῆ
753 1511 798 1590 ἀρ’
811 1513 902 1591 ἑτέρου
923 1514 995 1585 τινὀς
1016 1518 1070 1572 τών
1093 1513 1218 1574 ἁπάντων
1244 1507 1441 1597 [διασεισμάν],
1474 1511 1546 1570 ἀλλά

258 1629 434 1712 διοπηρώνται
458 1631 637 1711 ἀνενάχλητοι
658 1631 705 1694 καὶ
728 1633 926 1710 ἀκαταζῆτητοι
948 1635 1001 1695 ἀπδ
1022 1638 1112 1710 πάσης
1135 1635 1264 1713 ἐπηρείας
1285 1631 1332 1694 καί
1355 1633 1472 1712 δόσεως,
1496 1653 1545 1692 κα-
1574 1691 1575 1696 ,

258 1752 314 1824 θώς
337 1753 427 1831 ἔχουσι
450 1751 497 1814 καὶ
518 1754 552 1814 τά
573 1754 657 1816 λσιπά
678 1758 804 1832 κτήματα
826 1757 913 1816 αθτών
936 1755 982 1817 καὶ
997 1757 1089 1829 καθώς
1104 1755 1320 1832 διαλαμβάνουσι
1334 1754 1381 1816 καί
1395 1756 1430 1816 τά
1445 1757 1544 1836 χρυσά-

258 1873 366 1949 βουλλα
395 1873 442 1935 καὶ
471 1877 505 1936 τά
530 1880 726 1956 προστάγματα
746 1849 849 1940 αὐτῶν.
886 1878 977 1938 τοθτου
1003 1878 1056 1958 γὰρ
1082 1882 1162 1958 χάριν
1191 1879 1299 1958 ἐγένετο
1327 1879 1418 1950 αὺτοῖς
1444 1875 1493 1938 καὶ
1517 1877 1544 1934 ’.θ

257 1998 342 2077 παρδν
367 1999 530 2078 πρόσταγμα
555 2003 605 2075 τῆς
631 2000 820 2079 κραλλὸτητάς
847 2020 898 2075 μου
926 1997 965 2072 εἰς
992 2001 1150 2079 ἀσφάλειαν,
1182 1997 1246 2074 μηνὶ
1268 2001 1448 2079 σεπτεμβρίου
1472 1997 1497 2058 δ’
1520 2003 1542 2071 γ.

361 2123 378 2194 †
405 2114 488 2197 Είχε
517 2119 572 2179 καὶ
602 2120 641 2180 δι’
662 2121 806 2202 ἐρυθρῶν
835 2123 1040 2200 γραμμάτων
1069 2128 1126 2198 τῆς
1157 2121 1338 2199 βασιλικῆς
1367 2120 1424 2181 ιιοιὶ
1454 2119 1543 2188 θείας

257 2241 373 2320 χειρδς
394 2242 442 2300 τό·
466 2241 632 2320 Στέφανος
653 2243 808 2322 κράλλης
830 2247 857 2320 †.

361 2403 505 2459 Ιοαιιιιίάει
520 2405 571 2460 Nr.
590 2407 618 2460 9.

725 2761 853 2830 XXIV.
882 2761 958 2828 Sine
980 2783 1074 2828 anno,
1575 2827 1576 2906 γ

259 2945 321 3000 Rem
332 2944 486 3016 Stephanus
498 2945 597 3002 Βιώαιι
612 2946 751 3017 οωιβαιπαί
762 2947 929 3001 donationem
939 2947 1046 3016 saetam
1059 2964 1078 3000 a
1089 2964 1184 3018 maqno
1196 2947 1337 3002 domestico
1350 2946 1445 3000 Alma>
1457 2943 1540 2999 Raul.
1575 2915 1576 2920 ί

259 3165 410 3248 Ἕτερον
439 3170 661 3250 πρόσταγμα
691 3167 751 3228 διά
779 3169 843 3243 τὴν
873 3174 954 3248 γῆν,
988 3171 1028 3244 ῆν
1060 3168 1224 3228 δέδωκεν
1250 3169 1265 3227 ὁ
1292 3169 1410 3244 μέγας
1437 3165 1540 3242 δαμέ-

734 3311 861 3363 στικος
888 3291 902 3348 θ
926 3291 1066 3350 Ῥαοθλ.

360 3467 377 3540 †
400 3462 477 3524 Ἐπεὶ
499 3466 514 3523 θ
536 3463 636 3536 οἰκεῖος
657 3461 704 3524 καὶ
725 3464 911 3543 περιλημένος
930 3469 963 3545 τῆ
984 3464 1112 3547 βασιλείᾳ
1128 3484 1188 3540 μου,
1213 3467 1301 3542 μέγας
1317 3463 1480 3539 δομέοτυιος
1494 3463 1538 3536 κάρ

259 3581 384 3658 Ἀλέξιος
405 3586 420 3644 θ
443 3587 554 3659 *Ραοθλς
578 3585 612 3646 δι’
623 3588 657 3661 ῆν
682 3581 738 3644 είδε
761 3586 941 3668 στενοχωρίαν
963 3593 1016 3664 γῆς
1040 3584 1079 3658 εἰς
1101 3587 1131 3646 eb
1153 3585 1214 3666 περὶ
1237 3587 1284 3661 τὴν
1307 3585 1394 3664 Ζίχνα
1418 3588 1539 3662 μετάχῑον

258 3713 307 3783 τῆς
330 3705 478 3783 σεβασμίας
501 3707 645 3784 βασιλικῆς
668 3715 753 3785 μονῆς
775 3713 821 3769 τοῦ
842 3709 928 3785 τιμίου
945 3709 1105 3789 Προδρὸμου
1127 3714 1172 3769 τοῦ
1195 3710 1223 3768 ἐν
1246 3709 1284 3788 τῷ
1307 3709 1364 3788 ὄρει
1377 3712 1424 3768 τοῦ
1440 3710 1538 3769 Μενοι-

259 3829 331 3900 κέως
360 3831 390 3888 τδ
418 3827 456 3902 εἰς
479 3827 566 3905 θνομα
587 3832 740 3906 τιμώμενον
763 3835 816 3890 τών
839 3831 1014 3912 Ἀσωμάτων,
1038 3827 1124 3912 οἰκείᾳ
1146 3827 1244 3914 γνώμῃ
1266 3827 1312 3890 καὶ
1335 3831 1427 3913 ἀγαθῇ
1448 3847 1538 3910 προαι-

259 3951 331 4030 ρέσει
361 3949 476 4032 διέκρινε
501 3949 548 4012 καί
571 3951 678 4012 δέδωκε
699 3955 767 4032 πρδς
790 3953 853 4013 αὐτδ
876 3953 921 4013 διὰ
939 3955 1101 4032 γράμματος
1117 3953 1196 4013 αὺτοῦ
1212 3954 1326 4034 μερικὴν
1341 3961 1404 4033 γῆν,
1428 3956 1538 4031 ψυχικῆς

260 4073 341 4133 ἕνεκα
370 4073 505 4154 σωτηρίας
532 4073 579 4134 καὶ
609 4076 778 4150 μνημοσίνου
804 4082 854 4151 τῆς
877 4073 1018 4150 βασιλείας
1041 4097 1091 4150 μου
1114 4073 1160 4134 καί
1183 4075 1272 4154 αὺτοῦ,
1308 4075 1422 4150 ἐζήτησε
1446 4075 1477 4136 δὲ
1498 4067 1538 4132 καί

258 4195 432 4276 παρεκάλεσε
458 4196 585 4269 πλείονος
612 4199 693 4256 ἕνεκα
720 4195 759 4269 είς
786 4197 816 4258 τδ
844 4196 909 4274 ἑξῆς
936 4197 1086 4277 ἀσραλείας
1113 4195 1160 4258 καὶ
1187 4197 1364 4272 βεβαιώσεως
1385 4201 1478 4275 τυχεῖν
1499 4189 1537 4254 καί

258 4319 466 4396 προστάγματος
492 4324 541 4393 τῆς
571 4317 714 4391 βασιλείας
744 4339 795 4394 μου
824 4319 1009 4399 ἐπικυροϋντος
1031 4321 1079 4394 τήν
1103 4321 1181 4380 αὐτοῦ
1203 4317 1357 4400 προαίρεσιν
1379 4317 1428 4377 καί
1450 4314 1536 4399 πρᾶξιν

259 4439 365 4518 ἀγαθὴν
393 4439 437 4498 διὰ
462 4445 508 4500 τοῦ
536 4439 664 4522 ῥηθέντος
689 4443 853 4522 γράμματος
880 4441 969 4522 αυτοῦ,
999 4443 1047 4517 τῆν
1069 4441 1193 4518 τοιαθτην
1216 4441 1296 4502 αθτοϋ
1318 4435 1510 4527 [παράκλησιν]
1519 4437 1535 4510 ¹)

364 4701 385 4768 ¹)
403 4697 485 4770 πρᾶξιν
503 4703 524 4752 Ῑ.
