3222 5284
211 353 275 417 322

211 546 332 619 διανοίας
362 547 541 623 ἐπιστάμενος
570 545 617 608 καί
643 549 866 629 χρυσοβουλλίων
897 549 1035 629 δυνάμεις,
1066 549 1101 610 δι’
1114 544 1152 608 ὧν
1182 549 1229 610 καὶ
1257 551 1322 627 αύτῆ
1346 553 1363 626 ἡ
1397 552 1512 631 μεγάλη

210 667 346 742 ἐκκλησία
369 671 479 743 συνέστη
502 690 532 729 τε
555 669 602 729 καὶ
625 670 776 730 συνίσταται
797 669 844 730 καὶ
867 672 965 752 λαῦραι
981 671 1219 754 καίμοναστῆρια
1235 673 1302 754 ὑπὲρ
1316 673 1379 746 τούς
1395 674 1513 753 ἀστέρας

209 796 258 866 τῆς
280 796 333 848 τῶν
360 791 497 870 κτητόρων
526 791 727 852 ἐπαιτολσάουσι
755 791 916 871 διατάξεως,
944 793 988 852 ίνα
1010 793 1136 866 καὶτοῖς
1163 799 1327 875 σταυρωταῑς
1351 799 1399 855 τοῦ
1420 795 1512 874 κυρίου

209 911 255 970 καί
279 911 341 970 θεοῦ
364 911 410 971 καί
438 919 560 994 σωτῆρος
586 915 665 989 ἡμῶν
689 915 778 990 Ἰησοῦ
800 915 917 994 Χριστοῦ
945 919 1194 993 συγκατατάττηται
1216 916 1263 976 καί
1279 917 1390 977 ἀύτίκα
1413 917 1512 992 λύηται

209 1035 266 1105 τοῖς
287 1033 472 1113 κληρονόμοις
495 1055 546 1110 μου
569 1034 616 1094 καὶ
637 1036 655 1109 ἡ
680 1035 832 1095 ἑπιτεθεῖσα
858 1037 961 1108 τούτοις
984 1034 1015 1108 ἐξ
1037 1037 1166 1110 ἀπαιδίας
1188 1043 1238 1114 τῆς
1261 1034 1512 1110 ἀποκαταστάσεως

210 1155 323 1234 αίρεσις,
350 1151 397 1214 καὶ
424 1155 523 1232 ἔχωσιν
551 1157 595 1214 ἐπ’
609 1155 702 1228 ἀδείας
728 1154 775 1216 καί
802 1159 903 1230 ζῶντες
925 1156 972 1217 καί
1000 1158 1070 1233 μετὰ
1097 1159 1228 1234 τελευτὴν
1254 1161 1451 1240 παραπέμπειν
1476 1160 1512 1218 τά

208 1275 454 1351 καταλελειμμένα
480 1277 583 1348 τούτοις
609 1278 674 1358 παρ’
688 1278 755 1352 ἐμοῦ
784 1273 907 1358 ἀκίνητα,
935 1281 1001 1338 ότιου
1024 1277 1070 1338 καί
1098 1279 1253 1359 βούλονται,
1281 1283 1348 1361 πρός
1370 1281 1410 1360 τῷ
1434 1283 1511 1358 ἔχειν

209 1395 257 1456 καί
284 1398 332 1471 τἠν
362 1399 489 1477 πρόνοιαν
519 1392 565 1458 καί
595 1400 643 1473 τὴν
673 1403 817 1479 κυριότητα
846 1405 900 1458 τῶν
930 1399 1083 1480 εἰρημένων
1109 1399 1156 1460 καὶ
1182 1402 1247 1481 παρ’
1261 1401 1329 1477 ἐμοῦ
1356 1405 1512 1462 συστάντων

212 1517 317 1595 εύαγῶν
340 1517 421 1578 οίκων
445 1517 486 1590 είς
508 1520 538 1578 τύ
562 1517 627 1597 ἑξῆς
650 1519 826 1598 ἀναφαίρετον
849 1521 920 1580 κατὰ
941 1521 991 1591 τάς
1015 1521 1086 1595 ἐμὰς
1109 1519 1242 1600 διαταγάς
1264 1526 1289 1598 ’μ

314 1641 497 1722 γΜιχαήλ,
520 1641 700 1721 πρόεδρος,
724 1641 841 1721 κριτὴς
864 1640 916 1702 ἐπὶ
936 1647 990 1702 τοῦ
1014 1642 1220 1723 ἱπποδρόμου
1242 1642 1366 1704 καὶτοῦ
1390 1643 1512 1722 βῆλου,

210 1763 224 1822 ό
255 1762 502 1844 Ἀτταλειοὶτης,
533 1761 589 1824 καὶ
619 1764 677 1838 τὴν
708 1763 957 1843 προλεχθεῖσαν
987 1765 1108 1841 ταύτην
1137 1741 1330 1845 προσθήκην
1361 1767 1405 1838 ῶς
1435 1767 1511 1844 παρ’

211 1885 290 1960 ἐμοῦ
311 1886 493 1963 γεγονυῖαν
517 1884 664 1959 βεβαιῶν
689 1889 741 1945 νῦν
763 1884 943 1966 ὑπέγραψα
965 1891 990 1962 †.

389 2095 484 2174 Ἀρχὴ
507 2098 561 2154 τοῦ
586 2092 721 2174 βρεβίου
744 2099 801 2168 τῆς
824 2099 930 2168 μονῆς
953 2099 1006 2154 τοῦ
1031 2092 1327 2176 Πανοικτίρμονος.

315 2255 331 2327 †
355 2249 515 2327 Εὺλογητδς
536 2251 628 2330 κύριος
650 2249 665 2309 δ
688 2251 749 2320 θεδς
772 2250 787 2307 ό
810 2249 839 2308 ἐν
863 2250 961 2330 Τριάδι
982 2252 1197 2328 τοῖςέῦσεβέσιν
1220 2252 1387 2327 ύμνούμενός
1409 2273 1441 2312 τε
1463 2251 1513 2312 καί

208 2373 418 2452 γνωριζόμενσς,
448 2368 493 2429 καὶ
517 2371 554 2448 τῷ
585 2369 733 2448 τριλαμπεῖ
762 2371 846 2450 τούτῳ
869 2369 935 2450 φωτὶ
957 2369 1005 2431 καὶ
1036 2371 1164 2452 συναίδίῳ
1186 2371 1233 2431 καὶ
1260 2373 1396 2452 όμοουσίῳ
1418 2377 1512 2433 πάντα

209 2493 329 2570 φωτίζων
355 2489 401 2551 καί
429 2491 560 2568 διιθύνων,
589 2493 640 2550 όσα
661 2511 691 2550 τε
716 2491 744 2550 ἐν
771 2495 867 2570 κόσμῳ
894 2491 941 2551 καί
969 2495 1020 2552 ὅσα
1043 2493 1077 2568 δὴ
1105 2494 1275 2573 ῦτερκόσμια
1296 2492 1416 2569 καὶτῆς
1438 2495 1512 2570 ύλης

208 2616 351 2694 ὑπέρτερα,
382 2612 416 2672 δι’
429 2605 460 2673 ού
490 2612 574 2688 κάμοὶ
604 2617 716 2690 σημεῖον
741 2611 778 2684 εἰς
809 2614 911 2692 ἀγαθόν
934 2613 981 2674 καὶ
1010 2615 1166 2690 θαυμασίων
1197 2619 1279 2694 χάρις
1305 2617 1510 2696 προσγέγονεν·

209 2735 313 2795 ἐκεῖθεν
336 2735 390 2814 γάρ
414 2734 447 2794 ἐκ
467 2740 517 2809 τῆς
540 2734 616 2806 θείας
637 2735 765 2814 προνοίας
786 2733 834 2795 καὶ
857 2735 1072 2815 ἀπειροδυνσίμου
1096 2737 1322 2820 μεγαλειότητος,
1350 2737 1383 2796 ἐκ
1405 2743 1511 2818 χειρῶν

208 2857 395 2938 ἀλαστορικῶν
424 2857 453 2914 ἔν
479 2876 509 2914 τε
539 2857 673 2932 πολέμοις
703 2861 841 2937 περσικοίς
868 2855 915 2916 καὶ
946 2856 1087 2936 ἀραβικοῑς
1116 2856 1163 2917 καί
1194 2856 1227 2917 αὖ
1256 2860 1340 2919 πάλιν
1370 2860 1511 2930 σκυθικοῖς

209 2975 378 3059 ἀνηρπάγην,
410 2975 457 3037 καί
479 2983 511 3059 τῇ
533 2979 668 3059 προσούσῃ
692 2999 738 3053 μοι
767 2978 894 3062 ἀσθενείᾳ
916 2980 1010 3050 σθένος
1033 2979 1148 3055 ἐπετέθη
1170 2975 1326 3060 παράδοξον
1349 2977 1397 3038 καὶ
1420 2978 1509 3058 ἰσχύς,

207 3099 396 3180 πανωλεθρίαν
423 3099 546 3174 τοιαύτην
569 3099 744 3178 ἀπείργουσα,
772 3102 802 3159 ού
826 3100 880 3175 μὴν
904 3099 945 3178 δέ,
973 3099 1120 3159 ἀλλὰκαὶ
1143 3099 1177 3160 ἐκ
1199 3099 1279 3173 βυθοῦ
1303 3121 1337 3175 με
1362 3101 1510 3175 θαλάσσης

207 3222 273 3300 ύπέρ
297 3219 396 3279 ἐλπίδα
418 3220 556 3292 πολλάκις
580 3220 752 3295 ἀνασωθῆναι
774 3221 922 3296 πεποίηκεν
945 3222 962 3296 ἡ
986 3221 1046 3280 θεία
1069 3221 1221 3300 ἀντιληψις,
1244 3220 1292 3280 καὶ
1312 3222 1444 3282 τοσούτων
1459 3221 1509 3280 καί

169 3393 172 3398 .
206 3343 374 3418 τηλικούτων
396 3341 523 3400 κινδύνων
546 3342 677 3420 λύτρωσις
701 3341 832 3422 ἐχαρίσθη
857 3341 1045 3422 σωτηριιύδης·
1070 3343 1262 3421 ἀνακηρύττειν
1285 3343 1339 3423 γὰρ
1361 3344 1407 3402 τὀν
1424 3341 1509 3402 ἔλεον

207 3463 254 3525 καί
276 3466 324 3540 τὴν
348 3463 504 3544 εῦεργεσίαν
528 3465 566 3538 μὴ
589 3465 714 3542 κρύπτειν
738 3461 781 3522 ἀεὶ
803 3464 1019 3543 προτεθύμημαι,
1044 3464 1082 3522 δτι
1106 3463 1190 3534 όντως
1214 3465 1303 3542 μέγας
1323 3463 1444 3544 ὁκύριος
1459 3462 1510 3523 καί

208 3587 313 3658 αἰνετός
340 3587 450 3666 σφόδρα,
481 3587 635 3660 θαυμαστός
658 3585 687 3644 ἐν
714 3585 839 3664 ύψηλοῖς,
870 3583 916 3644 καὶ
943 3590 1028 3644 ποιῶν
1055 3586 1193 3659 θαυμάσια
1220 3587 1312 3661 μόνος.
1358 3586 1509 3646 ότοιαῦτά

139 3685 143 3692 ¹
208 3730 254 3784 μοι
284 3703 377 3779 δείξας
406 3708 457 3785 πρδ
488 3705 637 3785 δρθαλμῶν
666 3707 838 3787 ύπερμεγέθη
869 3708 942 3781 ζωῆς
972 3704 1019 3766 καί
1049 3705 1184 3787 σωτηρίας
1213 3707 1371 3786 χαρίσματα
1400 3705 1448 3767 καὶ
1474 3708 1509 3766 ού

208 3833 289 3906 μόνον
313 3829 459 3907 διασώσας,
483 3826 629 3888 ἀλλὰκαὶ
652 3829 730 3908 πρός
743 3827 801 3902 βίου
824 3826 929 3906 εὔροιαν
952 3826 1000 3887 καὶ
1024 3827 1151 3888 εὔκλειαν
1167 3827 1318 3908 δδηγησας,
1341 3826 1389 3886 καί
1404 3831 1509 3903 στήσας

208 3949 251 4011 ἐπὶ
272 3953 373 4030 πέτραν
395 3950 457 4022 τούς
479 3948 567 4021 πόδας
590 3969 651 4030 μου,
675 3947 723 4008 καί
744 3949 907 4019 κατευθύνας
928 3948 963 4007 τόι
978 3947 1137 4023 διαβήματά
1153 3969 1205 4024 μου
1220 3948 1293 4010 κατὰ
1307 3951 1395 4009 πάντα
1410 3950 1508 4028 καιρὸν

206 4067 253 4132 καί
279 4073 360 4132 τόπον
383 4069 429 4130 καὶ
455 4069 632 4151 προσδοκίαν·
664 4071 725 4130 ὅθεν
747 4069 793 4129 καί
822 4070 986 4150 μαρτυρικὴν
1014 4068 1209 4145 δανεισάμενος
1231 4071 1279 4144 τὴν
1302 4073 1404 4149 ρωνην,
1435 4071 1510 4145 μετὰ

207 4193 330 4274 δακρύων
352 4191 399 4252 καί
426 4193 653 4273 συντετριμμένης
676 4191 733 4266 βοῶ
756 4196 805 4266 τῆς
826 4195 927 4270 ψυχῆς,
958 4191 1001 4250 ἵνα
1025 4191 1129 4269 εύροιμι
1151 4193 1197 4250 τὀν
1218 4191 1432 4271 πανοικτίρμονα
1455 4191 1509 4251 δε-

206 4317 306 4390 σπότην
330 4313 376 4374 καί
398 4315 489 4396 κύριον
510 4311 557 4374 καί
580 4315 642 4374 θεόν
666 4333 717 4388 μου
739 4313 816 4373 ἵλεον
841 4313 869 4372 ἐν
892 4315 984 4394 ἡμέρᾳ
1006 4319 1055 4388 τῆς
1077 4313 1203 4394 κρίσεως,
1228 4311 1271 4372 ἐπὶ
1286 4311 1444 4395 συμπαθείᾳ
1458 4313 1511 4374 καὶ

205 4439 353 4518 παροράσει
375 4442 428 4496 τῶν
453 4435 527 4510 ἐμῶν
551 4433 669 4514 ἀπείρων
692 4434 954 4510 πλημμελημάτων.
999 4436 1017 4508 ἡ
1041 4433 1073 4493 δέ
1096 4433 1231 4514 ίκετῆριός
1254 4455 1301 4510 μοι
1323 4435 1391 4510 αύτη
1415 4439 1510 4514 φωνή·

207 4557 370 4637 μεγαλύνων
394 4556 542 4637 μεγαλύνω
565 4577 595 4616 σε
619 4557 703 4638 κύριε,
727 4558 765 4615 ότι
790 4556 898 4627 έπεϊδες
921 4553 966 4614 ἐπὶ
987 4555 1036 4630 τὴν
1057 4554 1215 4615 ταπείνωσίν
1232 4575 1292 4636 μου,
1316 4553 1363 4614 καί
1386 4555 1419 4614 ού
1442 4576 1511 4614 ουν-

206 4681 336 4752 έκλεισάς
359 4699 394 4756 με
418 4677 457 4751 είς
479 4683 576 4770 χεῖρας
600 4678 706 4758 ἐχθρῶν
722 4699 783 4756 μου,
807 4677 875 4737 ἀλλ’
885 4677 992 4748 ἔσωσας
1008 4677 1042 4736 ἐκ
1055 4682 1108 4752 τῶν
1126 4675 1252 4754 ἀναγκῶν
1268 4677 1316 4752 τὴν
1331 4679 1422 4755 ψυχήν
1439 4681 1510 4752 μου·
