3486 5282
377 295 442 360 206

378 490 456 567 ἁγίου
479 489 615 570 Γεωργίου
643 491 687 550 σῖιν
714 493 771 561 τοῖς
797 493 891 562 τόποις
918 491 1011 552 αὐτοῖι·
1040 493 1054 550 ό
1077 493 1155 570 ἀγιος
1178 491 1317 565 Νικόλαος
1340 492 1410 568 μετά
1431 499 1486 553 τῶν
1508 493 1667 572 ἐλαιοῴτων

377 611 423 672 καί
453 615 541 673 τόπων
569 613 662 672 αυτοῦ·
693 613 724 672 τδ
751 611 824 672 κατὰ
850 613 898 687 τὴν
922 611 1143 694 Πανηγνρίοτραν
1171 614 1241 689 μετὰ
1266 621 1315 690 της
1342 615 1494 688 ἐκκλησίας
1520 621 1565 690 τῆς
1584 615 1668 692 ἁγίας

376 735 495 817 Τριάδος
520 731 568 794 καί
595 739 648 793 τών
673 735 763 793 τόπων
793 733 888 794 αὐτοῦ·
915 735 946 793 τὶν
974 733 1045 794 κατὰ
1070 735 1101 794 τδ
1124 735 1330 815 Σταυροέλατον
1357 736 1428 812 μετὰ
1449 743 1500 812 τῆς
1522 736 1670 812 ἐκκλησίας

376 863 429 916 τῶν
449 854 580 916 Εἰσοδίων
602 853 650 915 καί
672 861 725 915 τῶν
746 857 837 916 τόπων
862 855 955 915 αὺτοῦ·
979 857 1009 916 τδ
1031 855 1103 916 κατὰ
1123 857 1171 934 τὴν
1188 855 1335 933 Σάλμεναν
1359 859 1429 933 μετὰ
1450 865 1501 936 τῆς
1522 859 1671 936 ἐναλτρίας

375 985 429 1040 τῶν
452 979 537 1056 ἁγίων
561 979 735 1039 Ἀποστόλων
758 976 879 1038 καὶτῶν
902 980 991 1038 τόπων
1014 980 1108 1038 αὺτοῦ·
1135 981 1166 1040 τδ
1187 979 1259 1039 κατά
1280 979 1329 1055 τὴν
1349 981 1526 1055 Γονμένιτζαν
1548 981 1590 1040 σῖιν
1609 982 1671 1049 τοῖς

374 1105 466 1172 τόποις
489 1102 583 1161 αῑιτοῦ·
606 1102 636 1160 τδ
659 1101 730 1160 κατὰ
751 1100 785 1159 τὰ
801 1101 926 1179 Λεχαινά
949 1101 995 1160 σῖιν
1016 1099 1056 1180 τῷ
1078 1101 1196 1181 όοπητίιρ
1218 1101 1265 1163 καὶ
1286 1107 1343 1176 τοῖς
1364 1107 1457 1174 τόποις
1479 1106 1571 1164 αυτοῦ·
1591 1104 1621 1160 τό
1641 1103 1670 1161 ἐν

374 1224 539 1308 τῇΠαλαιᾷ
556 1225 651 1304 Ποῖτρφι
673 1223 800 1298 όοπητιον
822 1222 869 1282 σῖιν
892 1223 989 1294 ἀλλοις
1011 1226 1103 1296 τόποις
1125 1225 1218 1284 αὒτοῖι·
1240 1226 1271 1285 τό
1295 1225 1324 1284 ἐν
1346 1225 1385 1303 τῷ
1401 1225 1578 1304 Καλαμακίιρ
1598 1225 1671 1299 μετὰ

374 1353 425 1423 τῆς
452 1345 603 1422 ἐκκλησίας
629 1343 676 1404 καί
703 1350 757 1404 τῶν
784 1346 872 1404 τόπων
895 1347 989 1406 αὑτοῦ·
1016 1347 1046 1406 τδ
1070 1345 1155 1425 Μέγα
1178 1347 1327 1421 Ἀμπέλιον
1356 1347 1426 1423 μετά
1447 1354 1498 1422 τῆς
1521 1347 1670 1422 ἐκκλησίας

375 1474 421 1530 τοῦ
451 1467 529 1549 ἁγίου
552 1465 721 1530 Ἀδανασίου
752 1469 782 1527 τό
811 1469 840 1527 ἐν
867 1468 1053 1551 σῇΒοστίτζφι
1080 1471 1208 1547 μετόχιον
1235 1469 1305 1544 μετὰ
1330 1475 1384 1529 τῶν
1410 1473 1501 1528 τόπων
1523 1469 1600 1528 αὑτοῦ
1622 1467 1672 1528 καί

375 1593 425 1652 όσα
450 1591 526 1652 ἀλλα
550 1591 578 1649 ἐν
600 1597 633 1672 τῇ
657 1589 777 1672 ἐπαρχίᾳ
793 1590 926 1650 Παλαιῶν
943 1591 1057 1670 Πατρῶν
1079 1589 1127 1650 καί
1148 1593 1207 1663 ταῖς
1222 1592 1413 1667 ὑποκειμέναις
1428 1591 1495 1674 αυτῄ
1513 1591 1670 1660 ἐπισκοπαῖς

375 1717 443 1790 ἁμοῦ
466 1713 613 1789 μετὰτῶν
635 1713 867 1792 ἀπηριθμημένων
891 1713 1019 1792 ἀνωτέρω
1041 1715 1138 1794 τόπων,
1162 1713 1258 1786 οἵτινες
1282 1707 1350 1774 εἰσίν
1372 1713 1508 1794 ἀμπέλια,
1535 1715 1670 1794 χωροίφια,

375 1842 457 1912 κῆποι
483 1833 530 1895 καὶ
557 1835 666 1914 δένδρα,
693 1833 802 1895 παλαιὰ
825 1833 955 1908 βασιλικὰ
976 1834 1022 1894 καί
1045 1836 1149 1896 λοιπῶν
1171 1841 1332 1916 χριοτιανών
1356 1837 1545 1917 ἀφιερώματα·
1578 1837 1614 1896 ἔτι
1640 1835 1671 1894 δέ

373 1957 420 2019 καί
448 1961 499 2018 ὅσοι
526 1958 603 2018 ἀλλα
630 1957 684 2016 ἀπό
710 1957 790 2017 τοῖνδε
818 1956 866 2016 καὶ
889 1954 928 2030 εἰς
950 1957 980 2016 τό
1003 1953 1068 2033 ἑξῆς
1092 1955 1145 2017 ἀπδ
1166 1963 1216 2033 της
1238 1963 1291 2017 τών
1313 1965 1475 2036 χριστιανῶν
1498 1959 1670 2039 ἀφιερώσεως

374 2082 572 2162 προσκτησεται
594 2081 743 2158 πράγματα
765 2077 813 2138 καὶ
834 2081 961 2154 κτήματα
983 2079 1001 2156 ἡ
1024 2077 1085 2160 ίερά
1107 2080 1176 2154 μονὴ
1200 2080 1276 2160 αίιτη,
1300 2081 1385 2158 έχωσι
1408 2081 1499 2155 μένειν
1522 2079 1569 2140 καί
1587 2084 1671 2140 ταῖπα

374 2205 463 2262 πάντα
490 2201 656 2281 ἀνυφαίρετα
681 2200 727 2260 καί
756 2201 951 2277 ἀποσπάσασα
978 2199 1025 2261 καί
1051 2201 1250 2282 ἀνεπηρέαστα,
1281 2203 1320 2272 ὡς
1343 2204 1459 2280 μετόχια
1481 2208 1531 2278 τῆς
1553 2221 1669 2282 σταυρο-

373 2331 513 2404 πηγιακῆς
536 2329 622 2399 μονῆς
644 2324 751 2398 ταύτης,
777 2322 896 2398 μηδενός
918 2325 1028 2383 πώποτε
1050 2323 1208 2399 τολμῶντος
1232 2323 1304 2398 μηδὲ
1326 2328 1372 2383 τοῦ
1386 2323 1458 2384 κατά
1472 2321 1555 2384 τόπον
1571 2323 1669 2404 ἀρχιε-

375 2450 445 2529 ρέως
467 2445 617 2526 Κερνίτζης
646 2451 664 2522 ἢ
692 2447 781 2506 ἀλλον
802 2447 874 2518 τινος
895 2447 926 2504 τό
948 2448 1075 2525 παράπαν
1104 2449 1122 2520 ἢ
1146 2450 1343 2527 πατριαρχικοῦ
1365 2465 1436 2518 τινος
1459 2441 1577 2524 ἐξάρχου
1599 2465 1668 2504 κατ-

375 2568 548 2645 επεμβαίνειν
571 2573 619 2644 τῆς
636 2567 717 2648 -ῖεράς
741 2573 828 2644 μονῆς
842 2571 940 2644 ταὺτης
955 2555 1002 2628 καί
1018 2569 1145 2646 ἐνοχλεῖν
1160 2572 1216 2639 τοῖς
1233 2568 1441 2644 ἐνασκονμένοις
1456 2570 1524 2648 abra
1539 2571 1668 2649 πατράσιν

373 2695 391 2766 ἢ
420 2691 493 2752 δόσιν
521 2691 642 2752 ἀπαιτεῖν
668 2691 733 2768 παρ’
745 2690 831 2749 αῖιτών
854 2690 964 2765 πολλὴν
986 2693 1004 2765 ἡ
1028 2667 1126 2769 όλίγην
1149 2693 1167 2765 ἡ
1191 2688 1234 2750 ἐπὶ
1255 2693 1386 2771 προφάσει
1409 2687 1557 2770 ἐξαρχικοῦ
1579 2689 1669 2750 δικαι-
1717 2703 1718 2706 ’

374 2816 484 2890 ώματος
511 2815 529 2888 ἢ
553 2813 586 2872 δι’
600 2813 690 2887 ἀλλην
713 2812 771 2872 τινά
795 2811 894 2872 αἰτίαν·
928 2812 995 2872 ἀλλ’
1008 2813 1116 2896 ὑπάρχῃ
1139 2812 1266 2884 ἀσόδοτος
1291 2811 1320 2884 ἐς
1341 2815 1371 2872 τό
1393 2813 1540 2891 παντελές,
1572 2810 1669 2888 μηδενί

374 2935 461 3012 μηδὲν
488 2935 633 3016 ὀφείλουσα
659 2938 789 3016 παρέχειν
818 2937 900 3015 μέχρι
927 2933 973 2995 καί
1002 2934 1112 3014 ὀβολοῦ,
1141 2937 1378 3011 μνημονευομένου
1406 2933 1434 2992 ἐν
1457 2934 1525 3016 αῖιτῇ
1548 2933 1668 3004 ἀεννάως
1717 2993 1718 3024 ,

371 3063 418 3120 τοῦ
440 3060 635 3139 πατριαρχικοῦ
658 3057 800 3138 ὀνόματος,
827 3059 993 3133 ὑποκειμένη
1017 3058 1128 3133 ἀμέσως
1149 3054 1187 3130 τῷ
1210 3057 1359 3132 καθ’ἠμοῑς
1381 3055 1562 3134 οῖκουμενικῷ
1583 3057 1668 3138 θρόνῳ

372 3179 419 3241 καῖ
444 3181 488 3241 ὑπ’
506 3181 584 3240 α’ντοιῖ
613 3182 694 3255 μόνον
723 3180 919 3260 δεσποζομένη,
951 3175 1133 3257 διεξαγομένη
1160 3197 1190 3237 τε
1218 3176 1265 3238 καὶ
1291 3179 1486 3258 κυβερνωμένη
1515 3179 1544 3236 ἐν
1572 3181 1668 3245 πάσαις
1717 3209 1718 3212 ¹

373 3305 456 3378 σίντης
477 3303 537 3374 ταῖς
558 3301 664 3381 χρείαις
686 3301 732 3360 καί
755 3303 919 3360 ὑποθέσεσιν.
958 3299 984 3360 σί
1007 3299 1070 3359 δ’ἐν
1086 3300 1153 3381 αντη
1169 3301 1379 3375 συνασκούμενοι
1394 3300 1512 3380 πατέρες
1528 3297 1667 3378 διάγοντες

373 3425 402 3484 ἐν
434 3425 522 3484 ἀνέσει
549 3421 596 3484 καὶ
624 3423 779 3502 ἐλευθέρως
805 3421 940 3500 δφείλσυσι
968 3424 1017 3498 ζῆν
1045 3421 1180 3492 εὐτάκτως
1207 3418 1253 3481 καί
1281 3421 1424 3502 σωφρόνως
1450 3419 1498 3480 καί
1527 3423 1600 3482 κατά
1617 3425 1667 3498 ,τόν

373 3547 435 3625 όρον
458 3549 504 3605 τοῦ
528 3543 674 3620 μοναδικοῦ
692 3540 760 3624 βίον,
783 3543 966 3623 φροντίζοντες
980 3548 1029 3619 τῆς
1045 3546 1197 3615 συστάσεως
1212 3541 1259 3604 καί
1274 3541 1414 3618 οῖιξησεως
1428 3549 1478 3620 της
1494 3542 1570 3622 ἱεράς
1585 3547 1667 3619 μονῆς

371 3669 480 3742 ταύτης.
508 3666 554 3727 καὶ
579 3665 689 3726 ἐπειδάν
713 3667 798 3743 ἔχωσι
820 3664 917 3744 χρείαν
938 3665 1118 3747 χειροτονίας,
1142 3667 1250 3744 έχουσιν
1274 3665 1368 3726 ἀδειαν
1387 3665 1569 3746 προσκαλεῖν,
1592 3667 1622 3724 ἐν
1637 3664 1666 3723 ἀν

373 3791 526 3866 βούλωνται
550 3789 583 3849 ἐκ
604 3794 658 3848 τῶν
681 3787 882 3867 πλησιοχώρων
906 3788 1057 3868 ἀρχιερέων
1081 3786 1125 3848 ἐπὶ
1139 3787 1178 3866 τῷ
1195 3787 1317 3848 ἐκτελεῖν
1333 3788 1382 3858 τὰς
1396 3785 1567 3868 χειροτονίας
1584 3789 1666 3848 αἰτῶν

374 3913 444 3989 μετὰ
470 3915 559 3987 πάσης
582 3917 632 3987 τῆς
654 3918 799 3986 νανονικῆς
813 3913 1046 3992 παρατηρήσεως,
1074 3913 1112 3982 ώς
1135 3912 1298 3990 νενόμισται,
1325 3907 1471 3969 ἀλλὰκαὶ
1494 3909 1524 3968 ἐν
1545 3911 1666 3988 στερήσει

371 4036 525 4114 ἡγουμένου
547 4035 689 4112 γενόμενοι
710 4034 817 4111 ἔχουσιν
835 4033 928 4093 ἀδειαν
946 4032 1073 4112 ἐκλέγειν
1090 4036 1139 4092 ἕνα
1154 4034 1188 4093 ἐκ
1202 4039 1251 4109 τῆς
1267 4030 1392 4104 συνοδίας
1408 4031 1495 4091 οἰστῶν
1511 4032 1556 4090 τδν
1571 4036 1666 4100 κοινῶς

374 4158 543 4237 ἀναφανέντα
566 4153 641 4229 ἀξιον
663 4153 710 4215 καί
732 4160 824 4216 τοῦτον
848 4155 1030 4216 ἀποκαθιστᾶν
1052 4156 1218 4234 ηγσίιμενον·
1241 4154 1279 4235 τῷ
1303 4155 1335 4214 δέ
1357 4153 1428 4214 κατὰ
1449 4153 1561 4232 καιροῖς
1583 4155 1665 4230 ἡγου-

375 4281 451 4360 μένῳ
473 4285 523 4355 τῆς
546 4283 633 4355 μονῆς
654 4281 753 4354 ταύτης
775 4281 935 4360 παρέχομεν
959 4277 1052 4338 άδειαν
1068 4277 1221 4358 σφραγίζειν
1237 4279 1414 4354 ἀναγνώστας
1430 4275 1507 4336 ἐνάον
1524 4278 1607 4352 μόνον
1621 4279 1665 4348 τῆς

372 4407 458 4478 μονῆς
480 4403 574 4468 αὐτῶν·
590 4399 718 4482 ταύτηςί)
741 4399 787 4459 δαί
809 4401 877 4482 πρές
900 4401 1002 4471 τθΰτθῑς
1024 4401 1156 4481 παρέχειν
1180 4400 1275 4460 ἀδειαν
1297 4397 1344 4460 καί
1366 4402 1423 4470 τοῖς
1446 4397 1534 4471 ἀξίοις
1553 4397 1601 4458 καὶ
1617 4397 1664 4473 ἐμ-

477 4663 494 4727 1)
513 4659 591 4713 αὗτῶν
611 4658 683 4726 αὐτῆς
703 4662 764 4713 Oec.
