3222 5284
244 363 308 428 386

244 558 342 636 τρόπον
373 555 538 628 ἀπεναντίας
567 560 669 636 χωρεῖν
691 562 745 616 τῶν
772 557 847 638 παρὰ
869 562 917 635 τῆς
940 557 1085 631 βασιλείας
1107 579 1160 633 μου
1191 559 1377 638 διορισθέντων
1409 559 1557 618 ἐνταυθοῖ·

243 679 292 752 τὴν
315 677 369 758 γάρ
391 679 575 758 προσκύρωσιν
597 679 799 738 τῶντοιούτων
830 679 965 754 ἀκινήτων
988 678 1101 738 δικαίων
1123 681 1190 760 πρός
1212 681 1242 740 τό
1265 686 1316 754 τῆς
1339 686 1428 758 μονῆς
1450 682 1558 760 μέρος,

244 799 313 858 ούτω
335 798 381 859 καὶ
404 798 474 874 μετὰ
501 799 627 860 τοιούτων
655 796 812 872 διαστίξεων
837 799 982 876 ἐποιήσατο
1006 799 1052 860 καί
1073 805 1190 862 ποιεῖται
1211 802 1230 878 ἡ
1253 801 1382 877 βασιλεία
1405 823 1470 880 μου,
1506 801 1560 860 καὶ

243 919 314 980 κατά
335 919 398 992 τούς
421 918 580 998 εἰρημένους
602 921 716 1000 τρόπους
739 920 908 981 διατάττεται
930 922 979 999 τὴν
1002 921 1161 982 δεσποτείαν
1177 922 1263 982 αύτῶν
1278 925 1559 1004 προσκεκυρωμένην

245 1035 314 1100 εἶναι
337 1047 370 1122 τῇ
394 1047 475 1122 μονῇ,
499 1044 551 1101 κάν
574 1040 640 1114 ἴσως
663 1044 693 1102 τό
708 1043 793 1122 μέρος
809 1043 892 1118 αύτῆς
909 1041 1000 1104 δίκαιά
1015 1064 1075 1104 τινα
1089 1045 1218 1120 κέκτηται
1234 1044 1287 1105 ἀπό
1302 1065 1382 1104 τινων
1398 1045 1558 1124 ἐγγράφων

243 1165 261 1236 ἡ
285 1161 446 1240 ἀλλαχόθεν
469 1160 512 1222 ἐπὶ
534 1164 591 1234 τοῖς
613 1163 742 1235 τοιούτοις
765 1161 897 1238 οἰκήμασι
919 1162 966 1225 καὶ
986 1164 1094 1238 λοιποῖς
1108 1163 1155 1226 καί
1170 1167 1243 1248 πόση
1263 1166 1351 1226 αύτῶν
1366 1173 1399 1248 τῇ
1414 1171 1556 1246 περιοχῇ,

243 1285 274 1342 ού
297 1283 425 1356 βούλεται
447 1284 467 1360 ἡ
489 1282 620 1358 βασιλεία
642 1305 694 1359 μου
717 1284 792 1345 ἀλλο
814 1305 838 1344 τι
860 1285 988 1364 γενέσθαι
1012 1285 1055 1346 ἐπ’
1069 1286 1158 1359 αύτσῖς
1179 1286 1254 1367 παρὰ
1275 1287 1310 1346 τά
1333 1287 1458 1346 ἐνταυθοῖ
1483 1286 1555 1346 δια-

243 1406 413 1483 τεταγμένα·
443 1405 491 1479 τὴν
514 1404 568 1485 γὰρ
595 1404 665 1480 όλην
693 1405 778 1481 μονὴν
801 1404 848 1466 καί
870 1402 905 1466 τά
927 1407 970 1466 ὑπ’
983 1407 1066 1482 αύτίγν
1088 1405 1134 1468 καί
1157 1406 1219 1487 περὶ
1242 1408 1324 1484 αἰπήν
1351 1411 1555 1484 σνστησαμένη

243 1528 261 1600 ή
285 1522 413 1599 βασιλεία
435 1547 487 1601 μου
504 1523 535 1599 ἐξ
557 1524 663 1587 οἰκείων
685 1526 801 1588 πολλῶν
824 1527 1016 1604 ἀναλωμάτων
1031 1527 1078 1588 καί
1099 1528 1227 1590 δαπανῶν
1247 1529 1343 1592 ἀδειοιν
1359 1530 1418 1608 ἔχει
1434 1533 1556 1602 πάντως

243 1647 409 1728 διορίσασθαι
434 1641 477 1708 ἐπί
499 1649 557 1720 τοῖς
578 1649 706 1721 τοιούτοις
729 1649 866 1724 ἀκινήτοις
887 1651 918 1709 τό
941 1649 1039 1712 δοκοῦν
1062 1652 1138 1732 αύτή,
1169 1649 1216 1712 καί
1239 1650 1368 1726 βούλεται
1390 1653 1437 1711 τόν
1460 1651 1554 1726 αῐαῆς

243 1769 380 1850 διορισμόν
410 1771 502 1846 μένειν
532 1768 731 1850 ἀναλλοίωτον,
762 1773 813 1830 κάν
835 1771 989 1851 πειραθεῖεν
1011 1769 1076 1842 ἴσως
1099 1769 1127 1832 αἰ
1149 1773 1312 1846 μονάζουσαι
1336 1771 1410 1832 ἀλλο
1432 1792 1458 1832 τι
1483 1773 1553 1832 ἐστι·

242 1897 378 1972 χειρήσαι,
408 1891 586 1972 ἀπρόσδεκτοι
618 1892 722 1952 ἔσονται
751 1890 830 1952 παντί
861 1891 1026 1973 δικαστηρίῳ
1049 1885 1168 1969 καὶτῆς
1190 1898 1276 1968 μονῆς
1306 1891 1550 1970 ἐκδιωχθήσονται

244 2013 272 2072 αἱ
292 2013 448 2094 πρωταίτιοι
470 2017 530 2086 ταῖς
553 2014 655 2085 ἄλλαις
677 2019 728 2090 τῆς
749 2013 875 2089 τοιαύτης
898 2013 1105 2093 ἐπιχειρήσεως.

347 2135 425 2215 Κεφ.
448 2135 486 2196 π’.
523 2134 602 2215 ίίερὶ
624 2142 687 2196 τῶν
714 2135 921 2215 όφειλουσιῖνν
952 2135 1046 2213 ἔχειν
1073 2137 1131 2210 τὴν
1163 2135 1316 2216 ἐφορείαν
1339 2141 1399 2208 τῆς
1426 2142 1550 2210 μονῆς.

244 2255 323 2316 Ἐπεί
345 2256 377 2316 δέ
400 2257 582 2337 ἀπαραίτητον
604 2253 639 2334 ἦν
665 2255 713 2317 καί
735 2277 794 2316 τινα
820 2255 884 2338 παρ’
899 2257 966 2333 ἐμού
994 2262 1171 2337 καταστῆναι,
1199 2258 1268 2316 ὥστε
1291 2255 1549 2330 ἀντιλαμβάνεσθαι

242 2384 291 2453 τῆς
314 2383 401 2453 μονῆς
430 2376 478 2438 καί
509 2377 667 2449 σπουδάζειν
691 2379 720 2438 ἐν
744 2380 841 2438 άπασιν
871 2378 1084 2458 ἀπαράθρσωοτα
1107 2377 1245 2458 τηρεῖσθαι
1267 2375 1303 2436 τά
1325 2377 1355 2436 ἐν
1377 2373 1418 2454 τῷ
1440 2397 1550 2438 τυπικω

243 2498 453 2580 διηγορευμένα,
484 2497 531 2559 καὶ
560 2501 653 2576 μέντοι
676 2498 723 2560 καί
754 2498 936 2578 διωρίσατοὴ
965 2497 1094 2575 βασιλεία
1116 2521 1168 2574 μου
1193 2499 1221 2558 ἐν
1242 2497 1282 2576 τῷ
1303 2497 1366 2578 περὶ
1388 2503 1444 2558 τῶν
1467 2498 1549 2578 ἀφει-

242 2621 347 2680 λόντων
370 2620 618 2698 ἀντιλαμβάνεσθαι
641 2627 690 2696 τής
713 2627 799 2697 μονῆς
822 2620 965 2700 κεφαλαίῳ
987 2622 1036 2696 τὴν
1057 2621 1237 2702 περιπόθητόν
1260 2640 1312 2696 μου
1334 2620 1474 2700 θυγατέρα
1498 2619 1549 2680 καὶ

242 2743 501 2824 πορφυρογέννητον,
524 2742 608 2824 κυράν
624 2741 767 2821 Εύάοκίαν,
790 2743 927 2822 περιέπειν
951 2741 1033 2818 αύτὴν
1056 2739 1103 2802 καί
1125 2739 1272 2802 διεκάικεῖν
1293 2737 1347 2800 ἀπό
1361 2746 1417 2800 τῶν
1438 2763 1546 2824 πειρω-

243 2865 332 2939 μένων
355 2863 421 2935 ἰσως
437 2866 503 2946 σύτή
528 2865 688 2946 ἐπηρεάζειν
711 2865 757 2926 καί
781 2865 905 2930 σπεύδειν
928 2866 1066 2946 τηρεῖσθαι
1087 2863 1126 2943 τῷ
1143 2865 1172 2924 ἐν
1187 2863 1225 2943 τῷ
1247 2863 1382 2924 ἐκτεθέντι
1397 2866 1464 2944 παρ’
1477 2865 1546 2940 ἐμοῦ

241 2985 343 3064 τυπικῷ
367 2985 566 3066 διηγορευμένα
589 2987 809 3068 ἀπαράθραυστα.
840 2986 907 3060 ήδέ
923 2986 967 3046 διὰ
981 2987 1031 3058 τὰς
1054 2986 1188 3067 ἁμαρτίας
1210 3005 1272 3065 μου,
1296 2987 1334 3056 ὡς
1358 2983 1475 3066 εἴρηται,
1498 2991 1546 3046 τού

241 3107 306 3190 τῇδε
329 3107 388 3182 βίου
412 3107 577 3189 ἐξεδήμησέ,
601 3109 762 3188 διορίζομαι,
785 3109 830 3168 ἰνα
845 3109 915 3183 μετὰ
930 3110 978 3184 τἠν
995 3109 1064 3184 ἐμὴν
1079 3112 1125 3168 τού
1139 3107 1206 3190 τῇδε
1223 3106 1281 3180 βίου
1304 3109 1471 3182 μετάστασιν
1490 3107 1545 3186 ἔχη

240 3230 290 3304 τήν
314 3227 438 3310 ἐφορείαν
460 3236 509 3304 τής
532 3236 618 3308 μονῆς
639 3231 657 3304 ή
680 3231 858 3307 ποθεινοτάτη
874 3249 926 3306 μου
941 3231 1189 3310 πορφυρογέννητος
1211 3227 1257 3288 καί
1273 3231 1445 3308 καισάρισσα,
1471 3231 1541 3309 κυρά

242 3347 336 3430 Ἅννα,
368 3350 439 3426 μετὰ
461 3349 493 3410 δὲ
516 3352 564 3426 τἠν
586 3352 750 3431 παρέλευσιν
781 3350 864 3428 αύτής
888 3351 942 3435 ἔχη
964 3352 1013 3426 τἠν
1041 3351 1165 3430 ἐφορείαν
1187 3355 1237 3426 τής
1259 3350 1385 3426 τοιαύτης
1413 3357 1502 3426 μονῆς
1526 3353 1543 3424 ἡ

239 3471 420 3552 περιπόθητός
443 3492 495 3548 μου
517 3475 766 3553 τορφυρογέννητος
788 3471 835 3534 καί
857 3474 986 3554 θυγάτηρ,
1009 3471 1078 3554 κυρά
1100 3473 1206 3554 Μαρία,
1229 3474 1288 3548 ἅμα
1308 3477 1342 3554 τῇ
1364 3473 1543 3552 περιποθήτω

241 3611 293 3669 μου
324 3594 438 3676 ἐγγόνη,
468 3594 538 3676 κυρᾷ
560 3593 662 3677 Εἰρήνη
686 3603 718 3677 τῇ
741 3596 887 3677 Δσυκαίνᾳ,
918 3601 951 3678 τῇ
979 3594 1088 3676 θυγατρὶ
1111 3602 1161 3671 τῆς
1182 3596 1434 3675 πορφυρογεννήτου
1457 3600 1542 3674 κυρσῖς

161 3727 167 3740 ’
240 3714 343 3792 Ἄννης.
389 3715 490 3776 τούτων
514 3714 545 3774 δέ
569 3715 774 3792 μεθισταμένων
796 3721 843 3778 τοῦ
864 3717 930 3799 τῇδε
955 3716 1013 3794 βίου
1043 3717 1234 3798 περιέρχεσθαι
1256 3717 1304 3791 τὴν
1326 3716 1452 3790 τοιαύτην
1476 3717 1543 3795 ἐφο-

240 3839 314 3916 ρείαν
337 3835 378 3908 εἰς
401 3837 450 3911 τὴν
481 3837 576 3917 έτέραν
607 3837 742 3917 θυγατέρα
765 3844 815 3913 τῆς
837 3841 1095 3918 πορφυρογεννήτου,
1126 3843 1211 3918 κυράς
1229 3809 1347 3916 ἰΑννης,
1376 3839 1395 3912 ή
1420 3837 1541 3915 ἐγγόνην

239 3961 451 4038 ήπροεγγόνην
474 3958 520 4019 καί
554 3957 663 4038 ἐφεξῆς,
693 3960 743 4032 τάς
765 3960 819 4040 γὰρ
843 3957 874 4032 ἐξ
897 3959 981 4036 αύτῆς
1010 3961 1163 4040 θυγατέρας
1185 3957 1232 4020 καὶ
1255 3959 1374 4038 ἐγγόνοις
1396 3957 1446 4018 καὶ
1468 3979 1541 4039 προ-

240 4081 358 4158 εγγόνας
381 4077 428 4140 καὶ
461 4077 569 4160 ἐφεξῆς,
601 4076 682 4162 άχρις
705 4083 736 4140 ἀν
759 4082 777 4158 ή
798 4085 845 4141 τού
873 4081 976 4156 θήλεος
1005 4083 1100 4160 γένους
1130 4082 1213 4156 αύτής
1243 4079 1318 4159 σειρά
1346 4081 1540 4160 περισώζηται,

239 4201 338 4280 ἐφορᾶν
368 4203 417 4276 τὴν
448 4203 534 4278 μονὴν
556 4209 606 4278 τής
633 4203 870 4282 Κεχαριτωμένης
892 4221 944 4277 μου
973 4203 1141 4277 θεοτόκουή
1173 4201 1302 4276 βασιλεία
1324 4221 1377 4276 μου
1410 4200 1541 4274 βούλεται

237 4323 286 4397 τήν
316 4321 355 4399 τῷ
387 4326 478 4403 χρόνῳ
513 4324 604 4398 μέντοι
637 4325 746 4396 πάντως
776 4329 829 4384 τῶν
863 4323 959 4384 ἀλλων
992 4325 1172 4404 προέχουσαν.
1225 4329 1275 4398 τῆς
1308 4328 1401 4402 σειροῖς
1431 4321 1464 4383 δέ
1495 4329 1540 4384 τοῦ

237 4443 342 4518 θήλεος
364 4445 461 4522 γένους
483 4449 529 4505 τού
552 4445 606 4505 ἀπό
627 4451 677 4520 τῆς
706 4444 846 4515 πολλάκις
876 4443 1003 4525 βηθείσης
1031 4447 1290 4526 πορφυρογεννήτου,
1320 4449 1405 4526 κυράς
1428 4441 1537 4521 ’λννης

236 4567 428 4642 καταγομένου
452 4566 644 4642 ἐπιλειπούσης
670 4569 731 4626 τότε
753 4567 836 4642 ήτής
860 4571 946 4641 μονῆς
968 4567 1068 4639 ταύτης
1091 4565 1233 4643 ἀντίληψις
1255 4566 1462 4645 περιελεύσεται
1484 4567 1537 4626 ἀπό

199 4695 202 4700 “
236 4691 281 4745 τού
303 4689 436 4766 παρόντος
469 4687 604 4766 ἐγγράφου
627 4693 675 4764 τῆς
708 4687 856 4760 βασιλείας
880 4708 932 4762 μου
964 4687 1101 4767 διορισμοῦ
1124 4687 1170 4747 καὶ
1194 4686 1233 4759 εἰς
1257 4687 1321 4762 μίαν
1343 4687 1397 4748 τῶν
1422 4683 1467 4746 ἐπί
1489 4709 1537 4746 τινι
