3222 5284
1325 367 1389 432 335

84 569 177 638 μονῆς
203 563 280 644 παρὰ
301 569 351 639 τῆς
379 563 523 637 βασιλείας
546 584 598 640 μου
626 564 818 643 ἐγκεχῶρηται
845 560 1009 635 έξσυσιοίζειν
1036 563 1108 634 τινδς
1129 567 1183 622 τῶν
1207 562 1235 621 ἐν
1258 563 1336 644 αῦτη,
1360 561 1390 618 οῦ

83 688 313 766 παραχαράττειν
342 707 366 745 τι
397 692 451 746 τῶν
474 686 504 746 έν
533 685 572 764 τῷ
601 689 713 767 παρόντι
742 684 844 764 τυπικῷ
875 685 1069 764 διωρισμένων,
1099 685 1128 744 οῦ
1157 684 1206 759 τὴν
1235 685 1390 761 ἡγουμένην

84 809 229 882 μεθιστάν,
253 808 283 866 οῦ
307 809 433 886 μσναχόις
454 810 640 887 κατατάττειν,
663 807 713 866 οἰνκ
735 805 865 888 εἰσάγειν,
896 807 946 865 οῦκ
972 801 1093 886 ἐξάγειν,
1122 805 1172 865 οῦκ
1194 793 1226 864 ἐν’
1245 805 1391 882 λογισμοῖς

84 948 155 988 τισιν
179 929 332 990 ὑποτιθέναι
355 933 373 1006 ἢ
397 931 479 1005 αὐιὴν
502 931 550 1005 τὴν
573 931 728 1008 ἡγουμένην
751 931 769 1004 ἢ
792 931 838 988 τόν
861 926 1005 1003 οἰκονόμον
1027 927 1120 1003 ἤτινα
1133 933 1187 987 τῶν
1207 928 1390 1006 μσναζουσῶν,

86 1050 131 1127 ἐφ’
148 1041 190 1121 οἷς
214 1049 344 1128 διοικοῦσί
364 1071 395 1112 τε
417 1049 464 1111 καί
485 1055 669 1131 προνοοῦνται,
694 1052 724 1110 οῦ
738 1055 792 1110 τῶν
816 1049 1043 1125 είσσδιαζσμένων
1065 1047 1157 1108 τεκαὶ
1173 1046 1391 1124 ἐξσδιαζομένων

85 1171 194 1246 εἴδησιν
217 1171 341 1232 ἀπαιτεῖν
362 1175 380 1246 ἢ
404 1173 557 1248 λαμβάνειν
579 1193 603 1232 τι
626 1172 679 1232 άπδ
701 1177 750 1247 τῆς
774 1177 861 1246 μονῆς
882 1173 913 1230 τδ
941 1171 1055 1231 σίνολον
1087 1171 1234 1250 ἐπιχειρεῖν
1256 1173 1275 1245 ἢ
1297 1169 1390 1249 νοσφί-

86 1294 184 1363 ζεσθαι
211 1295 242 1352 τό
270 1292 413 1368 οίονοῦνῆ
441 1293 629 1354 διατάττεσθαι
640 1296 675 1370 1)·
707 1294 756 1368 τὴν
782 1293 836 1372 γάρ
864 1293 993 1368 διοίκησιν
1016 1298 1065 1372 τῆς
1093 1297 1180 1368 μονῆς
1201 1290 1249 1351 καὶ
1271 1297 1325 1351 τῶν
1346 1291 1390 1350 ὑπ’

87 1415 176 1488 αῦτὴν
197 1417 308 1475 πάντων
331 1415 546 1495 ἀπερικλόνητον
574 1411 755 1490 ἀνατιθέαμεν
779 1415 845 1496 αῦτη
867 1419 901 1496 τῇ
922 1417 1082 1495 προεστῶσῃ
1103 1412 1150 1473 καὶ
1172 1416 1232 1486 ταῖς
1254 1414 1392 1490 μοναχαῖς

86 1537 162 1596 κατὰ
184 1537 234 1611 τὴν
262 1540 309 1596 τοῦ
335 1540 445 1598 τυπικοῦ
471 1537 628 1616 περίληψιν.
675 1535 718 1596 ἐπὶ
741 1535 773 1595 δὲ
800 1536 884 1616 τοῦτῳ
913 1538 988 1614 μόνῳ
1010 1535 1060 1608 τὰς
1087 1534 1215 1616 ῥηθείσας
1242 1536 1391 1614 ἐρωτῶμεν

85 1664 121 1740 τῇ
146 1663 228 1738 μονῇ,
253 1656 298 1718 ἐπί
319 1657 358 1736 τῷ
380 1661 537 1739 συγκροτεῖν
560 1677 590 1717 τε
612 1657 659 1718 καὶ
681 1658 819 1737 περιέπειν
843 1659 925 1732 αῦτόν
947 1677 978 1716 τε
1001 1655 1048 1716 καὶ
1070 1657 1113 1716 ὑπ’
1128 1659 1219 1739 αὐτόν,
1241 1651 1289 1717 καί
1304 1679 1390 1718 σκαν-

87 1779 277 1854 δαλιζομένας
299 1779 366 1852 ἴσως
387 1779 437 1852 τὰς
460 1779 585 1856 μοναχὰς
608 1776 754 1859 εἰρηνεύειν
777 1777 824 1839 καὶ
846 1777 992 1852 ἀποσοβεῖν
1015 1779 1077 1851 τοὺς
1100 1779 1248 1853 ἐθέλοντας
1269 1781 1326 1850 τοῖς
1340 1785 1391 1856 τῆς

87 1906 179 1976 μονῆς
207 1899 384 1976 ἐπεμβαίνειν
412 1899 528 1973 δικαίοις
549 1903 568 1974 ἢ
594 1900 775 1980 παραθροάιειν
797 1921 822 1960 τι
843 1905 897 1960 τῶν
921 1900 950 1959 έν
972 1899 1011 1980 τῷ
1033 1903 1143 1980 παρόντι
1165 1900 1268 1980 τυπικῷ
1291 1901 1390 1981 διηγο-

87 2023 241 2102 ρευμένων,
272 2021 384 2102 ἀρκέσει
406 2021 438 2082 δέ
470 2023 563 2092 ουίταῖς
585 2023 615 2082 τό
646 2022 862 2097 μνημονεύεσθαι
890 2023 972 2097 μόνον
994 2022 1058 2082 καθ’
1071 2023 1187 2097 ἑκάστην
1212 2023 1240 2081 ἐν
1262 2028 1296 2104 τῇ
1320 2029 1389 2098 μονῆ

71 2141 138 2203 ’καί
163 2143 233 2219 μετὰ
263 2145 379 2204 θάνατον
401 2145 457 2214 τοῖς
488 2119 571 2224 ἱεροῖς
599 2143 736 2222 διπτίιχοις
765 2135 1024 2229 [ἐγ]γράρεσθαιί)·
1053 2146 1084 2204 τό
1113 2144 1168 2224 γόιρ
1198 2145 1285 2226 παρόν
1311 2147 1391 2220 ἡμῶν

86 2266 202 2325 τυπικδν
225 2266 384 2342 βουλόμεθα
408 2266 483 2343 ἔχειν
506 2267 536 2325 τό
558 2268 658 2346 κράτος
678 2265 831 2340 σίκλόνητόν
846 2286 876 2324 τε
891 2263 938 2324 καί
958 2265 1152 2348 ἀπαράτρωτον
1175 2267 1257 2348 μέχρι
1279 2270 1390 2346 παντός,

87 2388 130 2462 μὴ
154 2387 312 2466 προσθήκην
334 2387 395 2446 τινὰ
417 2386 579 2467 δεχόμενον,
611 2387 650 2462 μὴ
673 2385 825 2468 ἀφαίρησιν,
856 2388 895 2462 μὴ
918 2387 1108 2464 μεταποίησιν·
1137 2387 1269 2448 οῦδέποτε
1291 2392 1345 2470 γάρ
1366 2411 1392 2450 τι

88 2515 147 2568 τῶν
172 2507 201 2567 έν
227 2510 312 2588 τοότῳ
340 2507 549 2589 διηγορευμένον
571 2513 590 2583 ἡ
619 2504 904 2589 διαγορευθησομένων
932 2509 1143 2590 παραβαθήσειε
1166 2509 1183 2584 ἤ
1206 2531 1266 2570 τινα
1292 2513 1391 2592 τρόπον

87 2625 300 2716 [ἀλλοίωσιν]3)
323 2633 342 2705 ἢ
369 2631 546 2706 μεταποίησιν
574 2628 682 2703 δέξεται
704 2632 769 2712 παρ’
782 2631 942 2711 σὐτινοσσῦν,
969 2630 1032 2691 οῦδὲ
1056 2631 1085 2690 ἐν
1113 2631 1162 2714 μιᾷ
1188 2637 1283 2713 καιροῦ
1310 2634 1391 2716 ῥοπῇ,

87 2755 145 2812 κάν
175 2751 277 2830 πολλῷ
307 2753 448 2833 κρείττονα
479 2753 652 2831 διατάγματα
674 2752 721 2814 καὶ
744 2750 951 2830 οἰκονομήματα
974 2752 1030 2812 εἴτε
1050 2755 1116 2834 παρ’
1128 2755 1212 2829 σίντης
1233 2761 1284 2831 τῆς
1304 2755 1391 2834 ἡγου-

86 2875 189 2955 μένης,
217 2873 273 2934 είτε
300 2874 375 2954 παρὰ
396 2879 446 2950 τῆς
467 2881 518 2951 τῆς
545 2880 632 2952 μονῆς
660 2875 938 2951 ἀντιλαμβανομένης
965 2873 1100 2954 εἰσάγοιτο
1128 2881 1161 2958 τῇ
1189 2881 1269 2958 μονῇ,
1299 2873 1331 2948 ἐξ
1353 2873 1391 2936 ὧν

85 2995 274 3075 προσδοκᾶται
297 2997 379 3070 αῦτην
401 3017 431 3054 τε
455 2991 557 3055 καὶτὰ
579 2997 622 3056 ὑπ’
635 2998 717 3072 αῦτὴν
741 2996 860 3056 ἐπίδοσιν
884 2995 1015 3074 μεγίστην
1037 2997 1136 3072 λαβεῖν
1158 2995 1204 3056 ναί
1226 2999 1392 3058 κατάστασιν

86 3115 242 3198 κρείττονα.

196 3239 273 3317 Κερ.
297 3236 332 3298 δ’.
356 3237 437 3318 Περὶ
459 3243 513 3298 τοῦ
535 3244 604 3310 πῶς
626 3242 663 3298 ἂν
687 3238 840 3316 διάγοιεν
862 3237 895 3296 ἐν
910 3245 948 3320 τῇ
964 3243 1048 3319 μονῇ
1064 3237 1096 3297 αί
1113 3238 1227 3298 ἐκτῶν
1244 3239 1391 3319 ἐγγόνων

88 3361 188 3436 ἡμῶν
211 3359 474 3438 οἰποκειρόμεναι
496 3359 609 3420 καὶέν
631 3361 731 3442 ταῦτη
753 3359 1052 3440 παραχωρηθεῖσαι
1076 3358 1204 3438 διάγειν
1224 3359 1279 3420 καὶ
1303 3362 1334 3421 αἰ
1355 3363 1392 3422 ἐκ

84 3487 155 3540 τῶν
177 3482 460 3562 περιρανεστέρου
484 3481 555 3554 βίου
578 3480 635 3540 καί
657 3485 781 3557 σεμνοῦ
803 3480 1074 3562 προσερχόμενοι
1096 3487 1133 3562 τῇ
1156 3483 1290 3566 τοιαῦτῃ
1307 3491 1391 3567 μονῇ

85 3599 147 3662 καὶ
170 3601 437 3682 ἀποκειρόμεναι
460 3604 493 3662 ἐν
517 3605 605 3685 αὐτῇ.
638 3601 705 3661 Ἐάν
729 3601 760 3661 δέ
775 3622 815 3672 τις
830 3607 883 3662 τῶν
903 3602 1058 3682 θυγατέρων
1073 3607 1123 3676 τῆς
1144 3607 1392 3683 πορφυρογεννήτου

85 3728 176 3804 κυρᾶς
202 3723 305 3798 Ἀνιης
331 3727 350 3798 ἢ
376 3730 426 3799 τῆς
454 3725 704 3805 πορρυρογεννήτου
733 3728 818 3804 κυράς
846 3721 957 3802 Μαρίας
988 3723 1016 3782 ἐν
1043 3728 1076 3805 τῇ
1106 3723 1215 3805 τοιαίιτρ
1246 3731 1316 3807 μονῇ
1343 3727 1392 3800 τὴν

85 3845 226 3920 κοσμικὴν
249 3843 330 3922 τρίχα
351 3845 464 3920 θελήσει
486 3844 627 3925 κείρασθαι
648 3848 667 3920 ἢ
689 3842 737 3904 καὶ
752 3843 806 3903 άπδ
821 3849 876 3903 τῶν
892 3841 946 3916 ἔξω
962 3843 1132 3924 ἀποκαρεῖσα
1148 3843 1276 3925 εἰσέλθοι,
1299 3867 1390 3926 παρα-

87 3967 193 4026 δεκτέα
217 3965 301 4046 έσται,
328 3965 376 4026 καί
400 3965 422 4026 εἰ
446 3967 497 4042 μὲν
519 3964 558 4046 τῷ
581 3965 652 4046 αότῷ
674 3967 748 4045 τόπῳ
770 3964 868 4028 τεκαὶ
890 3966 983 4025 κανόνι
1007 3966 1136 4042 ἐμμένειν
1161 3966 1287 4040 βούλοιτο
1311 3969 1340 4027 ἐν
1363 3987 1392 4027 τε

86 4092 123 4169 τῇ
155 4086 283 4168 διαγωγῇ
306 4086 353 4146 καί
383 4086 472 4168 διαίτῃ
495 4086 542 4148 καὶ
572 4082 699 4170 κατοικία
719 4086 767 4146 καὶ
796 4089 870 4168 πάσρ
902 4086 980 4168 άλλη
1003 4093 1056 4146 τῶν
1081 4087 1109 4147 ἐν
1139 4089 1222 4172 ταύτῃ
1253 4089 1392 4149 δοκουσῶν

86 4211 265 4287 καταστάσει,
297 4207 385 4284 μηδέν
405 4229 431 4268 τι
453 4208 690 4287 παρηλλαγμένον
713 4206 759 4268 καί
781 4213 831 4284 τῆς
853 4213 906 4268 τῶν
929 4208 1033 4268 λοιπῶν
1056 4213 1229 4283 μοναζσυσῶν
1251 4210 1393 4284 πολιτείας

88 4331 239 4410 ἀλλότριον
272 4328 488 4410 ἐπιδεικνυμένη,
521 4329 703 4400 εῦαπόδεκτος
726 4331 792 4404 αῦτη
822 4327 869 4388 καί
892 4327 947 4407 θεῷ
970 4327 1017 4388 καί
1040 4327 1101 4405 ἐμοὶ
1123 4329 1190 4411 ὑπὲρ
1211 4337 1260 4408 τῆς
1283 4330 1393 4412 ἀρίστης

198 4617 218 4684 ¹)
236 4613 366 4685 ἐπιχειρεῖν
388 4615 403 4678 ἢ
422 4632 491 4682 νοσρ.
510 4613 538 4666 τό
563 4613 690 4679 οἱονοῦνη
714 4612 882 4666 διατάττεσθαι
905 4613 1041 4685 ἐπιχειρεῖν.
1060 4617 1095 4666 M.
1168 4613 1186 4686 ²)
1204 4613 1338 4683 γράφεσθαι
1356 4617 1391 4666 Μ.

89 4713 111 4778 ³)
131 4711 333 4778 Supplevimus.
1417 4707 1428 4716 ”
