3208 5310
1279 341 1320 406 41

20 539 130 616 πλησίον
156 537 290 614 κείμενον
312 537 452 616 ἀμπελίου
473 543 520 600 τοῦ
534 533 722 624 Συρτοίμαση]
746 539 776 598 πθ
799 537 930 616 σθνεγγυς
952 541 1001 613 τῆς
1023 533 1127 610 οἰκείας
1142 540 1191 612 τῆς
1206 536 1322 618 Μαυρο-

20 663 98 735 οικίας
123 659 234 738 μοθίων
251 659 288 724 θ’.
312 664 439 744 χωροίρια
462 659 564 738 μοδίων
580 657 640 736 ξα’.
665 655 827 747 [κομμάπια]
844 657 868 722 θ’
880 656 932 735 ς”.

118 783 295 857 Ὧσοθτως
316 781 373 844 καὶ
394 784 432 844 τὰ
453 789 512 860 τῆς
534 788 640 860 μονῆς
662 787 717 846 τοῦ
740 783 836 862 ἁγίου
852 779 1003 864 Ἐσθροίς.
1027 780 1147 858 ἀμπέλιν
1161 780 1192 840 πθ
1208 774 1262 840 ἀπὸ
1277 783 1324 842 ποθ

20 909 87 982 Ροζῇ
112 908 148 967 πο
171 907 330 986 λεγόμενον
351 909 399 968 σοῦ
420 905 609 986 Μαυριαννίκη
631 907 662 966 το
683 905 800 982 πλησίον
823 902 960 982 ἀμπελίου
980 900 1071 980 Θωμᾶ
1092 906 1139 964 τοῦ
1154 903 1324 983 Καμαιηροθ

20 1031 161 1104 οομμοίπια
184 1027 232 1089 θθο
256 1027 302 1087 σθν
324 1031 370 1088 τοῦ
393 1028 497 1089 ἄνωθεν
520 1026 655 1109 ἁρμακίου
682 1026 822 1108 ἀμφότερα
845 1025 948 1102 μοθίιυν
963 1023 1002 1106 γ’,
1035 1026 1086 1086 ὅσα
1108 1021 1156 1084 καὶ
1178 1014 1223 1084 οίοί
1246 1020 1322 1084 εἰσιν.

22 1153 108 1230 ἑπερον
133 1151 168 1212 πθ
189 1149 365 1226 καλούμενον
385 1154 437 1226 ,πῆς
452 1149 593 1230 Ὑθροίχας
616 1150 646 1210 τὸ
668 1147 785 1225 πλησίον
808 1147 945 1224 θμπελίου
959 1149 1006 1208 τοῦ
1023 1145 1154 1229 Πεπρίπζη
1171 1143 1268 1222 μοθίου
1284 1141 1321 1206 α’.

24 1277 109 1352 ἕτερον
144 1269 186 1344 εἰς
215 1271 262 1332 που
297 1271 376 1332 αἰπθν
408 1271 490 1332 πθπον
518 1272 547 1331 rb
570 1270 673 1331 ἄνωθεν
695 1275 745 1346 τῆς
767 1269 947 1352 Στρογγυλῇς
969 1268 1054 1348 ἤγουν
1076 1271 1123 1329 τοῦ
1146 1268 1324 1346 Ἄληθινοίτου

25 1397 143 1475 ίρμίκια
167 1392 216 1456 δύο
238 1393 274 1454 τὰ
295 1393 456 1474 φυτευθέντα
476 1391 551 1474 παρὰ
572 1393 801 1473 ποῦΚαμαπηροῡ
824 1389 919 1468 μοθίου
931 1389 968 1452 α’.
993 1393 1085 1471 ἕτερον
1109 1389 1215 1466 ἀμπέλι
1237 1387 1278 1462 εἰς
1292 1389 1323 1450 πθ

25 1517 213 1597 θρογγαρικθν
235 1517 375 1592 κομμάτια
388 1511 413 1590 β’
436 1515 470 1575 τίι
491 1514 608 1590 πλησίον
631 1514 768 1591 ἀμπελίου
789 1519 836 1575 τοῦ
852 1515 983 1574 Σταϊοίνου
1005 1511 1052 1574 καὶ
1074 1516 1121 1573 ποθ
1136 1512 1323 1588 Φλεβοτόμου

25 1639 121 1714 μεθίων
140 1636 167 1698 α’
180 1635 232 1713 ς”.
265 1641 356 1719 ἕτερον
384 1635 424 1710 εἰς
451 1637 499 1713 τὴν
521 1637 681 1700 τοποθεσίαν
708 1640 755 1698 τοῦ
777 1636 909 1710 Αθλιῖινος
931 1636 962 1696 πθ
984 1635 1038 1696 οἰπθ
1060 1638 1107 1696 τοῦ
1131 1635 1150 1694 Γ
1152 1635 1266 1716 ερακοίρι
1290 1634 1321 1694 πθ

26 1761 223 1839 ἐπλεγόμενου
245 1766 296 1838 τῆς
315 1761 511 1841 Κουροκαρέος
532 1761 563 1820 πθ
585 1760 718 1840 σύνεγγυς
740 1757 788 1819 καὶ
811 1757 990 1820 ἀποκοίπωθεν
1013 1757 1149 1834 ἀμπελίου
1170 1761 1217 1818 τοῦ
1232 1757 1324 1834 Τιμο-

26 1885 91 1962 θέου,
115 1885 214 1956 καθώς
238 1883 294 1943 ἐοπι
315 1883 537 1964 περιωρισμένον,
560 1879 608 1942 καὶ
631 1885 723 1962 ἕτερον
745 1882 776 1942 πθ
799 1881 954 1962 λεγόμενον
976 1883 1022 1940 τοῦ
1037 1881 1187 1961 Ἀσπρόγου
1202 1881 1232 1941 πθ
1246 1878 1324 1956 πλη-

27 2006 75 2065 οίον
99 2005 239 2082 ἀμπελίου
260 2009 308 2066 τοῦ
322 2006 480 2084 Τζητζῇρου
502 2002 549 2064 καὶ
571 2008 617 2066 τοῦ
631 2004 777 2086 Τιμοθέου,
799 2004 893 2076 καθώς
909 2003 963 2064 ἐστι
981 2001 1207 2085 ἰθιοπεριὸριοτον.
1232 2005 1325 2085 ἕτερον

26 2125 60 2199 εἷς
82 2130 129 2188 πὀν
152 2129 231 2188 αὑτὸν
253 2129 336 2188 τόπου
357 2128 388 2187 πθ
410 2125 565 2206 λεγόμενον
587 2130 634 2187 τοῦ
656 2122 783 2199 Ὗλακος
803 2127 834 2186 πθ
858 2126 912 2186 ἀπὸ
935 2124 1025 2200 Θωμᾶ
1046 2129 1093 2187 τοῦ
1108 2125 1257 2206 Καρβουνᾶ
1279 2123 1325 2185 σθν

26 2249 69 2308 καὶ
98 2254 145 2310 ποθ
173 2251 278 2310 ἄνωθεν
304 2248 442 2325 ἀμπελίου
468 2251 515 2308 τοῦ
542 2247 596 2308 ιἰπθ
623 2251 669 2308 τοῦ
692 2247 828 2328 Γερακοίρι
857 2246 958 2324 μοδίοιν
975 2243 1001 2321 β’
1023 2248 1109 2326 ἤγουν
1131 2250 1271 2324 κομμάτια
1285 2246 1323 2328 γ’.

29 2375 104 2452 ἕτεροι
127 2371 254 2447 ἀμπέλια
275 2369 316 2444 εἰς
338 2370 387 2446 πἠν
410 2369 493 2448 αθπὴν
515 2369 676 2430 ποποθεσίοιν
698 2369 729 2429 πθ
751 2368 907 2448 λεγόμενον
928 2369 1022 2450 Βαρὴν
1046 2369 1091 2430 οθν
1114 2373 1161 2432 τοῦ
1183 2369 1326 2450 Δουγοίτου

28 2494 58 2552 τί
86 2493 264 2554 ἀποκάτιιιθεν
293 2498 343 2570 τῆς
370 2495 416 2554 Φέ
451 2512 465 2563 ς
494 2491 612 2569 πλησίον
642 2491 779 2569 θμπελίου
808 2497 855 2554 ποθ
885 2491 1110 2574 Κολυανδροίτου,
1142 2494 1236 2566 καθώς
1270 2494 1325 2556 ἐστι

30 2617 245 2698 περιωρισμένου,
268 2615 370 2691 μοθίων
387 2612 420 2676 θ’.
446 2617 538 2696 ἕτερον
560 2615 676 2692 πλησίον
696 2619 742 2676 τοῦ
758 2615 838 2676 αθτοθ
852 2615 937 2695 ἤγουν
952 2621 1006 2676 τῶν
1021 2617 1208 2698 Καπαπέτρων
1224 2615 1326 2693 μοθίων

34 2735 51 2810 ,θ’
64 2736 103 2813 ς”
127 2739 172 2798 σθν
198 2743 249 2815 τῇς
271 2739 393 2818 Κορέας,
426 2739 518 2817 ἕτερον
547 2737 651 2798 ἄνωθεν
678 2741 725 2799 τοῦ
747 2737 884 2814 ἀμπελίου
905 2741 952 2800 τοῦ
974 2739 1128 2819 Τζητζίρου
1149 2739 1180 2798 πθ
1203 2738 1256 2798 ἀπο
1279 2743 1326 2800 τοῦ

36 2861 210 2936 Φλεβοτὲμου
238 2858 332 2936 μοδίου
348 2857 385 2920 α’.
424 2861 517 2938 ἕτερον
540 2857 580 2932 είς
602 2860 651 2936 τὴν
672 2859 807 2940 περιοχὴν
829 2864 883 2920 τῶν
906 2861 1077 2944 Δαματορῶν
1099 2861 1130 2921 πθ
1152 2861 1325 2938 καλοίμευον

38 2988 74 3042 τοῦ
95 2983 190 3043 Ῥόδου
216 2983 248 3044 πθ
270 2981 387 3058 πλησίον
416 2981 553 3058 ἀμπελίου
576 2978 708 3068 ἐκεί[νου]
732 2983 822 3063 κυρίου
845 2981 994 3046 Θεοδοσίου
1017 2986 1063 3044 τοῦ
1085 2982 1247 3044 Μονουνίου
1270 3005 1325 3060 μο-

41 3103 88 3164 {tau
101 3103 151 3180 ς”.
176 3109 269 3186 ἕτερον
292 3101 332 3178 είς
354 3103 399 3165 πθν
421 3105 503 3164 τόπον
525 3109 579 3166 τῶν
595 3105 775 3186 Πετρακὸυων
798 3107 829 3165 πθ
851 3105 906 3166 ἀπο
928 3110 974 3167 τοῦ
996 3108 1148 3187 κεντάρχου
1164 3105 1259 3182 μοθίου
1273 3103 1324 3180 ς”.

44 3229 120 3306 ἕτερον
140 3231 186 3288 τοῦ
201 3229 345 3309 Δρογοίπου
366 3227 397 3288 πθ
420 3227 597 3288 ἀποκάτωθεν
620 3232 670 3304 τῆς
693 3227 874 3308 διερχομένης
897 3227 961 3288 θθοῡ
976 3225 1023 3287 καὶ
1038 3228 1155 3306 πλησίον
1170 3231 1216 3288 τοῦ
1230 3227 1324 3304 ἀμπε-

44 3347 93 3407 λίου
116 3353 159 3410 τοῦ
184 3350 358 3426 καλουμένου
380 3347 559 3410 Ταλθονοίπου
589 3349 683 3426 μοθίου
700 3347 736 3411 α’.
768 3350 913 3429 ἕτεροντὸ
936 3349 1091 3428 λεγομένου
1114 3348 1326 3427 τῇςἈμπέλου

46 3471 69 3528 το
91 3472 199 3548 πλησίον
227 3472 365 3548 ἀμπελίου
391 3476 438 3532 τοῦ
460 3473 633 3552 Καμαπηροῦ
661 3471 756 3549 μοθίου
772 3467 823 3547 ς”.
855 3472 958 3550 θμπέλι
987 3471 1027 3545 εἰς
1053 3472 1085 3532 πο
1108 3473 1214 3534 θυσικθν
1242 3474 1326 3554 μέρος

48 3593 131 3672 χορίου
155 3599 201 3655 τοῦ
223 3595 345 3668 Σκινέως
374 3596 404 3656 πθ
431 3595 547 3672 πλησίον
573 3599 621 3656 τοῦ
644 3595 812 3656 Ἐνοικιοίτου
840 3594 884 3655 σὺν
911 3594 959 3656 καί
980 3601 1030 3672 τῆς
1053 3595 1147 3668 ουκίας
1169 3595 1273 3672 μσθίιυυ
1289 3592 1324 3672 β’.

52 3716 124 3794 ἕτερον
150 3713 254 3793 ἀμπέλι
282 3718 312 3777 ἐν
338 3722 372 3800 τῇ
400 3716 467 3800 αὐτῇ
489 3722 607 3800 περιοχῇ
629 3719 769 3793 κομμοίτια
785 3716 813 3792 β’
835 3717 870 3778 πθι
891 3718 1035 3798 λεγόμενα
1056 3722 1103 3780 τοῦ
1125 3719 1249 3800 Τροχοίρι
1272 3739 1327 3796 μο-

53 3835 101 3894 ἶίιν
115 3837 146 3899 θ’.
175 3841 268 3920 ἕτερον
294 3839 325 3900 πθ
351 3838 423 3900 κατὰ
450 3839 549 3919 ἄρκτον
573 3837 701 3915 κείμενον
722 3843 769 3900 τοῦ
790 3840 893 3922 χωρίου
915 3841 945 3900 πθ
969 3841 1100 3920 οθνεγγυς
1121 3845 1168 3902 τοῦ
1190 3839 1326 3916 ἀμπελίου

54 3963 88 4018 το]
108 3959 188 4042 Τονρί
215 3959 310 4036 μοθίου
325 3957 361 4021 α’.
393 3939 497 4034 ἔξωθεν
522 3961 615 4022 τούτου
642 3958 801 4037 ἐξάμπελον
830 3963 861 4022 τ“ο
887 3960 1004 4038 πλησίον
1026 3966 1073 4024 που
1095 3963 1258 4023 Γουλολέων
1280 3967 1327 4024 τοῦ

58 4077 165 4154 ίμπελίου
186 4089 232 4144 τοῦ
255 4083 308 4145 ἀπὸ
330 4085 361 4144 πθ
383 4085 551 4165 Στρατοκόπι
574 4080 670 4160 μοθίου
684 4081 734 4160 ς”.
758 4088 851 4166 ἕτερον
867 4085 896 4146 ἐν
919 4091 953 4168 τῇ
975 4086 1043 4168 αθιῇ
1065 4091 1182 4167 περιοχῇ
1203 4085 1234 4146 πθ
1249 4085 1327 4160 πλη-

59 4199 100 4258 υἷιν
122 4205 161 4265 καὶ
190 4207 322 4286 σύνεγγυς
351 4207 478 4283 ἀμπέλου
507 4209 553 4268 τοῦ
577 4206 730 4284 Ἐνοικιοίκη
762 4207 816 4267 ἀπὸ
845 4209 876 4268 πθ
906 4211 1052 4284 συκάμινον
1074 4207 1105 4267 πθ
1127 4207 1199 4267 κατὰ
1221 4205 1327 4282 δυσμὰς

60 4327 121 4404 μέρος
142 4329 191 4389 ἀπο
214 4330 244 4388 πθ
267 4329 377 4409 σύνορον
400 4333 447 4389 τοῦ
469 4329 549 4389 αθτοῦ
572 4328 741 4388 Ἐνοικιοίπου
764 4327 860 4404 μοδίου
875 4325 927 4406 §na
959 4329 989 4388 πθ
1012 4328 1158 4409 περιελθον
1181 4333 1214 4411 πῇ
1238 4329 1327 4407 ἁγιω-

61 4463 108 4528 ἐτη
125 4457 187 4533 μονῇ
210 4451 265 4510 ἀπθ
287 4454 333 4511 τοῦ
356 4449 534 4531 Καψοοιδίου,
557 4451 651 4524 καθὼς
674 4446 750 4529 εἶχεν
774 4453 838 4511 αθπθ
862 4448 893 4524 ἐξ
916 4451 1019 4531 ἀγορᾶς
1042 4450 1095 4510 ἀπο
1117 4453 1164 4510 τοῦ
1183 4450 1325 4531 Ἀρσάκου.

62 4565 138 4639 ίμπέλι
161 4571 189 4632 ἐν
215 4579 249 4656 πῇ
276 4579 392 4654 περιοχῇ
415 4576 462 4634 τοῦ
484 4573 597 4633 Σκινὲου
619 4573 649 4632 πθ
672 4573 795 4633 κᾶπωθεν
817 4577 868 4648 τῆς
891 4571 955 4632 δθοϋ
985 4573 1015 4632 πθ
1038 4571 1090 4632 ἀπθ
1113 4578 1160 4633 τοῦ
1183 4569 1327 4647 Ἀληθινοῦ

63 4687 97 4749 ίπθ
114 4700 152 4752 τοῦ
171 4697 238 4756 ὅλου
261 4695 353 4772 λαχοῡ
374 4689 471 4776 τρίπον,
496 4693 589 4770 μοδίου
605 4690 654 4769 ς”.
679 4697 771 4773 ἕτερον
795 4692 834 4766 εἷς
856 4695 901 4754 τὀυ
925 4694 1004 4754 αθτθν
1026 4696 1107 4754 τόπου
1127 4695 1158 4754 πθ
1172 4693 1327 4773 λεγόμενον
