3208 5310
602 619 769 688 Αὐλῶνος.

143 790 192 850 Ἐν
223 797 258 872 τῇ
287 796 405 873 περιοχῇ
431 795 477 852 τοῦ
494 791 627 864 Αὐλῶνος
653 794 791 872 χωράριον
817 793 849 852 το
875 791 992 868 πλησίον
1014 797 1060 854 τοῦ
1082 795 1263 876 Κολυοίνδρου
1285 817 1340 872 μο-

53 911 107 970 θίων
128 909 220 987 δ’ς”.
247 913 338 991 ἕτερον
361 909 401 984 είς
421 913 467 974 τθν
490 913 569 972 αθτθν
590 914 672 972 τόπον
694 913 724 972 τθ
746 910 862 988 πλησίον
885 909 1022 989 ἀμπελίου
1043 918 1090 974 τοῦ
1112 917 1265 998 Τζατζὲρου
1288 938 1341 992 μο-

52 1032 100 1090 θίου
118 1029 170 1108 ς”.
203 1036 299 1114 ἕτερον
328 1033 463 1110 δθσηθλον
489 1039 543 1094 τῶν
566 1033 750 1115 Μανθραιιίων
777 1035 808 1094 το
835 1033 939 1094 ἀνωθεν
967 1035 1109 1110 θνσηθλων
1134 1041 1181 1098 τοῦ
1204 1038 1340 1114 Τιμοθέου

51 1154 134 1226 μοθίου
154 1151 208 1230 ς”.
242 1157 325 1236 ἕτεροί
354 1153 404 1216 είσι
433 1157 561 1236 χωράρια
589 1155 624 1216 τὰ
652 1154 768 1231 πλησίον
795 1155 940 1237 χωραρίων
968 1160 1014 1216 τοῦ
1040 1161 1090 1236 κῦρ
1112 1157 1198 1218 Ἠλία
1225 1157 1341 1222 καὶτοῦ

51 1275 124 1350 Ῥαζη
146 1276 245 1350 μοδίου
269 1275 306 1336 α’.
330 1280 468 1357 χωρσίριον
490 1283 540 1352 τῆς
556 1278 758 1358 Χοιροσράκζου
780 1283 833 1336 τῶν
855 1279 961 1356 ταρέων
980 1281 1011 1338 τὸ
1027 1279 1180 1358 λεγόμενον
1196 1285 1246 1357 τῆς
1261 1281 1340 1342 Σκυ-

51 1399 114 1474 ρίοις,
136 1399 202 1457 ὅσον
224 1397 272 1458 καὶ
295 1390 352 1458 οἷον
376 1399 441 1479 ἐστι,
466 1398 566 1475 μοθίων
581 1397 623 1476 ς’.
647 1401 785 1479 χωροίριον
807 1404 856 1476 τῆς
871 1397 1083 1478 Ξυλοκεροιτέας
1104 1401 1135 1462 τ“ο
1150 1400 1268 1476 πλησίον
1283 1423 1340 1480 χω·

51 1518 132 1596 μορίου
152 1525 201 1580 τοῦ
217 1519 384 1600 Καματεροῦ
405 1518 453 1580 καὶ
474 1525 520 1580 τοῦ
538 1519 668 1601 Πετρίτῖη
692 1519 793 1595 μοθίων
816 1519 852 1596 β’.
877 1522 969 1600 ἕτερον
984 1525 1121 1603 χωράριον
1137 1521 1176 1594 εἰς
1191 1524 1240 1598 τὴν
1256 1523 1340 1584 Πλα-

51 1639 103 1714 γίαν
123 1642 152 1698 το
177 1642 283 1702 ἀνωθεν
305 1647 356 1716 τῆς
381 1639 484 1711 οἰκείας
506 1646 553 1702 τοῦ
576 1642 723 1717 Ἀληθινοῦ
751 1641 847 1716 μοδίου
869 1639 905 1702 α’.
933 1645 1073 1723 χωράρισν
1095 1650 1149 1704 τῶν
1171 1644 1288 1724 Καρίων
1310 1646 1340 1706 το

51 1758 154 1836 πλησίον
176 1762 226 1822 καί
248 1764 380 1844 σύνεγγυς
401 1763 539 1845 χωραρίου
562 1769 608 1824 τοῦ
624 1763 809 1840 Φλεβοτόμου
832 1763 934 1840 μοθίων
958 1763 993 1839 β’.
1018 1767 1111 1846 ἕτερον
1133 1767 1163 1826 το
1180 1766 1285 1826 ἀνωθεν
1307 1767 1339 1826 το

52 1881 194 1958 λεγόμενον
217 1890 268 1961 τῆς
283 1886 404 1962 Ἐλάτης
426 1885 522 1960 μοθίου
537 1883 591 1961 ς”.
614 1885 716 1962 ὁμοίως
740 1886 768 1946 ἐν
790 1891 824 1968 ιη
839 1889 957 1966 περιοχῇ
971 1890 1021 1960 τῆς
1037 1886 1263 1962 Ἀμπελοβοίιλου
1276 1908 1339 1966 χω-

54 2005 132 2082 ρίρισν
153 2010 201 2066 τοῦ
223 2006 350 2066 Παλαιοῦ
366 2005 497 2066 Ἀλωνίσυ
518 2007 612 2078 καθίυς
633 2011 748 2088 κρατοῦν
770 2007 802 2066 το
823 2007 924 2083 θθωμα
945 2004 991 2066 σίιν
1013 2011 1067 2066 τῶν
1087 2005 1179 2086 ἀγρῶν
1194 2009 1278 2086 μέχρι
1291 2013 1341 2083 τῆς

53 2125 106 2184 θοοῦ
125 2129 193 2206 προς
216 2134 267 2204 τῆς
285 2129 399 2210 Κορέας
420 2130 451 2188 τὸ
474 2131 568 2210 μέρος,
590 2127 638 2189 καί
659 2127 819 2204 καταβαίνει
842 2131 925 2207 μέχρι
947 2132 993 2188 τοῦ
1015 2127 1263 2207 προσκεφαλαδηου
1285 2129 1339 2190 λα-

53 2245 137 2322 χιάηου
157 2254 205 2310 τοῦ
229 2251 329 2310 Χοίθιᾶ
350 2249 397 2310 καί
419 2251 569 2331 ἀπέρχεται
591 2251 640 2326 τὴν
655 2250 778 2328 ποθείαν,
800 2254 851 2310 ποῦ
866 2249 1006 2326 ἀναβαίνει
1020 2247 1068 2308 καί
1082 2249 1241 2326 καταβαίνει
1257 2251 1340 2331 μέχρι

54 2366 176 2440 ίμπελίου
197 2376 245 2432 τοῦ
262 2371 446 2452 Προεδρυίτσυ,
469 2373 520 2432 ὅσα
541 2371 587 2432 καὶ
610 2366 655 2432 οἷσί
674 2369 749 2434 εἰσιν.
773 2373 866 2452 έτερον
881 2374 927 2430 τοῦ
945 2371 1069 2430 Παλαιοῦ
1085 2370 1225 2450 Ἀλωνίου,
1246 2371 1339 2443 καθὼς

55 2491 199 2566 καταβαίνει
222 2495 306 2574 μέχρι
328 2499 382 2554 τῶν
404 2491 560 2570 οἰκημάτων
582 2498 628 2554 τοῦ
650 2494 830 2572 Ἀβαστοίγου,
852 2491 954 2568 μοθίων
978 2490 1014 2568 β’.
1047 2493 1140 2573 ἕτερον
1162 2493 1193 2554 το
1215 2493 1339 2554 κάτωθεν

55 2611 132 2671 κοίτου
152 2613 200 2674 καὶ
222 2614 341 2692 πλησίον
362 2613 501 2696 χωραρίου
523 2619 569 2676 τοῦ
585 2615 684 2676 Χοὶθιᾶ
698 2612 746 2676 καὶ
759 2613 876 2689 πλησίον
891 2618 937 2674 τοῦ
952 2616 1051 2694 τράρου
1067 2613 1163 2689 μοθίου
1179 2612 1220 2674 α’·
1245 2617 1338 2695 ἕτερον

56 2732 174 2808 ίρμίκισν
188 2738 220 2796 τ“ο
236 2734 339 2810 ἔξωθεν
353 2741 399 2796 τοῦ
414 2739 513 2816 τράρου
527 2738 557 2798 τὸ
572 2735 689 2814 πλησίον
704 2735 843 2818 χωραρίου
853 2741 903 2812 τῆς
915 2740 1041 2812 μσναχῆς
1053 2735 1333 2815 Μαστροιγγέλαινας.

58 2853 133 2934 ἕτερον
155 2857 173 2916 ἀ
198 2905 256 2918 ...
278 2859 419 2938 χωράριον
440 2863 486 2918 τοῦ
503 2859 654 2930 ίΙεντινέως
676 2859 706 2918 τ“ο
728 2857 801 2918 κατὰ
822 2857 927 2932 θυομάς
948 2855 1075 2932 κείμενον
1098 2861 1152 2916 τῶν
1168 2854 1336 2932 ἐξαμπέλων

57 2975 80 3032 τί
91 2976 202 3054 πλησίον
223 2978 362 3059 χωραρίου
384 2983 431 3039 τοῦ
449 2980 545 3040 Κοῦκα
561 2977 601 3062 (ί)
625 2977 720 3054 μοθίου
734 2976 785 3054 ς”.
811 2981 904 3058 ἕτερον
926 2979 956 3038 τ“ο
978 2978 1101 3038 κάτωθεν
1124 2977 1268 3038 τούτου·τὀ
1291 2975 1338 3038 καί

58 3094 155 3172 πλησίον
176 3099 315 3180 χωραρίσυ
337 3103 383 3160 τοῦ
398 3101 419 3160 Γ
420 3100 548 3180 ρηγορίου
569 3099 617 3161 καί
638 3105 692 3160 τῶν
715 3099 869 3179 ἀμπελίων,
893 3101 955 3160 ὅσον
978 3097 1024 3158 καί
1044 3093 1100 3160 οἷόν
1124 3098 1188 3158 ἐστι.
1211 3099 1338 3177 χωροίρια

60 3215 90 3288 ῑῖς
108 3223 152 3295 τὴν
174 3223 257 3297 αθτὴν
279 3221 437 3282 ταποθεσίαν
457 3221 510 3282 ἀπὸ
525 3224 584 3293 τοϊς
600 3221 844 3302 Ἀλωπότρουπαις
859 3219 912 3280 ἀπὸ
928 3220 958 3280 τ“ο
973 3219 1078 3294 ἀμπέλι
1092 3223 1138 3278 τοῦ
1155 3217 1337 3298 Ἀβαστιίγου,

58 3337 94 3396 ναί
113 3341 259 3424 θπερορίζει
281 3342 350 3402 αι’ντθι
371 3343 386 3402 ὁ
407 3343 558 3424 χείμαρρος
575 3341 622 3402 καί
637 3343 787 3423 ἀπέρχεται
804 3343 887 3421 μέχρι
902 3335 970 3426 [τοῦ]
983 3341 1117 3421 ἀρμακίου
1134 3339 1225 3422 κυρίου
1241 3339 1338 3420 Ἀρτα-

60 3457 143 3529 βίστου
167 3469 214 3524 τοῦ
238 3460 444 3550 Μανδ[οικίου],
471 3466 625 3546 περιτέμνει
652 3464 687 3539 δὴ
710 3465 778 3524 αἰπὰ
799 3466 815 3524 ὁ
839 3463 961 3540 έμβολος
983 3467 1028 3522 τοῦ
1052 3463 1203 3542 Πηγαδήου
1225 3461 1259 3520 τὰ
1282 3461 1339 3520 ἀνω

61 3579 96 3638 καί
114 3585 144 3642 τὰ
162 3588 241 3646 κάτω
263 3585 425 3666 ἀπερίνοπα,
448 3584 495 3646 καὶ
514 3586 674 3666 ἀνέρχονται
691 3585 744 3644 ἀπὸ
759 3586 804 3644 τ“σν
819 3585 885 3644 ναθν
900 3589 945 3646 τοῦ
962 3583 1039 3662 ἁγίου
1054 3583 1175 3644 Βλασίου
1189 3581 1236 3642 καί
1252 3582 1340 3662 ἀπέρ-

60 3720 123 3776 χεται
143 3707 196 3767 ἀπο
217 3707 249 3766 τ“ο
272 3707 374 3766 ἀλῶνιν
395 3710 442 3766 τοῦ
456 3705 555 3768 Χοὶθιᾶ
576 3704 623 3766 καί
645 3707 809 3786 κατέρχεται
824 3705 874 3766 ὑπὸ
888 3706 938 3780 τὴν
954 3704 1034 3782 ἁγίαν
1050 3702 1211 3780 θεοθούλην
1226 3702 1273 3764 καὶ
1287 3721 1340 3782 γυ-

62 3821 111 3896 ριζει
134 3827 187 3888 ἀπὸ
213 3830 259 3888 τὀν
288 3828 372 3904 δόμον
401 3832 448 3888 τοῦ
470 3823 607 3904 ἀμπελίου
629 3825 676 3888 καί
698 3828 862 3908 κατέρχεται
885 3827 938 3886 ἀπὸ
960 3826 994 3886 τὰ
1015 3825 1188 3905 πηγαθητζια
1209 3825 1342 3904 οίινεγγυς

62 3949 177 4028 Ιιῑνριρίου
199 3953 247 4010 τοῦ
268 3949 441 4026 καλουμένου
457 3949 597 4030 Γέροντος,
620 3947 667 4010 καὶ
687 3948 851 4030 περιγυρίζει
874 3949 889 4007 ὁ
903 3953 1021 4018 τοιοῦτος
1036 3947 1209 4028 περιορισμθς
1224 3945 1277 4004 ἀπὸ
1292 3943 1341 4020 τὴν

64 4061 224 4146 διερχομένην
247 4069 380 4148 δημοσίαν
402 4070 465 4132 ὁδὀν
488 4069 535 4132 καὶ
555 4071 699 4152 ἀνέρχεται
722 4072 776 4142 ἔως
790 4075 840 4146 τῆς
856 4068 959 4141 οἰκείας
973 4073 1020 4128 τοῦ
1034 4067 1204 4146 Ἀβαοτοίγου
1226 4065 1273 4128 καί
1294 4069 1340 4126 τοῦ

64 4183 140 4250 Χοιθιᾶ
148 4191 181 4275 1),
197 4190 246 4254 καὶ
260 4191 395 4268 ἀποδήδει
407 4194 461 4265 ἕως
475 4197 521 4254 τοῦ
536 4195 645 4274 τράρου.
662 4193 745 4268 μέσον
761 4191 793 4254 δὲ
808 4191 909 4252 τούτων
923 4193 1026 4250 κεῖνται
1041 4189 1088 4250 δίο
1100 4187 1217 4268 λαχιθια
1227 4191 1273 4248 τοῦ
1284 4187 1340 4246 Χο-

64 4305 113 4392 ὶίνί,
132 4318 270 4396 χωροὶιμον
292 4315 323 4376 τὸ
346 4315 544 4393 ἐπιλεγόμενον
566 4319 612 4376 τοῦ
629 4315 739 4396 Περοίτη
760 4315 791 4374 τὸ
812 4312 930 4391 πλησίον
951 4311 1089 4392 χωραρίου
1108 4314 1154 4372 τοῦ
1167 4311 1341 4388 Ἀβαστοίγου

65 4431 138 4500 mim
152 4433 187 4498 α’.
213 4439 308 4517 ἕτερον
331 4434 370 4508 είς
391 4438 437 4498 τον
461 4437 539 4497 αθτον
561 4439 643 4498 τόπον
665 4433 712 4496 καὶ
728 4436 792 4496 αθτθ
805 4433 921 4511 πλησίον
936 4438 983 4494 τοῦ
998 4433 1170 4510 Ἀβοιστοίγου
1192 4429 1287 4506 μοθίου
1302 4429 1339 4490 α’.

66 4585 246 4606 '‘Q—...a-

145 4701 163 4764 ¹)
180 4697 375 4766 Apographum
395 4693 490 4746 Χωῖὸιᾶ
507 4697 621 4762 saepius.
