3166 5298
1275 379 1315 443 81

38 567 97 628 ποιοί
117 567 163 628 καὶ
187 563 356 650 θορυβώδεις
379 569 524 650 ἀνθρωποι,
547 572 656 642 πάντως
677 574 755 631 τούτο
778 571 808 630 τδ
825 567 856 644 ἐξ
871 571 960 630 αὑτῶν
977 571 1163 650 ἐπιγινύμενον
1179 571 1219 644 είς
1232 593 1326 653 παρα-

38 688 137 764 ἰίαηοιν
160 689 267 766 μέλλει
289 686 360 750 εἶναι
382 687 469 750 αὑτιῖιν
491 696 545 751 τῶν
567 691 655 772 δρθῶς
674 694 866 772 κρατουμένων
881 690 929 752 καὶ
945 693 1128 767 ἐκζητοὺντων
1143 694 1327 774 σνντηρείσθαι

38 810 75 870 καί
96 811 266 891 εὑρίσκεσθαι
289 810 329 884 είς
350 812 399 888 τὴν
422 813 576 892 πρέπουσαν
598 811 645 874 καὶ
667 815 836 894 ἁρμόζουσαν
855 815 1018 876 κατάστασιν
1033 815 1104 874 κατὰ
1118 815 1167 890 την
1183 809 1326 892 ἀποδοχὴν

38 938 77 1008 τῆς
101 933 247 1006 βασιλείας
271 954 331 1008 μου.
364 933 409 994 διά
434 937 511 994 τοῦτο
533 932 581 994 καί
604 934 734 1014 διακρίνει
756 937 773 1010 ἡ
798 936 925 1011 βασιλεία
949 955 1011 1016 μου,
1041 937 1087 997 ίνα
1106 939 1255 1018 πράττηται
1277 935 1324 996 καὶ

38 1055 166 1133 ἐνεργῆται
194 1054 236 1128 είς
264 1055 360 1127 αὑτούς
387 1055 449 1128 τοὺς
471 1056 701 1136 ἀναφαινομένους
724 1055 943 1136 δημοταράκτας,
974 1059 1037 1118 ὅσον
1060 1057 1187 1138 ἀνωτέρω
1210 1055 1323 1136 είρηται.

39 1174 69 1232 ἔτι
87 1175 127 1233 ἵνα
149 1175 300 1256 διορίοηται
322 1177 341 1252 ἡ
364 1175 494 1252 βασιλεία
516 1197 567 1254 μου
589 1176 637 1238 καὶ
653 1177 805 1256 ἐκλεγῶσιν
826 1179 961 1258 ἄνθρωποι
976 1176 1059 1238 καλοὶ
1073 1179 1123 1238 ὑπδ
1138 1183 1191 1237 τῶν
1207 1177 1325 1238 ἐποίκων

39 1301 77 1370 της
102 1297 225 1374 τοιαύτης
253 1298 367 1369 πόλεως
396 1296 444 1358 καί
474 1298 610 1377 ταχθῶσιν
639 1300 678 1372 ὡς
708 1297 797 1378 κριταί
826 1298 873 1358 καί
904 1299 1015 1378 κρίνωσι
1041 1293 1090 1360 καί
1112 1297 1254 1372 ἐξισάζωσι
1276 1299 1325 1371 τάς

38 1419 265 1497 πτρεμπιπτοὺσας
293 1418 323 1478 ἐν
353 1418 419 1500 αὑτῇ
449 1419 590 1492 ὑποθέσεις
620 1419 690 1494 μετά
719 1423 765 1480 τοὺ
798 1420 989 1499 εὑρισκομένου
1018 1419 1057 1492 εἰς
1079 1419 1203 1500 κεφαλὴν
1227 1421 1325 1498 αὑτῶν,

38 1540 98 1613 πλὴν
117 1546 169 1598 τῶν
192 1540 349 1600 ὑποθέσεωι
372 1541 475 1620 μένων,
498 1539 598 1612 αἵτινες
620 1542 766 1622 άρμύζουσι
789 1541 942 1618 λαμβάνειν
957 1543 1006 1616 τὴν
1022 1541 1194 1602 διεολύτωσιν
1209 1542 1263 1602 ἀπδ
1277 1543 1324 1600 τοῦ

40 1661 123 1736 μέρους
147 1667 198 1740 τῆς
227 1662 319 1722 ἐκεῖσε
346 1662 502 1740 ἁγιωτάτης
524 1662 685 1736 ἐκκλησίας.
724 1663 762 1724 ἐτι
786 1663 831 1722 ίνα
853 1662 961 1740 αὑτὴ-ἠ
983 1663 1065 1735 πόλις
1087 1669 1140 1722 τῶν
1163 1663 1323 1724 Ἰωαννίνων

40 1789 182 1863 σιντιρῆται
205 1782 248 1856 είς
271 1790 360 1844 πάσαν
383 1783 543 1864 ἐλευθερίαν
564 1783 611 1842 καὶ
635 1781 810 1858 ἐξιούσσειαν
830 1785 902 1844 κατὰ
923 1785 971 1860 την
987 1785 1119 1866 προτέραν
1135 1784 1223 1844 αὑτῶν
1240 1785 1324 1858 συνη-

41 1905 102 1964 θειτν
122 1905 167 1965 καί
190 1906 218 1966 οί
241 1906 347 1966 ἔποικοι
370 1905 453 1982 αὑτῆς
475 1908 576 1978 πάντες
599 1905 728 1983 διάγωσιν
751 1905 968 1986 ἀκαμμέρκειιτοι
991 1905 1107 1978 τελείως
1126 1905 1174 1977 τάς
1191 1903 1324 1975 δοκούσας

42 2027 115 2099 σ’ποίς
134 2031 225 2100 πάσας
249 2029 405 2104 ποιούμενοι
428 2027 618 2107 πραγματείας
642 2028 791 2100 ἀκωλύτως
813 2030 900 2104 πάντη
922 2026 968 2087 καὶ
993 2027 1195 2104 ἀνεμποδίστως
1212 2026 1240 2086 ἐν
1257 2026 1324 2106 αὑτῇ

40 2167 63 2204 τε
88 2155 117 2228 τῇ
143 2151 226 2210 πόλει
257 2151 343 2210 αὑτῶν
369 2147 416 2208 καὶ
444 2149 473 2208 ἐν
502 2153 561 2222 ταῖς
588 2147 691 2221 ἄλλαις
713 2149 832 2220 ἀπάσαις
853 2151 958 2228 χώραις
980 2147 1027 2208 καὶ
1050 2152 1106 2220 τοῖς
1127 2149 1253 2226 κάστροις
1274 2149 1324 2221 τῆς

42 2267 167 2343 βασιλείας
195 2291 262 2350 μου,
289 2269 337 2330 καὶ
365 2269 443 2330 οὑδέν
471 2269 626 2351 εὑρίσκωσιν
650 2268 689 2342 είς
711 2274 788 2331 τούτο
812 2270 979 2346 ἑμποδισμὺν
1008 2273 1026 2344 ἡ
1054 2269 1228 2344 ἐναντιότητα
1249 2267 1325 2346 παρά

41 2409 99 2462 της
121 2399 172 2452 τῶν
200 2393 328 2452 ἀπάντων
356 2393 438 2472 μέχρι
465 2393 512 2450 καὶ
533 2397 584 2468 τῆς
606 2389 797 2470 θεοδοξάστου,
829 2392 1049 2478 θεομεγαλύντου
1071 2389 1118 2450 καὶ
1140 2391 1324 2470 θεορυλάκτου

44 2511 350 2586 Ιίωνστανττνοιιττύλεως.
390 2515 430 2574 ἔτι
458 2513 503 2572 ἵνα
533 2512 607 2574 αὑτοὶ
637 2514 663 2574 οί
689 2512 833 2594 καστρηνοὶ
857 2514 1056 2573 Ἰωαννινιῶται
1080 2512 1159 2574 οὑδέν
1181 2531 1324 2589 καταναγ-

43 2635 158 2703 κίζωνται
184 2635 250 2696 οὑδὲ
277 2633 478 2714 καθέλκωνται,
508 2635 553 2694 ἵνα
581 2635 778 2696 ἐκδουλεύσωσι
807 2640 1003 2716 στρατιωτικῶς
1026 2635 1105 2706 ἐκτδς
1127 2639 1176 2709 τῆς
1197 2633 1324 2707 τοιαύτης

43 2753 144 2838 πόλεως,
168 2755 229 2816 ἐπεί
252 2755 327 2816 αὑτοὶ
351 2759 429 2831 μένοι
452 2755 476 2815 οἱ
499 2755 714 2835 ἀποτεταγμένοι
730 2761 898 2837 στρατιῶται,
919 2757 1158 2836 συναριθμούμενοι
1174 2755 1205 2814 δέ
1222 2751 1261 2826 είς
1275 2753 1325 2824 τὰς

45 2873 161 2949 οισάξεις
174 2883 229 2937 τῶν
250 2876 395 2954 ἀλλαγίων
409 2876 457 2936 καί
473 2877 585 2956 ἔχοντες
600 2875 756 2952 οἰκονομίαν
772 2876 922 2956 δρείλουσιν
939 2877 1119 2938 ἐκδουλεύειν.
1149 2875 1189 2935 έτι
1203 2875 1248 2934 ίνα
1265 2873 1324 2934 ἐπεί

46 2995 208 3078 ἐπεκράτησεν
237 2997 278 3071 εἰς
301 2999 396 3071 αὑτοὺς
419 3001 545 3074 συνήθεια
567 2997 615 3058 καί
637 3001 667 3058 δν
690 3003 726 3058 ἀν
749 2998 876 3079 ηὑρισκσν
900 2996 939 3071 εἰς
960 2999 1010 3072 τὴν
1033 2999 1119 3073 μέσην
1143 2995 1229 3056 αὑτῶν
1251 3015 1322 3076 προ-

46 3116 110 3194 δαην
133 3119 179 3180 καὶ
207 3121 318 3180 ἄπιστον
345 3121 398 3179 ἀπδ
427 3117 580 3192 ἐξετάσεως
601 3119 648 3180 καί
672 3120 805 3197 ἀληθινῆς
827 3122 1035 3200 παραστάσεως,
1064 3119 1099 3178 τά
1121 3118 1173 3193 μὲν
1196 3120 1323 3192 κτήματα

49 3238 109 3299 im]
128 3242 322 3323 ἀπεκέρδαινον
344 3233 426 3320 οὑτοι,
456 3239 491 3300 τά
514 3239 545 3300 δέ
568 3239 682 3316 ύσπήτια
705 3241 784 3301 αὑτοῦ
806 3239 983 3318 κατεχάλων,
1014 3243 1106 3300 τοῦτον
1130 3238 1162 3298 δὲ
1184 3239 1230 3298 τδν
1252 3236 1324 3296 κατά

49 3357 156 3434 ἀλήθειαν
182 3363 353 3441 ἀναρανέντα
378 3360 513 3441 προδότην
541 3359 642 3440 ἐξῆγον
670 3361 723 3420 ἀπὸ
750 3365 796 3420 τού
822 3363 939 3442 κάστρου
961 3357 1008 3422 καὶ
1031 3358 1195 3438 ἐπεδίωκον,
1228 3359 1268 3430 ὡς
1290 3360 1323 3416 ἀν

49 3481 109 3540 τύδέν
130 3485 186 3562 ἔγει
207 3483 395 3564 κληρονομίαν
418 3477 477 3542 τινά
501 3481 540 3554 είς
563 3483 635 3562 αὑτύ,
660 3481 803 3563 διορίζεται
825 3483 843 3559 ἡ
867 3481 996 3558 βασιλεία
1019 3501 1080 3560 μου,
1103 3480 1148 3540 ἵνα
1170 3478 1217 3540 καί
1238 3478 1323 3540 πάλιν

49 3603 103 3660 ιοτί
120 3605 164 3679 τὴν
188 3603 228 3677 εἰς
251 3609 327 3664 τοῦτο
350 3604 491 3678 συνήθειαν
515 3605 601 3662 αὑτῶν
625 3603 769 3682 ἐνεργῆσαι
788 3601 828 3675 εἰς
848 3603 879 3662 τδ
896 3603 1057 3682 ἔμπροσθεν,
1078 3601 1172 3672 καθὼς
1189 3597 1263 3660 αὑτοὶ
1277 3597 1324 3658 καί

49 3727 106 3784 τοῦτο
126 3727 264 3804 ἐζηττραι.
292 3727 330 3785 ἐτι
352 3726 396 3784 ἵνα
419 3723 509 3797 οὑδεὶς
531 3731 584 3784 τῶν
608 3729 777 3805 στρατιωτῶν
801 3724 854 3806 έχη
878 3723 973 3784 ἄδειαν
989 3721 1160 3799 ἀπληκεύσαι
1178 3719 1217 3793 εἰς
1233 3721 1323 3795 δσπή-

50 3861 89 3902 τιον
107 3849 170 3920 τινδς
195 3852 348 3928 καστρηνού
369 3846 444 3926 παρὰ
466 3847 579 3924 γνώμην
602 3845 648 3906 καί
671 3845 782 3919 θέλησιν
806 3846 895 3908 αὑτοῦ.
928 3845 967 3903 ἔτι
989 3844 1032 3903 ίνα
1054 3845 1069 3902 δ
1092 3841 1209 3918 μέλλων
1232 3841 1323 3922 εὑρίσ-

50 3969 124 4028 κεσθαι
142 3971 243 4050 ὁρισμῷ
265 3975 314 4045 τῆς
338 3966 483 4042 βασιλείας
506 3987 557 4042 μου
581 3965 620 4038 είς
642 3966 766 4046 κεφαλὴν
791 3965 888 4045 αὑτῶν,
912 3965 989 4025 οὑδέν
1007 3965 1105 4046 ἐνεργῇ
1121 3959 1219 4023 ἄδικόν
1230 3983 1260 4021 τε
1275 3960 1322 4021 καί

52 4083 155 4170 ἐπιβαρές
175 4091 221 4152 καί
247 4087 347 4152 ἀτοπον
371 4087 409 4161 είς
433 4089 537 4168 αὑτούς,
561 4089 601 4148 δτι
623 4086 670 4148 καὶ
692 4088 722 4146 τ“ο
744 4089 856 4164 θέλημα
878 4093 927 4162 τῆς
950 4085 1094 4161 βασιλείας
1117 4105 1168 4160 μου
1190 4088 1267 4144 τοῦτο
1284 4083 1322 4142 ένι

51 4205 85 4264 καὶ
108 4209 141 4283 είς
163 4215 267 4284 πάντας
292 4211 353 4283 τοὺς
376 4211 612 4289 ὑποτεταγμένους
635 4210 701 4292 αὑτῇ
723 4214 757 4290 τῇ
780 4211 868 4289 χάριτι
891 4213 937 4268 τού
959 4209 1074 4288 Χριστοῦ
1096 4205 1144 4265 καὶ
1167 4204 1206 4275 είς
1229 4203 1323 4274 αὑτούς

52 4323 75 4384 ἒὲ
93 4332 145 4391 οἰτέ
164 4339 239 4394 τούτο
263 4331 393 4408 βούλεται
414 4333 462 4393 καὶ
484 4335 645 4414 προστάσσει
667 4333 686 4409 ἡ
707 4331 835 4407 βασιλεία
852 4351 913 4408 μου,
936 4329 981 4389 ίνα
998 4329 1125 4406 δηλονότι
1140 4333 1322 4408 συντηρῶνται

51 4448 85 4507 καί
104 4453 244 4529 ἐμμένωσιν
267 4453 308 4526 είς
328 4461 418 4514 πᾶσαν
442 4453 643 4533 ἀνενοχλησίαν
666 4451 714 4513 καὶ
730 4449 902 4526 ἐξκούοσειαν
922 4451 947 4512 οἱ
962 4455 1084 4530 τοιοῦτοι,
1109 4448 1169 4510 ἐπεὶ
1184 4447 1231 4510 καὶ
1245 4451 1322 4508 τοῦτο

54 4571 130 4640 μελίαι
151 4577 221 4655 ἔχειν
244 4579 393 4658 ὡρισμένον
417 4575 492 4656 παρὰ
515 4581 564 4651 τῆς
588 4573 732 4648 βασιλείας
755 4595 807 4649 μου
830 4573 909 4644 αὑτδς
931 4573 946 4630 δ
967 4571 1082 4647 μέλλων
1098 4569 1266 4650 εὑρίσκεσθαι
1281 4565 1322 4639 τίς

53 4694 151 4770 κεινὴν
173 4700 271 4760 αισι·
312 4699 360 4758 ειν
388 4697 420 4758 τε
443 4690 521 4769 οὗτος
545 4697 583 4773 νὴ
605 4695 742 4776 κνιηθεὶε
765 4695 804 4768 εἰς
826 4697 871 4754 τθν
894 4697 1012 4754 τοιοῦτον
1036 4693 1146 4773 ὅρνιθν
1168 4695 1217 4766 τῆς
1241 4691 1322 4764 3²⁶²·

1099 4813 1115 4862 σ
