3222 5284
1312 333 1375 397 361

179 528 259 605 Κεφ.
284 525 323 602 μ’.
356 523 437 606 Περὶ
459 533 517 603 τῆς
544 525 591 597 είς
615 525 671 602 τὴν
700 529 867 606 τράπεζαν
897 527 1057 602 κλήσεως
1079 525 1135 586 καί
1157 531 1215 602 τῇς
1239 527 1272 586 ἐν
1296 512 1378 608 αύτῇ

69 645 261 726 διαγωγῆς.
293 645 408 724 Ἐπειδὴ
431 646 492 729 περί
507 654 556 723 τῇς
580 648 810 724 ἐκκλησιαστικῇς
832 649 997 720 ἀκολουθίας
1012 648 1046 708 τὰ
1062 627 1194 708 δοκοῦντα
1210 649 1377 730 διείληπται,

69 769 115 828 δεῖ
137 769 237 828 λοιπδν
269 767 354 830 εἰπεῖν
376 768 423 830 καί
445 767 507 852 περί
529 775 578 846 τῇς
602 771 747 842 ἑστιάσεως
769 775 822 830 τῶν
845 772 1031 846 μοναζουσῶν.
1076 771 1269 850 πληρωθείσης
1291 771 1376 832 τοίνυν

68 895 122 965 τῇς
145 891 224 970 ίερᾶς
246 888 294 952 καί
316 890 393 964 θείας
422 887 596 972 λειτουργίας
620 891 648 950 έν
670 891 709 970 τῷ
731 891 876 974 νάρθηκιέ)
898 893 1058 973 προσμένειν
1082 892 1231 972 ὀφείλουσιν
1256 893 1376 971 ἐκδεχθ-

71 1033 155 1087 μενοιι
179 1013 230 1090 τὴν
254 1011 299 1072 διά
321 1015 369 1074 τοῦ
391 1014 520 1089 συνήθους
543 1011 625 1086 ξύλου
647 1013 815 1094 πρέσκλησιν
832 1011 876 1072 έπί
890 1014 939 1087 αἠν
955 1014 1048 1088 κοινίην
1063 1016 1209 1094 τράπεζαν,
1232 1018 1278 1074 τού
1293 1011 1377 1086 ξύλου

71 1133 106 1193 δὲ
132 1105 314 1213 κρουσθέντες
340 1132 490 1208 συνεξιέναι
515 1139 550 1216 τῇ
577 1133 820 1218 ἑκκλησιαρχίσση,
851 1137 1008 1213 προσκυνεῖν
1032 1133 1063 1194 δὲ
1089 1139 1122 1216 τῇ
1149 1139 1308 1217 προεστύση
1330 1134 1377 1195 καὶ

72 1255 145 1314 ούτω
169 1260 217 1316 τού
233 1258 364 1333 συνήθους
379 1252 537 1336 ἀρξαμένας
552 1255 665 1334 ψαλμοῦ
679 1254 801 1339 ήρεμαίφι
815 1254 863 1316 καί
877 1256 1035 1338 καθηκούσῇ
1058 1261 1091 1336 τῇ
1106 1263 1192 1339 φωνῇ,
1215 1257 1299 1335 ήγουν
1315 1263 1375 1318 τού·

71 1370 198 1454 ,,ύψιύοω
221 1395 263 1451 σε,
294 1377 395 1448 δθεύς
425 1397 488 1457 μου,
518 1377 685 1452 δβαοιλούς
712 1377 795 1457 μσυίί,
825 1377 919 1458 ήρέμα
948 1376 1069 1452 βαδίζειν
1093 1375 1137 1436 ἐπὶ
1159 1378 1208 1452 τήν
1240 1381 1377 1459 τράπεζαν

70 1496 119 1557 καὶ
147 1498 196 1556 τὀν
226 1497 341 1575 ψαλμδν
369 1499 556 1578 πληρωοάσας
584 1500 747 1571 καθέζεσθαι
777 1500 924 1580 εὐτάκτως,
953 1499 1047 1571 καθὼς
1074 1503 1106 1558 ἀν
1134 1501 1153 1576 ή
1182 1502 1376 1578 καθηγουμένη

69 1615 143 1702 τάξῃ
166 1616 215 1678 καί
237 1614 272 1678 τά
293 1623 343 1694 τῇς
365 1619 503 1700 καθέδρας
526 1621 621 1680 οάυτῶν.
653 1621 722 1680 ούτω
744 1625 843 1680 τετῶν
864 1621 1087 1700 παρατιθεμένων
1103 1621 1271 1701 εύχαρίστως
1287 1644 1376 1698 μετα-

70 1741 242 1823 λαμβάνειν,
273 1742 421 1820 γινομένης
443 1741 566 1816 συνήθως
587 1741 781 1822 ἀναγιύσεως,
812 1739 898 1824 χωρίς
920 1742 1035 1822 θορύβου
1057 1741 1104 1802 καὶ
1125 1749 1260 1822 ταραχῆς,
1291 1746 1377 1819 μένης

69 1869 122 1938 τῇς
145 1865 335 1944 προεστύσης,
359 1862 392 1930 εί
402 1885 427 1923 τι
451 1863 587 1944 βούλοιτο,
611 1865 802 1943 φθεγγομένης
823 1863 870 1924 καί
894 1867 976 1941 αύτῇς
998 1863 1139 1944 ήρεμαίως
1161 1863 1208 1924 καὶ
1230 1872 1280 1942 τῇς
1304 1865 1376 1926 ἀπο-

70 1984 213 2063 κρίνεσθαι
235 1984 304 2065 προς
327 1984 409 2062 αὐτὴν
432 1985 593 2066 ὀφειλούσης
614 1985 800 2068 ήρεμαιοτέρφι
822 1991 855 2066 τῇ
878 1991 954 2066 φωνῇ
976 1987 1124 2066 χρωμένης
1145 1984 1193 2046 καί
1215 1985 1322 2065 δλίγοις
1337 1988 1377 2060 ὡς

71 2100 128 2164 οἶόν
151 2126 184 2166 τε
207 2103 256 2166 καὶ
286 2106 510 2184 συντεταγμένοις
537 2109 593 2176 τοῖς
624 2106 751 2186 ῥήμασιν.
797 2107 835 2179 ὡς
858 2109 890 2166 ἀν
921 2107 1008 2186 ἀκρας
1037 2107 1154 2184 ἡσυχίας
1185 2105 1266 2184 οὔσης
1290 2108 1375 2190 ἐντῇ

70 2229 196 2308 τραπέζῃ
219 2229 290 2309 μόνῃ
313 2229 469 2308 προσέχητε
491 2233 524 2310 τῇ
548 2223 699 2305 ἀναγνώσει
721 2226 768 2288 καὶ
790 2229 874 2310 ταύτῃ
898 2228 947 2303 μὲν
970 2228 1019 2300 τάς
1041 2229 1132 2306 ψυχάς
1155 2230 1313 2309 εύφραίνητε
1329 2229 1376 2290 καί

70 2349 210 2429 πιαίνητε,
233 2353 291 2422 τοῖς
314 2349 346 2410 δέ
369 2351 595 2430 παρατιθεμένοις
616 2349 651 2410 τύ
673 2347 788 2426 σώματα
809 2352 933 2430 τρέφητε.

180 2473 258 2551 Κεφ.
282 2469 345 2547 μα’.
377 2470 460 2553 Περὶ
480 2476 535 2532 τοῦ
560 2472 616 2532 ἐάν
639 2493 688 2544 τις
711 2472 744 2532 έν
767 2476 804 2553 τῇ
836 2473 982 2532 ἑστιάσει
1009 2473 1145 2554 ἀτακτῇ.
1192 2473 1259 2532 Ἐἀν
1283 2473 1314 2534 δέ
1337 2496 1378 2547 τις

72 2594 102 2654 ἑν
124 2593 166 2672 τῷ
190 2594 330 2654 ἑστιᾶσθαι
359 2595 430 2670 ύμᾶς
460 2597 630 2674 ταράττουσα
659 2594 777 2674 φαίνοιτο
800 2593 847 2654 καί
873 2597 1074 2676 ταραττομένη,
1105 2595 1255 2677 θορυβούσοί
1277 2617 1307 2656 τε
1330 2596 1377 2657 καὶ

72 2716 264 2796 θορυβουμένη
287 2713 335 2776 καὶ
357 2716 511 2794 συγχέουσα
532 2715 580 2791 τὴν
604 2715 740 2794 ἀνάγωσιν
764 2716 888 2796 ἀκαίροις
909 2715 956 2786 καί
979 2716 1111 2797 ἀπρεπέσι
1135 2718 1235 2798 ῥήμασι
1259 2717 1305 2777 καὶ
1328 2721 1377 2794 τὴν

72 2836 243 2916 γαληνιαίαν
259 2834 350 2897 τεκαὶ
364 2837 499 2918 ήρεμαίαν
514 2839 678 2898 κατάστασιν
694 2837 866 2917 ἀφανίζουσα,
883 2839 1108 2916 κατασιγαζέσθω
1123 2840 1197 2918 παρὰ
1208 2847 1258 2916 τῆς
1272 2862 1377 2919 τραπε-

73 2959 172 3038 ζαρίας
200 2960 296 3039 ήσύχῳ
325 2961 482 3040 παραινέσει
504 2979 535 3018 τε
557 2958 604 3018 καὶ
626 2961 790 3036 νουθετήσει.
836 2957 883 3018 καί
904 2961 1046 3036 παυομένη
1070 2959 1121 3036 μὲν
1146 2961 1245 3042 έάσθω,
1277 2963 1376 3036 ἐπιμέ-

71 3103 160 3140 νουσα
183 3081 216 3142 δὲ
239 3078 421 3160 έξεγειρέσθω
443 3087 493 3158 τῇς
515 3083 652 3161 τραπέζης
673 3079 721 3140 καί
744 3081 846 3140 άκουσα
868 3079 972 3160 ὁρισμῷ
995 3087 1044 3156 τῆς
1063 3083 1284 3162 καθηγουμένης,
1307 3085 1377 3166 ήτις,

70 3201 95 3262 εί
128 3203 268 3283 βούλοιτο,
298 3201 346 3264 καὶ
368 3205 399 3263 τδ
430 3209 480 3279 τῆς
510 3203 637 3284 ἀτροφίας
668 3202 799 3278 ἐπιτίμιον
831 3205 897 3283 αάτῇ
929 3203 1092 3278 έπιθήοειή
1122 3203 1169 3264 καί
1200 3205 1307 3284 άλλως,
1339 3207 1378 3276 ὡς

70 3326 163 3405 δοκεῖ,
187 3325 356 3406 οωφρονίσει.

180 3448 260 3526 Κεφ.
285 3445 349 3522 μεθ’.
373 3445 455 3527 Περὶ
476 3450 532 3507 τοῦ
555 3446 612 3506 ἐάν
633 3465 684 3517 τις
705 3443 780 3526 περί
802 3445 1052 3525 προκαθεδρίας
1075 3447 1277 3529 ἀμφισβητῇ.
1310 3447 1376 3508 Ἐἀν

70 3571 104 3630 δὲ
129 3567 179 3628 καί
202 3570 286 3648 μέχρι
308 3569 434 3628 τοσούτου
456 3570 515 3640 ταῖς
538 3565 631 3647 αύραις
654 3587 693 3638 τις
716 3567 791 3642 ὑμῶν
815 3567 946 3648 ριπισθείη
969 3572 1015 3626 τού
1037 3573 1166 3648 πονηροῦ,
1199 3571 1270 3628 ὥστε
1293 3569 1377 3646 δόξης

68 3689 195 3766 ματαίας
217 3689 363 3770 φροντίζειν
385 3687 432 3748 καί
454 3687 654 3769 προκαθεδρίας
676 3687 723 3748 καί
745 3689 954 3769 προβάλλεσθαι
976 3690 1044 3768 πρὸς
1067 3694 1142 3748 τοῦτο
1158 3693 1176 3764 ῇ
1192 3693 1376 3771 χρονιωτέραν

68 3815 101 3873 ἑν
124 3817 160 3894 τῇ
192 3817 263 3892 μονῇ
294 3809 435 3889 διαγωγὴν
457 3813 475 3885 ῇ
499 3805 591 3884 ἀλλην
622 3809 762 3888 ἐνέργειαν
794 3810 947 3890 ὁποιαιοῦν,
980 3809 1149 3884 ἐντέλλομαι
1173 3811 1201 3869 ἐν
1224 3811 1308 3890 κυρίῳ
1330 3813 1376 3870 τδν

70 3937 196 4012 ἔσχατον
228 3935 294 4016 αύτῇ
324 3935 407 3992 τύπτον
439 3931 623 4012 ἀποκληροῦν,
654 3934 705 3992 κάν
738 3929 788 4005 μέν
819 3931 989 4010 διορθωθείη,
1020 3929 1058 4009 τῷ
1088 3933 1144 4009 θεῷ
1175 3934 1267 4013 χάρις,
1299 3931 1322 3991 εἰ
1347 3933 1377 3992 δὲ
1436 3983 1441 3999 ,

68 4057 242 4137 ἀδιέρθωτος
269 4055 357 4134 μένοι,
388 4053 532 4114 έκδιύκειν
563 4053 645 4128 αὐτὴν
673 4053 726 4112 ἀπὸ
747 4061 798 4131 τῇς
829 4059 925 4132 μονῆς,
956 4055 1030 4124 ὅπως
1053 4054 1091 4128 μὴ
1115 4051 1162 4114 καί
1183 4056 1244 4126 ταῖς
1274 4054 1378 4126 ἀλλαις

67 4186 123 4256 τῇς
144 4178 273 4253 τοιαύτης
295 4177 388 4253 λύμης
411 4175 533 4255 μεταδῷ.

180 4300 260 4380 Κεφ.
284 4296 347 4378 μγ’.
380 4296 461 4379 Περί
483 4302 537 4358 τοῦ
560 4299 604 4373 μὴ
643 4300 754 4372 ζητεῖν
776 4319 805 4358 τι
835 4295 907 4378 παρ’
923 4297 1100 4372 ἀλλήλων.
1148 4299 1195 4358 Ἐν
1228 4299 1319 4373 μέντοι
1342 4320 1376 4378 γε

67 4423 109 4505 τῷ
133 4424 246 4502 ἀριστᾶν
278 4421 422 4497 ἀλλήλαις
452 4420 580 4494 ούδαμῶς
603 4419 777 4494 μεταδύοετε
800 4417 860 4478 ούτε
884 4418 1031 4500 βρώματός
1053 4440 1136 4498 τινος,
1168 4418 1229 4480 ούτε
1250 4423 1377 4494 πόματος

181 4684 201 4751 ¹)
219 4677 305 4750 ἀρθηκι
323 4683 360 4733 Μ.
