3208 5310
250 329 294 394 42

250 526 281 585 τθ
304 525 506 608 Ἀκρωσηρὰκιν
532 530 563 588 τ“ο
589 528 704 604 πλησίον
731 535 782 606 τῆς
808 527 872 589 θθοθ
894 529 988 604 μοθίου
1003 527 1054 604 ς”.
1087 533 1167 611 ἕτερα
1191 531 1316 606 ἀμπέλια
1337 533 1370 592 τά
1392 536 1555 610 τεμνόμενα

250 647 324 726 παρὰ
345 652 395 724 τῆς
418 648 597 730 διερχομένης
621 650 685 712 θθοθ
706 649 792 728 λαχοὶ
816 651 863 711 δύο
886 649 989 726 μοδίων
1004 649 1042 728 γ’.
1067 653 1160 732 ἕτερον
1184 650 1224 724 εἰς
1246 654 1295 728 τἠν
1317 655 1480 716 τοποθεσίον
1505 660 1555 715 τοῦ

250 771 342 830 Λὺκου
371 772 402 831 τθ
430 769 549 848 πλησίον
579 771 715 848 ἁμπελίου
744 779 793 848 τῆς
818 773 983 849 Ἐπισκοπῆς
1006 773 1101 848 μοθίου
1116 771 1167 849 ς”.
1198 777 1290 853 ἕτερον
1313 776 1419 851 ἁμπέλι
1441 779 1471 838 τ“ο
1497 778 1555 837 λε-

250 893 369 971 γθμενον
393 891 568 974 Ὀρθὰλσιχος
590 895 622 954 τ“ο
644 894 760 971 πλησίον
783 895 919 969 ἁμπελίου
941 897 988 954 τοῦ
1010 897 1131 974 Ζυγθτου
1154 897 1199 956 ἀπ’
1214 898 1294 958 αἰτοῦ
1315 899 1346 958 τί
1368 896 1419 974 ς”.
1455 902 1555 979 ἕτερον

251 1013 420 1091 οἰμπελίτζην
446 1015 476 1074 τὸ
498 1015 620 1088 Γαζὰτου
646 1017 676 1076 τ“σ
698 1015 814 1092 πλησίον
837 1015 974 1091 άμπελίου
995 1021 1042 1078 τοῦ
1064 1017 1247 1100 Χριστοφθρου
1270 1017 1365 1094 μοθίου
1379 1019 1430 1096 ς”.
1455 1021 1556 1102 ἕτερον

251 1137 358 1212 ἁμπέλι
380 1141 426 1198 τοῦ
450 1137 591 1217 Πηγαθίου
614 1139 644 1198 τ“ο
665 1135 782 1216 πλησίον
806 1137 942 1214 ἀμπελίου
964 1143 1011 1200 τοῦ
1033 1139 1207 1222 Γουλολέων,
1231 1143 1294 1202 ὅσον
1315 1141 1363 1202 καὶ
1385 1134 1442 1203 οἷόν
1465 1143 1554 1204 ἐστιν.

251 1262 343 1338 ἕτερον
367 1258 538 1337 ἁμπελίτζην
559 1261 590 1320 τθ
611 1261 767 1340 λεγόμενον
788 1266 837 1336 τῆς
860 1261 974 1342 Κορέας
995 1262 1112 1338 πλησίον
1135 1263 1271 1340 ἁμπελίου
1293 1269 1340 1326 τοῦ
1363 1265 1469 1341 Μωυσῆ
1496 1286 1556 1342 μο-

251 1379 309 1442 θίου
324 1379 376 1456 ς”.
407 1383 500 1462 ἕτερον
523 1383 627 1458 ἁμπέλι
650 1382 753 1444 άνωθεν
775 1388 829 1443 τῶν
853 1383 938 1463 ἁγίων
961 1383 1130 1466 Ἀναργθρων
1152 1388 1183 1447 τί)
1204 1387 1320 1462 πλησίον
1344 1387 1482 1463 ἁμπελίσυ
1507 1394 1557 1450 τοῦ

250 1503 424 1584 Γουλσλέων,
449 1506 511 1566 ὅσον
534 1503 581 1565 καί
604 1498 660 1566 οἰθν
681 1505 747 1585 ἐστι,
771 1505 873 1581 μοθίων
890 1503 922 1596 ε’,
945 1507 976 1567 τθ
993 1507 1051 1586 ἔχει
1066 1509 1084 1584 ἡ
1101 1508 1171 1585 μονὴ
1188 1509 1241 1569 ἀπὸ
1256 1509 1347 1590 κυρίου
1363 1508 1558 1592 Ἀρταβὰσδου

250 1629 296 1686 τοῦ
324 1625 495 1688 Μανθοκίου.
528 1631 619 1708 ἕτερον
647 1628 751 1704 ἁμπέλι
786 1629 816 1688 τ“ο
846 1629 1018 1705 καλούμενον
1049 1634 1096 1691 τοῦ
1124 1629 1220 1692 Ἀσκοῡ
1248 1634 1295 1692 τοῦ
1321 1632 1490 1712 λαγγαθίου,
1525 1636 1558 1694 το

249 1747 366 1825 πλησίον
388 1749 495 1826 ἀμπέλι
515 1755 565 1828 τῆς
581 1751 759 1827 Ἒίπισκοπῆς,
784 1750 845 1812 θσον
860 1749 907 1811 καί
923 1743 979 1812 οἰθν
997 1752 1064 1833 ἐστι,
1081 1752 1182 1828 μοδίων
1197 1753 1236 1834 γ’.
1261 1755 1381 1830 ἁμπέλιν
1395 1755 1427 1815 σθ
1443 1753 1559 1816 ἐκεῖθεν

249 1875 296 1934 τοῦ
313 1871 467 1952 θδρομθλου
488 1872 519 1932 τθ
543 1872 625 1946 μέσον
647 1872 774 1948 κείμενον
795 1873 941 1955 χωραρίων
963 1878 1013 1950 τῆς
1028 1875 1182 1955 Κοντησας,
1205 1869 1299 1950 καθώς
1322 1877 1378 1938 ἐστι
1401 1875 1559 1958 ἰθιοπεριὸ-

250 2014 348 2076 ριστον,
371 1995 434 2054 ὅσον
455 1991 504 2054 καί
526 1986 582 2054 σίθν
606 1995 685 2056 ἐστιν.
710 1997 802 2076 ἕτερον
825 1993 865 2067 εἰς
887 1996 936 2071 τὴν
958 1998 1091 2077 περιοχὴν
1113 2003 1167 2058 τῶν
1183 1997 1298 2058 Γέλλιον
1321 1999 1351 2059 τθ
1372 1999 1475 2059 ἁνωθεν
1495 2000 1559 2075 ἁμ-

249 2117 354 2176 πελίων
376 2119 423 2176 τσϋ
442 2114 602 2196 Συρτσμὰση
625 2118 655 2177 τθ
677 2117 793 2194 πλησίον
815 2115 862 2178 καὶ
885 2118 1015 2198 σθνεγγυς
1037 2119 1176 2200 χωραρίου
1198 2123 1245 2180 τοῦ
1259 2121 1403 2201 Βαρβίρου
1425 2119 1473 2181 καὶ
1500 2126 1560 2196 ἕως

249 2243 299 2316 τῆς
322 2237 503 2319 διερχομένης
526 2239 591 2300 6θοῦ
613 2237 716 2315 μοδίων
730 2237 769 2319 γ’.
792 2242 919 2321 χωρὰφια
941 2245 991 2316 τῆς
1013 2241 1097 2317 σθτῆς
1112 2241 1193 2320 ἁγίας
1208 2247 1295 2318 μονῆς
1310 2243 1412 2319 μοδίων
1428 2241 1480 2316 ξοί
1500 2243 1558 2320 ς”.

353 2359 516 2432 Ὦσαὺτως
537 2359 593 2421 καί
615 2361 652 2420 τὰ
674 2368 733 2438 τῆς
756 2369 860 2440 μονῆς
882 2367 937 2423 τοῦ
960 2363 1056 2442 ἁγίου
1072 2364 1217 2437 Λέοντος
1239 2365 1393 2442 ἀμπέλια
1416 2363 1466 2440 εἰς
1489 2370 1561 2445 τὴν

248 2485 412 2563 περιοχὴν
434 2489 498 2543 τῶν
513 2484 656 2554 Βαοζῶν.
679 2484 710 2544 τθ
733 2486 855 2545 κάτωθεν
877 2489 930 2544 τῶν
946 2483 1103 2562 οἰκημάτων
1118 2489 1165 2546 τοῦ
1181 2483 1305 2573 [Ιαλ[οῦ]
1327 2489 1358 2548 τθ
1371 2488 1491 2566 πλησίον
1509 2497 1561 2552 τοῦ

251 2603 454 2680 Ἀσκολεβὰτου
471 2604 573 2680 μοθίων
589 2602 616 2664 α’
628 2603 680 2680 ς”.
705 2607 797 2686 ἕτερον
813 2605 853 2679 εἰς
867 2608 898 2667 τθ
913 2605 1089 2683 ΒουλανίτουῚ
1112 2608 1142 2668 τίν
1159 2609 1251 2687 ἔχειὴ
1268 2610 1335 2689 ἁγία
1350 2612 1419 2687 μονίΙ
1435 2611 1492 2672 ἀπὸ
1511 2618 1562 2674 τοῦ
1602 2667 1603 2670 ,

251 2727 464 2809 Κουρκομοὶλλι,
488 2727 590 2804 μοθίων
607 2727 633 2788 α’
645 2727 696 2803 ς”.
722 2729 826 2805 θμπὲλι
849 2727 889 2802 εἰς
903 2731 952 2806 τὴν
967 2729 1125 2791 τοποθεσίον
1141 2735 1187 2792 τοῦ
1203 2731 1373 2808 ’Υτομολίου
1388 2734 1419 2792 τθ
1433 2733 1561 2811 πλησίον

252 2854 298 2910 τοῦ
314 2849 451 2926 ἁμπελίου
466 2854 512 2911 τοῦ
527 2851 668 2930 Δρεπάνου
684 2850 779 2927 μοθίου
793 2847 844 2926 ς”.
862 2854 953 2931 ἕτερον
969 2849 1009 2924 εἰς
1025 2852 1193 2933 Διαστηγοθς
1207 2855 1238 2914 τὸ
1252 2853 1369 2931 πλησίον
1384 2852 1492 2931 άμπέλι
1511 2863 1561 2919 τοῦ

250 2971 345 3055 Φσγρὶ
367 2973 461 3049 μοθίσυ
477 2971 528 3048 ς”.
553 2976 645 3054 ἕτερον
668 2975 771 3048 ἁμπέλι
794 2980 843 3051 τῆς
865 2975 986 3047 Βοθστας
1008 2976 1039 3036 σθ
1060 2975 1177 3052 πλησίον
1199 2976 1339 3058 χωραφίου
1360 2981 1407 3038 τοῦ
1428 2977 1558 3039 Μονδα-

249 3095 308 3158 κίου
332 3095 434 3173 μοθίων
450 3095 477 3154 α’
489 3093 542 3170 ς”.
571 3095 677 3172 ἀμπέλι
698 3097 729 3157 τθ
753 3091 806 3158 ἁπθ
829 3097 1031 3158 Κωνσταντίνου
1053 3101 1100 3158 τοῦ
1115 3098 1275 3178 Μιχαλίτζη
1299 3097 1340 3172 είς
1361 3101 1410 3176 τὴν
1432 3105 1559 3164 τοποθε-

250 3221 310 3282 σίαν
336 3223 383 3280 τοῦ
405 3218 598 3300 Καψοσιθήρου
625 3219 742 3297 πλησίον
768 3217 909 3301 χωραφίου
935 3225 981 3282 τοῦ
1004 3223 1129 3303 Δράγγου
1156 3219 1203 3282 καὶ
1225 3221 1341 3299 πλησίον
1368 3227 1415 3284 τοῦ
1437 3221 1559 3305 διερχο-

250 3343 333 3416 μένου
362 3344 486 3416 παταμσῦ
509 3341 611 3417 μοθίων
629 3341 665 3416 β’.
697 3345 788 3424 ἕτερον
817 3342 922 3419 ἁμπέλι
952 3344 982 3404 τθ
1004 3345 1126 3404 κάτωθεν
1149 3349 1202 3404 τῶν
1225 3341 1382 3421 οἰκημάτων
1406 3350 1452 3406 τοῦ
1475 3349 1559 3409 Γλυ-

249 3465 310 3545 κέρι
330 3465 362 3523 τὸ
388 3465 519 3543 σθνεγγυς
542 3465 679 3540 ἁμπελίου
701 3467 749 3525 τοῦ
771 3465 896 3546 Δρθγγου
918 3464 1021 3541 μοθίων
1036 3463 1117 3542 σ’ς”
1141 3467 1186 3527 σὺν
1208 3471 1258 3544 τῆς
1279 3467 1423 3542 ποταμίας.
1457 3470 1559 3550 ἕτερον

250 3593 299 3663 της
313 3585 486 3666 ποθογωνίας
498 3581 534 3671 [ί]
546 3589 592 3647 τοῦ
606 3587 702 3661 βουνοῦ
713 3593 767 3646 τῶν
779 3587 893 3666 Ἀγρίων
904 3589 935 3647 τ“ο
948 3587 1001 3647 ἀπὸ
1014 3587 1120 3668 δωρεάς
1131 3590 1339 3666 καθηγουμένου
1350 3595 1396 3650 τοῦ
1408 3591 1560 3672 Κουρκου-

251 3709 350 3788 μάλλι,
382 3707 475 3781 καθὼς
496 3709 668 3791 περιγυρθζει,
700 3711 762 3768 ὅσον
788 3707 836 3768 καί
863 3701 919 3768 οἷόν
947 3710 1027 3770 ἐστιν.
1059 3712 1151 3790 ἕτερον
1178 3713 1301 3772 κάτωθεν
1328 3713 1421 3772 τούτου
1442 3715 1475 3773 τί
1501 3716 1559 3776 ἀπο

250 3837 296 3894 τοῦ
324 3833 462 3912 Μερκοῡρι
490 3830 585 3907 μοθίου
600 3829 649 3905 ς”.
681 3833 773 3912 ἕτερον
800 3831 830 3890 τθ
857 3831 1028 3907 καλούμενον
1055 3833 1085 3892 τθ
1114 3833 1299 3914 Μακρυλάτσυ
1322 3836 1352 3894 το
1375 3835 1428 3895 ἀπθ
1452 3835 1559 3898 Καλοῦ

250 3959 296 4016 τοῦ
318 3954 467 4035 Γρηγορίου
491 3953 649 4030 μοθίους”.
672 3954 777 4030 ἀμπέλι
800 3957 846 4013 τοῦ
869 3953 946 4032 ἁγίου
964 3955 1091 4014 Ἰωάννου
1113 3953 1144 4013 το
1166 3955 1339 4014 ὑποκάτωθεν
1362 3960 1409 4016 τοῦ
1432 3956 1560 4021 ἁλωνίου

251 4075 346 4152 μσθίου
362 4075 399 4139 α’.
428 4079 520 4158 ἕτερον
544 4074 584 4148 εἰς
606 4077 635 4136 τθ
659 4077 820 4136 Κανεκάτσυ
842 4077 872 4136 τ“ο
888 4074 1102 4156 Στρογγυλάκτη
1127 4075 1229 4152 μοθίων
1245 4077 1269 4137 θ’
1282 4075 1332 4152 ς”.
1358 4081 1451 4158 ἕτερον
1473 4081 1560 4160 πλη-

251 4200 306 4260 σίον
327 4200 420 4259 τοὺτου
442 4199 538 4274 μοθίου
553 4197 604 4274 ς”.
629 4202 723 4280 ἕτερον
747 4197 787 4271 εἰς
809 4200 839 4258 τθ
856 4197 1012 4278 Μαστρικθν
1035 4199 1065 4258 το
1088 4199 1205 4274 πλησίον
1229 4199 1367 4275 ἁμπελίου
1389 4205 1436 4260 τοῦ
1452 4201 1559 4281 Μιχα-

250 4320 328 4396 λίτζη
356 4318 452 4396 μοθίου
466 4319 519 4400 ς”,
548 4320 632 4400 ἤγουν
661 4318 701 4393 εἰς
727 4323 758 4381 τθ
781 4321 931 4399 Εὐστροίοη.
963 4320 1066 4396 ἀμπέλι
1095 4320 1134 4392 εἰς
1156 4321 1191 4381 τὰ
1213 4321 1302 4402 Κεριὰ
1323 4323 1354 4382 τθ
1377 4319 1484 4383 ἁνωθεν
1511 4333 1561 4388 τοῦ

250 4440 432 4523 Ζωγολοθρου
459 4443 553 4518 μοθίου
568 4442 620 4524 ς”,
650 4443 696 4502 σίυν
724 4449 778 4503 τῶν
807 4443 897 4502 ἐκεῖσε
924 4441 1052 4524 δένδρων.
1087 4445 1178 4522 ἕτερον
1205 4449 1255 4520 τῆς
1278 4443 1360 4524 ἁγίας
1383 4442 1502 4521 Θέκλης
1528 4451 1560 4509 πθ

250 4565 374 4625 κάτωθεν
399 4569 449 4640 τῆς
476 4562 579 4638 οἰκείας
604 4569 651 4626 τοῦ
673 4565 871 4646 Ἀμαραντίτζη
899 4562 946 4625 καί
972 4565 1089 4640 πλησίον
1115 4571 1165 4641 τῆς
1191 4567 1255 4627 6θοῦ
1278 4560 1373 4642 μοδίσυ
1390 4565 1427 4630 α’.
1461 4570 1560 4651 ἕτερον

250 4693 301 4765 τῆς
322 4689 429 4762 Συκέας
457 4690 488 4749 τ“ο
515 4689 638 4750 κάτωθεν
665 4687 812 4770 χωραφίων
840 4687 941 4766 μοθίων
958 4687 997 4749 ιε’
1010 4685 1061 4766 ς”.
1102 4687 1241 4764 Ὡσαύτως
1270 4690 1288 4766 ἡ
1316 4693 1364 4765 τῆς
1393 4694 1482 4767 μονῆς
1512 4700 1562 4755 τοῦ
