3208 5310
258 355 298 420 28

257 555 303 610 τοῦ
320 551 473 630 Κουρβοῦλι
497 550 599 627 μοδίων
622 549 658 625 β’.
685 551 776 628 ἕτερον
798 551 890 621 καθὼς
913 551 1057 630 ἀνέρχεται
1081 552 1110 610 τό
1125 552 1278 627 λεγόμενον
1301 555 1347 610 τοῦ
1362 548 1498 632 Ξέροικες
1515 572 1563 624 μο-

259 671 323 731 δίων
348 671 371 731 δ’
395 673 425 732 τό
449 673 525 732 ἐνθεν
547 667 684 732 κάκεῖθεν.
710 673 802 750 ἕτερον
824 669 961 751 χωροίριον
985 672 1014 732 ἐν
1035 679 1069 754 τῇ
1092 678 1208 754 περιοχῇ
1224 677 1270 731 τοῦ
1286 671 1444 750 ίΙοινορμίου
1459 673 1494 731 τό
1510 671 1564 730 λε-

257 797 375 870 γόμενον
405 799 453 868 τῆς
482 795 585 871 Ἀπσχά
614 841 619 855 .
644 841 650 853 .
673 838 680 852 .
704 794 795 871 λαχός
823 793 923 868 μοδίων
954 793 989 868 β’.
1026 796 1117 874 ἕτερον
1147 795 1178 854 τό
1206 795 1378 868 καλοῦμενον
1399 799 1450 853 τοῦ
1485 793 1565 870 άγίου

260 915 377 994 ίίυρίκου
401 915 502 990 μοδίων
519 914 609 988 ο’ς·”.
634 917 726 992 ἕτερον
748 915 778 973 τό
800 914 916 990 πλησίον
939 916 1031 974 τούτου
1054 917 1083 974 τό
1106 915 1260 994 λεγόμενον
1282 915 1312 975 τό
1332 914 1490 995 Καρριέιόιν
1516 936 1564 988 μοι

258 1035 322 1096 δίων
339 1036 375 1110 β’.
401 1039 492 1116 ἕτερον
515 1037 545 1096 τό
567 1037 739 1111 καλούμενον
762 1040 808 1096 τοῦ
831 1037 1003 1119 Δρκταίαίί)
1026 1038 1056 1096 τό
1078 1038 1196 1114 πλησίον
1218 1037 1364 1118 χωραρίων
1380 1043 1431 1113 τῆς
1450 1037 1566 1116 Κόρτος

258 1158 360 1233 μοδίων
384 1159 420 1235 β’.
463 1179 541 1239 τερον
563 1160 594 1218 τό
616 1159 771 1236 λεγόμενον
790 1164 844 1218 τῶν
860 1158 1054 1238 Δημηνίστρων
1068 1158 1184 1235 πλησίον
1199 1159 1337 1238 χωραρίου
1353 1163 1397 1218 τοῦ
1413 1160 1565 1239 Κροιμπα·

258 1281 350 1340 νοῦτου
373 1279 467 1356 μοδίου
491 1280 527 1340 σι’.
557 1283 648 1359 ἕτερον
670 1281 701 1340 τό
723 1281 845 1340 κάτωθεν
867 1284 913 1340 τοῦ
937 1281 1081 1360 ίίοιτρικίου
1103 1281 1134 1340 τό
1157 1279 1203 1340 καί
1226 1277 1331 1340 ἄνωθεν
1352 1287 1406 1340 τῶν
1426 1280 1565 1360 Δρυάδων

258 1400 304 1460 καί
326 1401 443 1476 πλησίον
465 1400 519 1462 τῶν
542 1403 700 1482 Βαντοόρων
723 1401 825 1476 μοδίων
849 1401 885 1474 β’.
916 1401 960 1462 οῦν
982 1403 1084 1473 τούτοις
1105 1399 1152 1460 καὶ
1175 1403 1205 1462 τό
1227 1403 1277 1460 ὑπό
1299 1400 1338 1482 τῷ
1362 1403 1442 1482 μέρει
1468 1404 1565 1475 Σάμου

257 1525 405 1602 χωροίριον,
429 1524 459 1582 τό
483 1521 640 1596 ἐξάμπελον
662 1525 693 1584 τό
716 1524 807 1582 ἐπάνω
829 1527 876 1582 τοῦ
891 1525 987 1582 Λουκά
1010 1523 1111 1598 μοδίων
1130 1522 1156 1583 ι’.
1179 1525 1318 1601 χωράριον
1333 1527 1378 1582 τοῦ
1395 1523 1565 1603 Ἀστροικίου

257 1645 288 1704 τό
315 1643 432 1720 πλησίον
460 1645 597 1724 χωραρίου
624 1649 670 1704 τοῦ
692 1645 817 1725 Λιθρίνου
840 1645 942 1720 μοδίων
966 1644 999 1706 δ’.
1030 1646 1067 1704 ἔτι
1089 1652 1139 1721 τῆς
1162 1646 1281 1724 Αιθερῆς
1303 1645 1386 1722 ἤγουν
1408 1649 1459 1704 τοῦ
1485 1643 1564 1720 ἁγίου

259 1765 407 1826 Βαοιλείου
430 1763 533 1842 μοδίων
550 1766 577 1826 ι’.
602 1769 694 1846 ἕτερον
716 1769 746 1826 τό
769 1767 945 1826 ἀποκάτωθεν
968 1767 1059 1826 τοῦτου
1081 1767 1112 1826 τό
1135 1766 1287 1842 λεγόμενον
1303 1773 1356 1824 τῶν
1372 1767 1492 1845 Βορὲων
1510 1786 1564 1840 μο-

258 1885 322 1946 δίων
345 1886 383 1963 η’.
413 1889 505 1968 ἕτερον
527 1889 557 1948 τό
580 1888 733 1966 λεγόμενον
756 1892 802 1948 τοῦ
824 1889 969 1966 Ζωογόρου
991 1886 1105 1947 καὶτοῦ
1130 1886 1273 1947 Πλατάνσυ
1297 1887 1399 1963 μοδίων
1425 1886 1469 1963 η’.
1501 1889 1564 1946 ἐτε-

259 2029 305 2088 ρον
334 2014 385 2085 τῇς
409 2008 614 2090 Λαρδιαναρέσς
643 2009 745 2085 μοδίων
768 2009 809 2083 ς’.
842 2011 933 2090 ἕτερον
955 2011 1094 2090 χωράρισν
1116 2012 1162 2069 τοῦ
1184 2008 1367 2082 Κατοβολέου
1391 2007 1501 2084 μοδίων
1525 2007 1561 2086 γ’.

258 2131 351 2212 ἕτερον
372 2134 510 2211 χωράριον
532 2137 578 2192 τοῦ
601 2130 742 2206 Σοτηλαίου
766 2131 860 2206 μοδίου
884 2130 919 2190 σι’.
943 2135 1080 2210 χωροίριον
1103 2134 1148 2190 τοῦ
1169 2132 1280 2190 Λάκκου
1302 2132 1333 2189 τό
1354 2129 1476 2205 πλησίον
1500 2151 1563 2208 χω-

260 2251 353 2331 ραρίου
375 2257 428 2312 τῶν
451 2253 536 2330 ἁγίων
559 2253 708 2331 Νεορανῶν
731 2252 833 2326 μοδίων
856 2251 892 2325 β’.
920 2254 1058 2332 χωροίριον
1080 2257 1129 2326 τῆς
1152 2251 1373 2330 Κοκορεβονθίας
1395 2252 1505 2326 μοδίων
1529 2249 1562 2324 β’.

183 2417 186 2424 «
259 2373 351 2452 ἕτερον
373 2375 511 2453 χωροίριον
534 2378 579 2434 τοῦ
602 2373 757 2454 Δρυαλλίου
778 2374 810 2432 τό
831 2375 998 2448 τεμνόμενον
1021 2372 1096 2453 παρὰ
1117 2378 1163 2433 τοῦ
1185 2377 1308 2447 ποταμοῦ
1332 2372 1434 2448 μοδίων
1461 2372 1501 2448 β’.
1532 2373 1562 2430 ἕ-

258 2514 336 2574 τερον
365 2496 396 2554 τό
425 2496 597 2569 καλούμενον
627 2496 658 2553 τό
688 2495 874 2570 Μεσσβοῦνιον
902 2494 1003 2571 μοδίων
1027 2493 1116 2568 σ’ς’.
1148 2497 1240 2574 ἕτερον
1262 2496 1400 2574 χωράριον
1432 2491 1476 2566 εἰς
1500 2493 1561 2552 Κο-

258 2616 366 2692 ομάδας
375 2616 400 2699 1)
423 2616 539 2691 πλησίον
561 2623 615 2676 τῶν
637 2615 870 2692 καταλελυμένων
893 2614 1050 2692 οἰκημάτων
1073 2620 1119 2676 τοῦ
1134 2615 1281 2696 Τρικσίλου
1304 2615 1406 2690 μοδίων
1430 2615 1470 2689 β’,
1498 2617 1561 2674 ἐτε-

258 2758 304 2816 ρον
326 2741 464 2818 χωράριον
487 2742 532 2798 τοῦ
550 2738 671 2798 Πλαοίου
694 2737 740 2798 σῦν
763 2736 809 2796 καί
832 2741 877 2796 τοῦ
901 2737 985 2816 ἀγροῦ
1009 2739 1091 2817 μέχρι
1113 2741 1159 2796 τοῦ
1182 2737 1260 2816 όρους
1281 2736 1384 2811 μοδίων
1400 2735 1434 2797 δ’.
1468 2738 1562 2814 ἕτερον

258 2861 288 2919 τό
317 2860 489 2935 καλούμενον
520 2861 550 2920 τό
573 2861 679 2920 Λευκόν
709 2860 755 2920 σῦν
778 2865 832 2918 τῶν
856 2857 1012 2935 οἰκημάτων
1036 2859 1138 2932 μοδίων
1162 2857 1197 2933 β’.
1234 2859 1326 2936 ἕτερον
1348 2855 1491 2938 χωράριον
1514 2861 1562 2929 τῆς

259 2981 385 3062 ίίαρδοῦς
409 2981 510 3056 μοδίων
534 2981 569 3055 β’.
595 2984 686 3062 ἕτερον
711 2980 750 3053 είς
771 2981 821 3057 τὴν
844 2982 926 3056 αὐτὴν
948 2981 1107 3040 τοποθεσίαν
1132 2979 1234 3054 μοδίων
1257 2979 1295 3050 ζ’.
1333 2981 1424 3059 ἕτερον
1449 2978 1492 3052 είς
1515 2978 1562 3050 τὴν

257 3103 417 3164 τοποθεσίαν
439 3110 489 3178 τῆς
504 3103 657 3179 Κομολλοῦ
678 3101 718 3185 (ί)
741 3104 771 3162 τδ
793 3102 909 3178 πλησίον
931 3107 981 3177 τῇς
996 3105 1150 3182 γυοτερνός,
1174 3103 1241 3181 όπερ
1266 3101 1346 3176 ἐδόθη
1369 3101 1562 3182 τῇάγιωτάιῃ

259 3227 391 3308 ἐπισκοπῇ
415 3227 468 3286 ἀπό
491 3230 543 3284 τῶν
559 3226 757 3305 Μυρσινιατῶν,
781 3224 884 3301 μοδίων
900 3221 939 3297 ξ’.
981 3243 1058 3304 τερον
1075 3221 1233 3298 ἐξάμπελον
1250 3223 1303 3281 άτό
1320 3226 1365 3281 τοῦ
1381 3221 1495 3298 Σχόλου
1512 3239 1562 3294 μο-

260 3347 317 3407 δίου
340 3347 376 3406 α’.
410 3347 511 3424 ὁμοίως
535 3348 563 3406 ἐν
586 3353 620 3429 τῇ
642 3353 758 3427 περιοχῇ
781 3351 827 3405 τοῦ
851 3346 959 3426 Πύργον
982 3349 1074 3425 ἐ’τερον
1097 3342 1256 3420 ἐξάμπελον
1280 3341 1319 3414 εἰς
1340 3343 1389 3416 τὴν
1412 3344 1510 3418 Σάμον
1533 3340 1563 3398 τό

260 3467 406 3548 ὰφιερωθέν
435 3475 468 3549 τῇ
501 3465 639 3548 άγιωτάτη
668 3467 799 3549 ἐπισκοπῇ
824 3467 876 3527 ἀπό
899 3467 1063 3546 Καλοκόρσυ
1086 3467 1212 3526 διακόνου
1234 3466 1265 3525 τό
1289 3465 1490 3543 ἐπιλεγόμενον
1513 3469 1562 3537 τῆς

259 3590 368 3668 Ναγίας
391 3589 592 3670 συγχωρίοεως,
616 3589 718 3664 μοδίων
733 3589 774 3663 ς’,
805 3591 897 3669 ἕτερον
921 3588 1028 3648 σταοίον
1052 3588 1080 3646 ἐν
1103 3594 1137 3668 τῇ
1158 3593 1275 3668 περιοχῇ
1298 3591 1348 3660 τῆς
1363 3586 1458 3660 Σάμου
1484 3587 1560 3662 ἐντῄ

259 3711 403 3794 τοποθεσίρ
434 3715 479 3771 τοῦ
510 3713 632 3781 Λευκοῦς
661 3712 762 3790 χωρίου
791 3717 841 3786 σῇς
871 3711 1029 3788 λεγομένης
1058 3713 1104 3769 τοῦ
1135 3709 1282 3784 Λεοντίτζη
1312 3708 1360 3782 τὴν
1392 3707 1561 3786 δωρηδεϊσσιν

259 3839 292 3914 τῇ
316 3833 383 3916 ἁγίᾳ
406 3840 476 3914 μονῇ
499 3832 573 3912 παρὰ
589 3833 708 3902 Λέοντος
730 3831 786 3891 υἱοῦ
802 3831 1005 3891 Κωνοταντίνου
1028 3835 1074 3890 τοῦ
1089 3829 1245 3909 Τρικοίλου,
1269 3831 1320 3888 ὅσα
1342 3827 1389 3888 καὶ
1413 3822 1456 3888 οἷά
1483 3829 1560 3887 ἐστιν.

261 3955 354 4034 ἕτερον
383 3954 412 4014 ἐν
438 3960 472 4036 τῇ
494 3960 610 4036 περιοχῇ
633 3960 682 4030 τῆς
705 3952 828 4033 Κρανίας
849 3955 879 4012 τό
904 3953 1102 4031 ἐπιλεγόμενον
1123 3957 1174 4028 τῇς
1197 3953 1298 4031 Χώρας
1320 3951 1351 4010 τό
1372 3949 1491 4025 πλησίον
1514 3953 1561 4020 τῆς

260 4075 431 4156 Ἀλοριίινας,
456 4077 550 4148 καθὼς
573 4077 627 4135 ἐστι
648 4077 871 4156 περιωρισμὲνον,
896 4073 996 4149 μοδίων
1012 4073 1048 4134 κ’.
1072 4076 1198 4152 χωράρια
1213 4071 1248 4131 τόι
1264 4071 1366 4130 ἄνωθεν
1383 4065 1559 4156 δια[δη]λοῦ-

260 4217 331 4273 μενοι
354 4198 383 4256 ἐν
398 4203 462 4257 πάσι
479 4199 534 4267 τοῖς
558 4197 705 4273 δηλωθεῖσι
722 4197 858 4277 διαφόροις
873 4193 920 4256 καί
934 4195 1069 4256 ποικίλεοι
1086 4191 1163 4278 (εἰσ)
1179 4192 1352 4264 κατατοπίοις
1368 4193 1472 4268 μοδίων
1487 4187 1559 4271 χκε’,

260 4319 306 4379 οῦν
330 4319 420 4389 αὺτοῖς
444 4319 475 4378 δὲ
497 4317 545 4379 καὶ
567 4317 704 4380 σίκοόεοία
725 4317 771 4379 καί
795 4319 955 4398 ἀγρονόμιοι,
978 4317 1061 4394 ἤγουν
1083 4316 1118 4376 τό
1133 4318 1182 4376 οῦκ
1197 4313 1334 4393 ίοχῦσαιμι
1350 4313 1559 4394 μοδιολογῇσοι,

260 4443 401 4516 κομμάτιον
416 4439 476 4514 λς’.

266 4601 290 4606 -
311 4599 471 4606 -....-.........

370 4702 387 4764 ¹)
408 4697 552 4757 ίίοσκοίδοςί
