3240 5286
258 359 321 425 298

258 561 292 638 τῇ
316 554 387 636 αύλῇ
410 559 455 614 τοῦ
479 556 570 633 έτέρου
594 575 645 628 μου
669 552 742 614 οἴκου
765 557 811 612 τοῦ
827 553 879 612 ἀπύ
895 558 945 630 τῆς
959 553 1244 633 πρωτοσπαθαρίσσης,
1267 559 1316 629 τῆς
1333 557 1459 629 μοναχῆς
1477 556 1565 628 κυρᾶς

259 676 437 756 Εύφροούνης,
460 681 510 752 τῆς
533 675 722 755 γυναικοθείας
746 696 807 756 μου,
832 674 1018 751 ἐξωνηθέντος
1040 695 1095 754 μοι,
1119 673 1166 733 καὶ
1187 676 1250 734 ἄνευ
1264 678 1311 734 τοῦ
1327 674 1565 748 στενοεπιμήκονς

258 799 376 873 ἡλιακοῦ
397 803 444 858 τοῦ
471 798 668 878 προκύπτοντος
697 795 736 869 είς
758 797 806 874 τὴν
829 795 917 872 αύλῖην
939 800 985 857 τοῦ
1010 794 1151 876 εἰρημένου
1175 816 1226 870 μου
1249 793 1334 875 οἴκου,
1363 798 1410 855 τοῦ
1433 794 1490 854 ἀπὸ
1515 800 1564 868 τῆς

259 917 404 1000 εἰρημένης
433 919 709 999 πρωτοσπαθαρίσοης
739 917 785 978 καί
817 923 942 996 μοναχῆς
971 923 1055 998 κυρᾶς
1081 917 1250 998 Εύφροσῦνης
1281 913 1465 992 ἐξωνηθέντος
1501 934 1562 990 μοι·
1601 939 1602 1034 γ

257 1045 341 1102 ταῦτα
362 1041 416 1122 γὰρ
438 1041 472 1100 τὰ
495 1040 551 1120 δύο,
579 1041 609 1100 τό
631 1060 662 1099 τε
684 1043 826 1118 κατῶγεον
848 1037 895 1098 καί
918 1039 962 1098 τδν
985 1039 1113 1118 ἡλιακὸν,
1144 1041 1174 1098 ὅν
1197 1037 1251 1098 άπδ
1273 1043 1322 1112 τῆς
1346 1035 1561 1116 άσηκρητίσσης,

257 1169 342 1244 τυροῦς
364 1163 552 1242 Ἂναστασοῦς,
576 1158 767 1242 ἐξωνησάμην,
795 1163 935 1236 συνηνωσα
957 1159 995 1240 τῷ
1019 1157 1090 1238 αύτῷ
1115 1159 1182 1240 οἴκῳ
1205 1159 1275 1234 μετὰ
1297 1158 1344 1220 καὶ
1366 1163 1411 1219 τοῦ
1432 1161 1563 1238 τριπάτου

258 1284 454 1361 κουβουκλείου
475 1287 521 1344 τοῦ
546 1285 656 1362 ἔχοντος
678 1285 754 1342 κάτω
776 1283 822 1342 τδν
846 1281 990 1362 ύνὸμυλον,
1015 1283 1083 1341 ῶστε
1107 1277 1177 1341 εἴναι
1200 1284 1269 1362 μέρη
1292 1285 1338 1341 τοῦ
1361 1285 1457 1362 μικροῦ
1473 1279 1561 1345 οἴκου,
1601 1269 1602 1332 ἒ

258 1408 287 1466 ὅν
311 1407 364 1466 ἀπο
386 1411 435 1481 τῆς
457 1405 742 1486 πρωτοσπαθαρίοσης,
766 1408 848 1483 κυρᾶς
872 1403 1043 1484 Εθφροσύνης
1065 1409 1115 1492 της
1137 1402 1291 1480 Βωβαίνης,
1322 1407 1372 1477 τῆς
1395 1401 1470 1474 θείας
1497 1421 1559 1476 μου,
1601 1437 1602 1440 =

259 1525 452 1603 ἐξωνησάμην·
482 1527 528 1585 τὸν
559 1525 590 1586 δὲ
621 1525 718 1585 λοιπον
749 1523 854 1584 ἅπαντα
884 1519 959 1584 οίκον
990 1525 1035 1583 τδν
1058 1523 1112 1583 άπὸ
1133 1529 1182 1600 τῆς
1212 1523 1489 1604 πρωτοσπσθαρίσσης
1513 1520 1561 1581 καί
1601 1565 1602 1568 ¹

260 1647 469 1730 ἀσηκρητίσσης,
492 1651 576 1726 κυρᾶς
592 1645 781 1725 Ἀναστασοῦς,
807 1641 977 1721 ἑξωνηθέντα
1001 1664 1047 1719 μοι
1067 1645 1167 1724 ἀφιερῶ
1183 1643 1230 1704 καί
1245 1649 1314 1704 ποιῶ
1329 1647 1558 1725 πτωχοτροφεῖσν,
1601 1645 1602 1660 ³

259 1773 298 1841 ὡς
319 1768 554 1851 προσδιείληττται,
579 1767 624 1827 σύν
646 1765 685 1846 τῷ
706 1769 897 1847 προειρημένῳ
920 1772 969 1842 της
992 1766 1149 1826 Ῥαιδεστού
1172 1765 1249 1844 οἴκῳ,
1274 1764 1337 1840 μίαν
1360 1765 1459 1840 κλῆσιν
1480 1763 1559 1843 ὀφεί-

258 1891 344 1952 λοντα
367 1891 453 1968 ἔχειν,
476 1887 523 1949 καί
545 1891 575 1948 ἓν
597 1891 815 1968 πτωχοτροφεῖον
838 1887 1008 1967 λογίζεσθαι,
1032 1881 1079 1948 καί
1103 1888 1178 1965 ἔχειν
1194 1887 1351 1968 ἱλαστήριον
1365 1889 1413 1946 τὀν
1430 1886 1558 1968 Προδρο-

259 2014 338 2088 μικδν
360 2014 433 2090 ναῦν,
459 2011 501 2072 ἐπ’
515 2011 626 2085 δνάματι
648 2014 694 2070 τσῦ
717 2007 843 2088 μεγάλου
866 2011 929 2069 θεοῦ
951 2008 998 2069 καὶ
1021 2015 1143 2090 σωτῆρος
1165 2009 1244 2084 ἡμῶν
1268 2009 1358 2082 Ἰησοῦ
1374 2008 1488 2087 Χριστοῦ
1513 2011 1557 2066 τοῦ
1601 2037 1602 2050 1

259 2133 498 2214 Πανοικτίρμονος,
521 2126 593 2212 ᾧτινι
615 2131 673 2210 ναῷ
695 2130 742 2192 καί
765 2131 803 2210 τῷ
828 2132 856 2192 ἐν
881 2129 952 2211 αύτῷ
975 2133 1121 2210 τιμωμένῳ
1146 2129 1236 2206 Ἰησοῦ
1259 2128 1368 2210 Χριστῷ
1390 2127 1430 2209 τῷ
1453 2129 1556 2188 Πανοι-
1601 2117 1602 2120 “

257 2257 389 2338 κτίρμονι,
411 2255 458 2316 καὶ
480 2255 519 2334 τῷ
543 2257 572 2316 ἐν
593 2253 632 2336 τῷ
655 2253 722 2335 οἴκῳ
745 2275 796 2330 μου
818 2261 868 2332 τῆς
882 2247 1039 2315 Ῥαιδεστοῦ
1062 2254 1127 2334 θείῳ
1151 2251 1237 2334 σηκῷ,
1263 2249 1367 2333 δφείλει
1383 2247 1453 2312 εἶναι
1468 2271 1555 2330 προσ·
1601 2227 1602 2250 ί

258 2378 449 2459 κεκυρωμένον
473 2377 502 2437 ἐν
525 2375 583 2437 δυσὶ
604 2377 707 2448 τούτοις
734 2376 819 2448 οἴκοις
841 2378 870 2436 ἓν
893 2377 1121 2456 πτωχοτροφεῖον,
1151 2373 1199 2434 καὶ
1220 2375 1254 2435 τά
1275 2376 1379 2446 τούτοις
1400 2393 1557 2454 προαφωρι-

259 2500 346 2575 σμένα
368 2499 463 2575 κινητὰ
484 2497 531 2558 καὶ
553 2497 676 2578 ἀκίνητα,
700 2497 747 2558 καί
769 2499 812 2558 ἵνα
827 2497 967 2558 καλῶνται
984 2497 1134 2573 ἐπωνύμως
1151 2497 1375 2577 Πτωχοτροφεῖον
1391 2499 1436 2555 τοῦ
1452 2495 1556 2554 Ποινοι-

258 2620 415 2700 κτίρμονος·
439 2618 462 2680 εἰ
484 2619 538 2700 γὰρ
560 2617 607 2680 καί
630 2621 645 2679 ὅ
667 2621 732 2692 ναδς
755 2613 832 2692 οὗτος
853 2623 900 2680 τοῦ
924 2619 952 2678 ἐν
974 2619 1112 2701 τῇΠὸλει
1136 2617 1211 2679 οἴκου
1234 2639 1286 2694 μου
1302 2616 1406 2698 βραχύς
1420 2615 1467 2676 καί
1481 2614 1555 2675 πολ-

259 2742 317 2802 λῶν
342 2742 491 2822 ἐπιτερπῶν
513 2739 560 2801 καί
582 2747 631 2817 τῆς
653 2741 751 2818 γηίνης
772 2741 842 2818 ύλης
865 2739 986 2818 έπιδεής,
1011 2739 1089 2800 ἀλλὰ
1110 2742 1224 2821 χάριτος
1239 2740 1368 2818 μεγάλης
1383 2746 1417 2819 τῇ
1433 2741 1478 2798 τοῦ
1492 2739 1555 2797 θεοῦ

258 2859 371 2938 ἠξίωται
399 2865 499 2943 χάριτι,
529 2861 576 2922 καὶ
600 2859 631 2935 ἐξ
654 2861 793 2934 ἐπιπνοίας
816 2863 956 2941 θειοτέρας
978 2861 1026 2921 οῦκ
1049 2860 1142 2940 ὅλίγαι
1165 2862 1325 2936 θεοσημεϊαι
1349 2843 1378 2920 ἐν
1401 2859 1485 2938 τούτῳ
1506 2855 1553 2935 γί·

256 3004 358 3064 νονται,
388 2982 435 3043 καὶ
462 2985 538 3062 πηγὴ
562 2984 659 3055 ἐλέους
682 2983 758 3044 δοκεῖ
781 2983 826 3044 διὰ
847 2989 896 3059 τῆς
920 2981 959 3054 εἰς
981 2981 1043 3055 τούς
1064 2984 1184 3059 πένητας
1207 2983 1336 3060 εύποιίας,
1367 2979 1402 3041 δι’
1414 2975 1448 3056 ἧς
1470 2981 1553 3055 μάνης
1601 3007 1602 3018 ³

258 3107 321 3178 θεὸς
347 3105 533 3185 θεραπεύεται,
563 3103 611 3166 καὶ
636 3105 698 3187 περὶ
721 3099 755 3181 ἦς
778 3103 840 3180 ἐμοὶ
863 3105 878 3163 ὅ
899 3108 953 3176 πᾶς
975 3109 1024 3180 της
1047 3103 1229 3184 καρποφορῖας
1252 3105 1366 3174 σκοπὸς·
1398 3105 1428 3162 οῦ
1450 3102 1501 3181 γὰρ
1525 3101 1552 3158 ἐν

256 3229 456 3307 χειροποιήτοις
483 3229 559 3300 ναοῖς
580 3227 596 3285 ὅ
623 3226 767 3308 ἆχῶρητος
789 3224 836 3286 καί
858 3225 1015 3307 ύπερούσιος
1037 3225 1100 3298 θεδς
1121 3227 1255 3306 κατοικεῖ,
1286 3223 1353 3284 ἀλλ’
1367 3223 1397 3284 ἑν
1422 3223 1550 3301 ἐμψύχοις

257 3351 312 3419 τοῖς
335 3347 521 3428 εύαρεστοῦσιν
545 3347 616 3426 αύτῷ
638 3347 685 3407 καὶ
706 3352 811 3408 ποιοῦσι
834 3347 905 3423 μετὰ
926 3349 1047 3427 καθαροῦ
1070 3345 1222 3418 συνειδότος
1236 3346 1289 3405 -τὸν
1314 3345 1409 3406 ἔλεον·
1434 3339 1479 3404 διὰ
1500 3342 1549 3422 γὰρ

257 3473 334 3529 τοῦτο
356 3467 403 3528 καὶ
426 3469 592 3550 θεραπευτὰς
613 3471 660 3529 τοῦ
682 3473 748 3528 ναοῦ
771 3469 871 3549 άνδρας
894 3468 1023 3543 εύλαβεϊς
1044 3469 1258 3548 προεστησάμην
1279 3464 1323 3526 ἐπὶ
1338 3466 1430 3546 ῥητοῖς
1447 3483 1548 3544 σιτηρε-

258 3589 324 3662 σίοις
347 3589 393 3650 καὶ
417 3590 525 3670 ῥὸγαις·
551 3589 608 3668 ἐγὼ
630 3589 684 3669 γὰρ
707 3590 756 3649 οῦκ
780 3589 807 3648 ἐν
832 3589 932 3672 ἀπορίᾳ
953 3590 1127 3669 κληρονόμου
1149 3588 1195 3649 καί
1219 3594 1330 3668 φυσικῆς
1353 3587 1469 3662 ἐννὸμου
1492 3587 1547 3646 δισ-

259 3711 346 3789 δοχῆς
368 3712 416 3786 τὴν
431 3710 554 3785 τοιαύτην
571 3711 672 3785 ἐθέμην
690 3709 790 3770 ἐλπίδα
805 3708 852 3770 καὶ
866 3711 1064 3791 προσαγωγὴν·
1089 3710 1144 3769 ἔστι
1161 3731 1207 3785 μοι
1222 3709 1275 3790 γὰρ
1290 3708 1346 3780 υἱδς
1361 3709 1547 3787 γνησιώτατος,

257 3835 272 3893 ὅ
296 3835 483 3914 μυστογράφος
497 3836 546 3913 κύρ
564 3831 711 3913 Θεόδωρος
725 3831 772 3891 καὶ
788 3832 931 3907 βασιλικὸς
945 3835 1078 3912 νοτάριος,
1102 3831 1170 3892 ἀλλ’
1184 3831 1212 3890 ἐν
1228 3831 1439 3911 συντετριμμένῃ
1455 3827 1548 3908 καρδίᾳ

171 3981 173 3988 ·
256 3953 303 4015 καί
325 3957 486 4014 ταπεινώσει
509 3953 570 4014 δέον
594 3954 687 4034 ἔκρινα
711 3951 803 4028 δοῦνμι
827 3952 926 4034 μερίδα
947 3951 994 4012 καὶ
1016 3955 1074 4024 τοῖς
1096 3953 1217 4029 πτωχοῖς
1229 3953 1258 4028 ¹),
1282 3951 1341 4026 ἦτοι
1360 3949 1399 4030 τῷ
1420 3951 1546 4026 μέλλοντι

257 4073 343 4156 αἰῶνι,
368 4077 534 4156 εἴιχαριστῶν
556 4073 594 4154 τῳ
609 4073 811 4154 πανοικτίρμονι
825 4073 872 4133 καί
887 4072 1032 4154 φιλαγάθῳ
1048 4071 1113 4154 θεῷ,
1137 4075 1177 4133 ὅτι
1193 4092 1228 4149 με
1244 4072 1297 4132 άπδ
1312 4073 1418 4150 γονέων
1435 4072 1545 4147 εύσεβῶν

257 4196 303 4258 καί
331 4195 511 4276 φιλοχρίστων
537 4198 692 4276 προήγαγε,
722 4193 994 4274 παιδαγωγησοίντων
1018 4215 1052 4270 με
1075 4196 1123 4270 τὴν
1148 4193 1278 4274 μεγίστην
1300 4193 1394 4282 σοφίαν
1416 4201 1466 4268 τῆς
1487 4193 1545 4272 πρὸς

258 4319 335 4378 αίιτδν
357 4321 498 4396 γνώσεως,
530 4313 590 4377 εἶτα
612 4317 658 4377 καί
680 4317 848 4388 παιδεύσεως
871 4316 972 4387 ἱκανῶς
996 4317 1178 4396 ἐμπεφὸρηκε,
1210 4317 1259 4390 ὅση
1282 4335 1311 4374 τε
1334 4321 1384 4391 τῆς
1407 4313 1544 4392 ἐγκυκλίου

256 4439 303 4501 καὶ
327 4441 377 4516 ὅση
400 4445 450 4515 τῆς
472 4439 543 4500 κατὰ
565 4438 724 4520 φιλοσόφους
746 4443 764 4514 ἢ
788 4439 915 4519 ῥήτορας,
937 4437 985 4498 καί
1007 4439 1058 4515 ὅση
1081 4443 1130 4514 τῆς
1149 4439 1227 4517 ἱερᾶς
1241 4443 1294 4497 τῶν
1309 4439 1401 4512 νόμων
1417 4439 1543 4514 μυήσεως,

362 4700 381 4768 ¹)
399 4695 463 4752 θκτιύ
481 4699 507 4752 S.
