3166 5298
1275 353 1317 416 89

21 549 62 606 καὶ
84 549 318 628 άναποσπάστως,
342 549 435 621 καθὼς
458 549 559 623 μέλλει
582 548 767 629 παραδοθῆναι
789 548 856 626 προς
879 549 961 622 αὐτὴν
983 547 1058 627 παρὰ
1071 551 1118 606 τοῦ
1131 547 1320 622 πανσεβάστου

23 668 115 728 οἰκείου
138 678 175 752 τῆ
200 671 331 753 βασιλείᾳ
346 693 408 750 μου,
424 675 504 751 κυροῡ
519 671 661 730 Νικολάου
675 673 721 730 τοῦ
737 663 916 748 Θεολσγίτου,
938 673 992 728 τῶν
1008 669 1106 749 ἀρτίως
1121 668 1319 749 εὑρισκομένων

24 790 56 862 τίς
77 793 128 866 τὴν
155 792 329 868 δημοοιακῆν
353 793 454 870 ένοχὴν
476 791 600 872 Βολεροϋ
621 789 668 852 καί
691 789 922 870 Μοσυνοπέλεως,
953 791 1061 869 Σερριῖνν
1084 787 1132 848 καὶ
1153 791 1318 871 Στρυμόνος,

23 910 75 970 έπεί
97 913 227 990 ἀπελύθη
250 915 318 993 πρὸς
340 913 436 986 αὺτοίις
459 915 552 973 ἕνεκεν
573 913 666 973 τούτου
688 911 735 972 καὶ
757 915 918 992 πρόσταγμα
940 917 990 987 τῆς
1013 910 1155 987 βασιλείας
1178 930 1230 986 μου
1246 911 1318 971 άπα-

22 1032 95 1091 “ι.οθὲν
118 1029 210 1094 κατὰ
233 1040 321 1110 μῆνα
343 1033 566 1116 σεπτέμβριον
585 1039 644 1110 τῆς
664 1033 1066 1114 ἐνισταμένηςπρὼτηςί)
1083 1029 1238 1112 ίνδίκτου,
1260 1035 1319 1092 τοῦ

25 1153 319 1232 έξικισχιλιοστοῡ
342 1149 628 1240 [ὄκτακοσιοοτοϋ]
650 1152 705 1214 καὶ
728 1157 824 1214 ἕκτου
847 1154 951 1232 ἔτους,
976 1153 1009 1212 ἑν
1032 1147 1055 1232 ᾧ
1077 1151 1123 1212 καὶ
1138 1154 1169 1212 τ“σ
1184 1153 1318 1232 ἡμέτερον

25 1275 127 1348 έοσεβές
152 1275 201 1336 καί
224 1275 428 1357 θεοπρόβλητον
451 1277 642 1352 ὓπεσημῆνατο
664 1278 773 1356 κράτος.

120 1402 136 1472 †
162 1393 245 1475 Εἶχε
275 1396 330 1458 καί
361 1398 562 1478 δι’έρυβρών
591 1399 796 1477 γραμμάτων
825 1403 883 1472 τῆς
913 1395 1095 1472 βασιλικῆς
1123 1397 1241 1476 χειρὸς
1269 1397 1318 1454 τά·

25 1517 230 1598 Ἀνδρόνικος
253 1519 287 1579 ἑν
307 1517 436 1599 Χριστῷ
459 1517 501 1598 τῷ
524 1517 589 1599 θεῷ
610 1519 724 1590 πιστος
747 1517 909 1592 βασιλεὺς
930 1516 986 1577 καὶ
1009 1517 1224 1598 αὐτοκράτωρ
1240 1515 1319 1576 Ῥω-

27 1639 124 1712 μαίων
149 1641 165 1698 ὁ
189 1639 435 1719 Παλαιαλὸγος
458 1645 485 1716 †.

123 1765 228 1824 Satias
244 1767 265 1822 Ι
270 1785 303 1838 p.
323 1769 503 1822 214-215.

258 2035 301 2100 Π.
325 2033 550 2117 6807-1299,
573 2055 684 2100 mense
707 2033 887 2116 novembri,
910 2032 976 2097 ind.
1001 2031 1077 2098 XII.

30 2199 174 2268 Imperator
182 2203 354 2256 Andronicus
363 2202 404 2256 11.
414 2201 594 2272 Ραίοοοίοριιο
606 2200 722 2272 Georqio
736 2201 852 2254 Τηιίοιιο
860 2199 1000 2269 confimat
1007 2199 1120 2255 liberam
1124 2201 1318 2272 possessionem

252 2311 340 2359 terrae
355 2305 432 2374 apud
448 2303 555 2374 Smne,
572 2323 654 2375 quam
670 2311 738 2360 tenet
754 2322 786 2358 σα
800 2304 946 2358 hereditate
957 2310 1087 2374 paterna.

126 2494 141 2564 ί
163 2487 242 2549 Ἐπεὶ
265 2491 280 2547 ὁ
303 2488 403 2561 οἰκεῖος
424 2495 474 2566 τῆς
494 2488 637 2564 βασιλείας
653 2510 715 2570 μου,
739 2491 875 2570 Γειίνργιος
890 2491 904 2547 ὃ
920 2489 1088 2570 Τρουληνάς,
1111 2491 1241 2565 κέκτηται
1255 2486 1318 2567 περί

32 2607 75 2678 τὰς
95 2609 198 2690 Σέρρας
222 2608 390 2688 οἰκονομίαν,
421 2610 497 2682 ἐντὀς
520 2609 551 2670 δὲ
572 2614 619 2672 τοῦ
641 2614 724 2671 ποσοῦ
747 2611 844 2684 ταύτης
868 2608 996 2687 ἔχεικαὶ
1018 2616 1071 2688 γῆν
1095 2609 1123 2670 ἐν
1148 2608 1206 2671 δυσὶ
1227 2612 1320 2682 τόποις

34 2728 126 2798 μεδέων
147 2730 248 2808 χιλίων
272 2729 431 2810 ἑξακοσίων,
454 2732 503 2806 τὴν
527 2731 577 2806 μέν
600 2737 654 2790 τῶν
675 2731 774 2810 χιλίων
799 2731 944 2790 διακοσίων
967 2730 1142 2807 διακειμένην
1165 2734 1248 2806 μέσον
1266 2737 1320 2790 τῶν

36 2849 73 2908 Ξίο
94 2853 160 2912 ὁδῶν
184 2859 237 2912 τῶν
259 2852 375 2928 πλησίον
398 2857 448 2930 τῆς
469 2857 522 2931 γῆς
544 2857 590 2912 τοῡ
613 2852 755 2933 μονυδρίου
778 2856 824 2912 τοῦ
848 2850 887 2924 εἰς
910 2852 997 2928 ὄνομα
1011 2853 1165 2928 τιμωμένου
1180 2856 1226 2912 τοῦ
1242 2853 1320 2930 ἁγίου

36 2971 336 3054 μεγαλσμάρτυροςκαὶ
289 2993 518 3054 κατροπαιορορ
504 2993 549 3052 ρου
574 2973 709 3054 Γεωργίου
731 2973 778 3033 καί
802 2973 1043 3049 ἐπονομαζομένην
1064 2973 1238 3052 Κινστέρναν,
1270 2975 1318 3048 τὴν

38 3092 128 3152 {itui-2
150 3095 310 3174 τριακοσίων
332 3093 372 3168 εἰς
394 3095 442 3170 τῆν
462 3094 667 3154 τοποθεσίαν
642 3115 691 3170 την
709 3095 885 3170 καλουμένην
901 3093 1005 3154 Μόδιον
1026 3094 1142 3169 πλησίον
1165 3098 1212 3154 τοῦ
1228 3095 1318 3154 ἐκεῖσε

40 3211 133 3292 ιἰγωγοῠ
158 3213 206 3274 καὶ
233 3215 353 3276 παλαιοῦ
380 3215 517 3294 μίλωνος,
551 3213 597 3275 καὶ
619 3215 853 3293 παρεκλῆτευσεν,
884 3215 928 3274 ίνα
950 3214 1020 3297 τύχη
1042 3213 1249 3294 χρυσοβοίλλου
1271 3213 1318 3274 καί

39 3354 90 3392 κο.-
72 3339 128 3418 ,έρη
149 3338 198 3413 τὴν
220 3337 344 3412 τοιαίτην
367 3343 419 3415 γῆν
443 3338 481 3408 ὡς
503 3336 692 3416 γονικῆν,κα
648 3337 766 3396 καιὲάν
789 3336 1047 3416 προσκαθῆσωσιν
1037 3357 1065 3395 εν
1090 3336 1156 3418 αὺτῆ
1179 3337 1225 3396 καί
1247 3357 1319 3409 τινες

42 3450 98 3521 ζέε-ἰι
117 3457 161 3516 καὶ
186 3457 335 3536 ἐλεύθεροι,
360 3456 535 3536 είρίσκωνται
558 3457 738 3535 άνενόχλητοι
760 3457 807 3517 καὶ
830 3458 996 3518 ἀδιάσειστοι
1018 3457 1073 3516 ἀπο
1094 3461 1141 3518 τοῦ
1156 3459 1256 3537 μέρους
1272 3463 1319 3518 τοῦ

42 3572 162 3658 imao,
184 3579 233 3652 τὴν
255 3578 428 3656 παράκλησιν
453 3579 531 3637 αὺτοῦ
552 3574 761 3658 προσδεξαμένη
777 3580 794 3653 ἡ
812 3578 940 3652 βασιλεία
955 3579 1066 3653 μαντον
1081 3580 1203 3658 παράντα
1216 3579 1317 3658 χρυσά-

43 3692 142 3761 βσνλλον
170 3699 258 3776 λόγον
288 3699 372 3774 αἰκιῆς
403 3699 563 3780 έπιγορηγεῖ
592 3697 637 3759 καὶ
669 3699 843 3778 ἑτιβραβείιει
873 3699 954 3779 αὐτῷ,
987 3694 1061 3758 ieci
1087 3701 1250 3780 προστάσσει
1271 3699 1319 3760 καὶ

45 3812 176 3899 ἒισρίζεται,
199 3820 347 3896 κεκτῆσθαι
370 3819 449 3880 αἰτίαν
471 3821 520 3895 τῆν
542 3820 666 3897 τοιαύτην
681 3825 735 3899 γῆν
749 3827 804 3880 τῶν
819 3819 918 3898 χιλίων
935 3819 1085 3892 ἑξακοσίων
1101 3819 1203 3897 μοδίων
1219 3821 1318 3880 σίνενο-

44 3936 101 4011 Ἁλὴτ
102 3963 136 4011 ως
164 3941 211 4002 καὶ
243 3937 427 4020 άδιασείστως,
458 3942 642 4022 ἀναραιρέτως
672 3963 702 4002 τε
728 3942 775 4002 καίΙ
799 3943 1025 4022 ἀναποσπάστως,
1056 3941 1103 4003 καὶ
1127 3948 1248 4002 συνιστᾶν
1270 3940 1318 4002 καὶ

46 4054 97 4126 iii·
90 4066 148 4120 μέν
174 4063 256 4138 σιίτῆι
284 4061 330 4122 καὶ
358 4083 420 4122 οσον
448 4063 477 4122 ἐν
500 4064 567 4144 αὐτῆ
590 4065 714 4138 συσαῆσει
735 4062 782 4124 καὶ
806 4063 859 4138 βλ
852 4066 959 4142 τιὼσει,
983 4065 1149 4142 κατέχεσθαι
1172 4061 1218 4123 καὶ
1239 4065 1318 4123 τοῦτο

47 4180 175 4257 ἀρ’άιτσῦ
197 4183 268 4242 κατὰ
290 4185 335 4243 τ’σν
359 4183 438 4242 αὐτον
460 4182 508 4243 καὶ
531 4203 622 4258 ομοιον
645 4187 743 4262 τρόπον
767 4184 942 4264 ἀναφαίρετον
964 4183 1011 4244 καὶ
1031 4185 1237 4244 άνοιποοπαστον
1254 4183 1316 4244 διοι-

47 4307 148 4384 τηρῆσαι,
168 4302 215 4362 καί
236 4305 299 4376 τοὺς
322 4305 350 4364 ἐν
374 4306 440 4385 αίιτῆ
464 4304 630 4384 μέλλοντας,
654 4305 691 4377 ὡς
716 4305 829 4386 εἴρηται,
851 4307 1038 4384 πραοκαθῆσαι
1060 4303 1154 4378 ξένους
1168 4305 1216 4364 καὶ
1232 4305 1316 4366 ἐλευ-

48 4417 123 4498 ίῆσους
142 4423 289 4504 ἀνωτέρους
311 4427 400 4502 πάσης
423 4423 469 4485 καί
491 4426 621 4498 παντοίας
645 4427 815 4502 δημοσιακῆς
838 4427 968 4508 ἐπηρείας
983 4425 1029 4486 καὶ
1045 4429 1228 4506 συζητῆσεως,
1253 4429 1317 4488 ἄνευ

131 4685 148 4748 ¹)
165 4685 245 4736 Error
263 4686 292 4734 in
310 4685 466 4736 indictione.
485 4687 517 4736 In
536 4686 681 4752 archetypo
700 4687 874 4753 probabiliter
891 4687 1043 4753 legebatur:
1065 4686 1101 4737 ια’
1115 4691 1132 4740 i.
1146 4704 1168 4740 ο.
1183 4686 1316 4753 ἑνδεκάτης.
