3166 5298
1258 365 1316 428 117

47 559 239 634 προστάγματος
261 560 328 638 πρός
350 560 395 618 τόν
419 559 577 633 όομέστικον
599 559 645 618 τόν
661 559 820 638 Μακρηνον,
843 558 886 618 ίνα
907 558 1057 641 παραδώσῃ
1072 559 1139 638 πρός
1154 557 1249 630 αὑτοὺς
1263 557 1321 618 ἀντὶ

47 685 85 752 της
104 677 292 757 ἀφαιρεθείσης
314 677 345 752 ἐξ
367 681 455 740 αὑτῶν
477 677 632 754 οἰκονομίας
653 683 699 739 τοὺ
722 680 847 758 μεγαλου
868 680 1069 761 πριμμηκηρίου
1090 683 1137 739 τοὺ
1159 679 1242 740 Κασλ
1264 725 1320 740 ...

47 807 88 858 τῶν
102 799 123 878 ρ’
145 803 318 876 νομισμάτων
339 801 468 878 τοσαὺτην
491 802 638 880 ποσότητα,
660 799 707 861 καὶ
731 795 807 880 εὑρεν
831 801 860 860 ἐν
884 801 1019 882 διαφόροις
1040 801 1153 880 χωρίοις
1167 801 1213 860 καὶ
1228 821 1320 882 παρα-

47 920 149 980 δέδωκεν
172 923 256 998 αὑτὴν
277 922 346 1004 πρός
368 923 470 1002 αὑτοὺς,
500 920 546 982 καί
570 923 703 998 ἐζήτησαν
724 922 771 982 καὶ
792 924 998 1002 παρεκαλεσαν,
1027 923 1071 983 ἵνα
1092 893 1253 1002 πορίοωνται
1274 920 1322 982 καὶ

46 1046 200 1124 τρόσταγμα,
223 1045 272 1120 τὴν
296 1046 404 1120 ζήτησιν
425 1043 472 1104 καὶ
494 1045 665 1124 παράκλησιν
688 1047 774 1105 αὑτῶν
795 1041 1002 1124 προοδεξαμένη
1015 1047 1043 1120 -ή
1064 1043 1191 1119 βασιλεία
1206 1063 1268 1121 μου,
1289 1045 1320 1104 τό
1352 1015 1354 1022 ¹

46 1167 115 1244 τερ-όν
140 1167 232 1238 αὑτοῖς
261 1167 422 1246 ἑπιχορηγεῑ
448 1169 618 1246 πρόσταγμα,
651 1165 686 1226 δι’
698 1159 729 1226 οὑ
750 1164 797 1226 καὶ
820 1166 972 1247 διοριίεται,
1001 1167 1040 1238 ὡς
1063 1165 1104 1245 άν,
1140 1165 1214 1225 εἴτι
1237 1165 1320 1241 ἐδόθη

46 1289 99 1366 τρὶς
118 1289 225 1360 τσὺτους
247 1288 322 1368 παρὰ
342 1291 388 1348 τοῦ
412 1288 539 1368 ῥηθέντος
562 1287 730 1368 δομεστίτιου,
756 1289 908 1366 κατέχωσιν
932 1288 995 1346 αὑτό
1018 1287 1212 1364 ἀνενοχλήτως
1233 1289 1319 1361 πάντη

46 1407 82 1467 καί
108 1409 292 1490 άδιασείοτως,
324 1411 361 1485 μὴ
384 1411 448 1490 παρ’
461 1408 570 1481 σὺδενός
593 1408 758 1488 εὑρίσκοντες
779 1409 828 1484 τὴν
850 1413 980 1488 τυχοῦσαι
1004 1407 1190 1488 διενόχλησιν·
1228 1409 1320 1468 τοὺτου

47 1531 88 1608 γὰρ
106 1535 185 1612 χάριν
209 1533 320 1610 ἐγένετο
343 1534 432 1602 αὑτοῖς
453 1530 501 1592 καὶ
523 1534 553 1591 τό
576 1533 660 1612 παρόν
681 1533 845 1612 πρόσταγμα
865 1537 915 1607 τῆς
938 1529 1081 1604 βασιλείας
1104 1551 1156 1604 μου
1177 1535 1203 1606 †.

132 1648 247 1732 ήΕίχε
271 1653 308 1713 δὲ
323 1651 379 1713 καί
394 1653 434 1714 δι’
447 1655 590 1735 ἐρυθρῶν
605 1655 810 1734 γραμμάτων
825 1659 883 1729 τῆς
898 1652 1082 1728 βασιλικῆς
1097 1651 1189 1724 θείας
1203 1625 1319 1732 χειρός

46 1775 83 1830 τέ·
103 1775 269 1854 Στέφανος
290 1776 379 1855 κράλ
401 1780 424 1851 †.

135 1904 279 1958 Ιοαιιιιίάσι
295 1904 346 1958 Nr.
362 1907 389 1957 4.

346 2189 422 2255 XX.
448 2187 523 2254 Sine
546 2211 640 2271 anno,
664 2187 715 2253 26.
740 2163 859 2252 mensib
881 2187 999 2275 aprilis.

108 2375 165 2428 Rex
181 2373 336 2445 δίεμὺακιιε
353 2373 450 2427 Πυόαα
457 2374 538 2442 jubet
552 2373 661 2427 restitui
673 2373 834 2428 monasterio
848 2389 945 2444 αφιιισι
961 2373 1062 2426 dictum
1078 2371 1243 2440 Μοαοτμὶίσ.

362 2575 563 2656 Πρόσταγμα
586 2574 608 2646 ς’
633 2575 686 2634 διὰ
708 2575 746 2634 τόι
769 2575 979 2650 Μονόσπητα.

132 2755 148 2826 ή
169 2749 264 2811 Οἰκεῖε
279 2755 313 2831 τῇ
329 2750 455 2832 βασιλείᾳ
471 2771 532 2830 μου,
555 2749 664 2830 κεφαλὴ
681 2748 802 2829 Βολεροὺ
816 2745 863 2807 καὶ
878 2749 1109 2828 Μοσυνοπόλεως,
1134 2749 1172 2807 έτι
1185 2749 1317 2826 Χριστου-
1358 2757 1361 2764 ’

46 2872 139 2944 πόλεως
160 2872 206 2932 καὶ
228 2879 282 2933 τῶν
304 2871 366 2952 περὶ
381 2875 458 2952 αὑτά,
481 2877 529 2952 κὺρ
545 2871 675 2952 θεόδωρε
691 2871 881 2951 Παλαιολόγε.
910 2871 1120 2951 ήπεριπόθητος
1135 2871 1254 2950 θυγάτηρ
1268 2875 1318 2946 τῆς
1388 2903 1392 2917 ·

48 2991 170 3066 βασιλείοις
192 3015 254 3073 μου,
282 2995 300 3068 ή
323 2995 479 3072 ὑψηλοτάτη
501 2995 666 3074 κραλλαινα,
690 2989 881 3068 ἀναδεξαμένη
904 2994 955 3072 πρό
978 2996 1084 3072 χρόνων
1106 2991 1161 3067 ήδη
1177 2997 1256 3051 τινῶν
1272 2991 1317 3049 διὰ

9 3147 10 3152 ¹
47 3117 239 3192 Ιχρυσοβοὺλλων
262 3123 312 3193 τῆς
335 3116 476 3192 βασιλείας
500 3137 551 3192 μου
573 3116 622 3192 τήν
646 3116 752 3197 ἐφορίαν
774 3113 821 3175 καὶ
845 3114 983 3192 ἐπίσκεψιν
1004 3120 1054 3190 τῆς
1072 3111 1134 3193 περὶ
1148 3110 1197 3184 τὰς
1212 3113 1317 3192 Σέρρας

49 3254 78 3306 εις
95 3239 123 3296 τό
145 3238 205 3320 όρσς
226 3243 273 3300 τοὺ
289 3240 450 3311 Μενοικέως
473 3239 648 3316 διακειμένης
669 3237 820 3313 σεβασμίας
841 3243 927 3313 μονῆς
941 3241 990 3312 τῆς
1006 3233 1045 3308 εἰς
1060 3235 1147 3311 όνσμα
1161 3235 1316 3310 τιμωμένης

48 3363 82 3416 ὀὑ
100 3361 180 3434 τιμίου
201 3363 336 3442 προφήτου
352 3361 512 3441 Πρσόρόμου
533 3359 580 3420 καὶ
595 3361 744 3420 Βαττιποὺ
761 3360 897 3439 Ἰωάννου,
920 3361 979 3434 ἥτις
1001 3356 1035 3433 δὴ
1051 3355 1128 3433 ’μανίη
1151 3357 1260 3432 συνέστη
1285 3353 1316 3428 ἐξ

48 3475 137 3540 σίνείων
162 3483 254 3542 κόπων
281 3481 328 3542 καί
354 3483 543 3559 ἀναλωμάτων
569 3486 615 3542 τοῦ
644 3481 852 3560 θεοφιλεστάτου
879 3479 1025 3540 ἐπισκόπου
1051 3480 1167 3558 Ζιχνῶν,
1200 3479 1315 3554 ἐζήτησε

48 3599 83 3660 καὶ
103 3603 210 3684 εἰσήχθη
235 3604 275 3678 εἰς
295 3607 326 3665 τό
349 3604 474 3682 δηλωθέν
496 3603 702 3685 χρυσόβουλλον
723 3601 770 3664 καὶ
784 3604 815 3662 τό
830 3601 946 3678 πλησίον
960 3607 1010 3678 τής
1024 3601 1150 3676 τοιαὺτης
1165 3599 1316 3676 σεβασμίας

49 3731 117 3800 μονῆς
139 3729 325 3808 εὑρισκόμενον
349 3727 468 3807 ἀγρίδιον
490 3728 520 3786 τό
542 3727 694 3804 λεγόμενον
711 3725 898 3803 Μονόσιτητον,
922 3725 989 3804 όπερ
1012 3721 1150 3804 ἐκράτειὶ)
1175 3719 1220 3781 διὰ
1241 3743 1314 3802 πρα-

49 3853 123 3907 κτασὺ
143 3847 181 3923 είς
202 3851 252 3925 τὴν
273 3851 410 3926 ποσότητα
431 3855 480 3925 τῆς
503 3847 658 3924 οἰκονομίας
686 3849 764 3907 αὑτοῦ
787 3849 802 3906 ό
825 3844 924 3918 οἰκεῖος
945 3851 979 3927 τῇ
1002 3843 1130 3926 βασιλείᾳ
1153 3838 1243 3928 [pou]7
1266 3847 1315 3922 κὺρ

51 3963 181 4052 Νικηφόρος
203 3973 381 4052 όΜαρτῑνος,
405 3969 462 4031 ἀντὶ
484 3973 656 4047 νομισμάτων
672 3969 711 4049 λ’,
735 3971 773 4042 ὡς
797 3972 828 4028 άν
851 3971 1001 4046 κατέχηται
1024 3965 1098 4046 παρὰ
1120 3973 1169 4043 τῆς
1191 3967 1314 4040 τοιαύτης

50 4097 126 4171 Q,
152 4095 217 4174 πρός
244 4092 307 4176 τεό)
333 4095 378 4153 τόν
401 4093 561 4170 δηλωθέντα
586 4095 631 4153 τόν
655 4093 801 4171 Μαρτῖνον,
834 4090 976 4170 διωρίσατο
1002 4091 1020 4164 ή
1045 4088 1171 4164 βασιλεία
1195 4107 1245 4163 μου
1267 4084 1315 4146 καὶ

51 4207 150 4290 ἐπελὺθη
171 4217 341 4296 πρόσταγμα,
363 4219 431 4296 πρός
452 4237 482 4275 τε
504 4216 549 4275 τόν
571 4217 722 4275 πάνοεπτον
744 4215 840 4272 οεπτόν
863 4210 1097 4286 ...δομέστικσν
1120 4216 1176 4268 τῶν,
1198 4209 1313 4268 δυσικῶν

51 4329 162 4416 θεμάτων,
183 4341 231 4416 κὺρ
246 4339 267 4396 Γ
270 4340 382 4418 ειὺργιον
404 4340 450 4397 τόν
465 4339 629 4418 Στρατηγόν,
652 4333 699 4395 καὶ
721 4336 787 4414 πρός
809 4335 855 4394 τόν
876 4336 1026 4392 πάνοεπτον
1050 4332 1147 4392 σεπτόν
1164 4330 1312 4412 οίκεῑοντῇ

53 4451 158 4541 βασιλεία
178 4481 228 4535 μου
243 4465 291 4540 κὺρ
307 4459 447 4520 Νικόλαον
461 4461 506 4519 τόν
522 4456 703 4538 Θεολογίιην,
725 4457 929 4536 εὑρισκομένους
946 4453 985 4526 εἰς
999 4453 1047 4529 τήν
1064 4452 1197 4529 δημοσίαν
1213 4452 1313 4530 ἐνοχὴν

57 4609 229 4626 *Q*-

137 4719 155 4786 ¹)
174 4717 255 4787 ἐκράτη
274 4723 294 4772 1.
367 4721 386 4788 ²)
405 4737 431 4770 σε
449 4722 470 4772 Ι.
