3222 5284
1333 281 1396 346 327

114 465 272 544 ροναοτηρίῳ
287 465 478 538 άδιασπάοτως
490 467 524 544 ¹).
554 470 665 547 προσέτι
684 474 730 528 τοῦ
746 469 896 528 Σελοκάκα
911 471 957 528 σὺν
972 470 1011 548 τῷ
1027 471 1136 549 Μακρῷ
1152 471 1265 550 Χωρίῳ·
1289 475 1397 552 προσέτι

111 591 160 645 τῶν
176 585 312 658 Βαβούλου
335 587 395 662 ἤτοι
417 591 463 647 τοῦ
479 588 576 661 Λιβάς·
601 591 709 667 προσέτι
732 592 750 664 ἡ
774 590 840 668 άγία
856 592 983 670 Μυράπη,
1006 591 1066 666 ήτοι
1088 595 1118 650 τδ
1135 593 1327 672 μονοκέλλιον,
1350 592 1397 652 καὶ

111 709 139 766 :i
161 709 246 786 ἕτερον
268 708 453 782 μονοκέλλιον
475 710 506 768 τδ
529 708 652 788 δωρηθὲν
674 716 707 792 τῇ
731 718 801 792 μονῇ
824 710 871 770 καὶ
894 711 932 789 τῷ
954 713 1164 792 πτωχοτρορείῳ
1187 733 1247 792 μου,
1272 715 1311 786 ὡς
1326 713 1350 773 ίδ
1363 717 1395 774 ὁ·

36 847 38 864 ³
111 851 199 904 κτητον
213 831 291 890 αὐτοῦ
302 838 396 907 κτῆμα
407 833 482 912 παρὰ
495 837 539 892 τοῦ
551 835 702 910 άγιωτάττυ
714 836 880 914 πατριάρχου
892 835 1066 906 θεουπόλεως
1079 837 1208 914 μεγάλης
1217 835 1394 914 Ἀντιοχείας,

107 957 181 1032 κυροῦ
202 952 364 1033 Νικηράρσυ,
394 952 462 1034 ὑπὲρ
486 947 584 1013 οὔκαὶ
616 954 752 1034 δρείλουσι
781 954 919 1014 τελεῖσθαι
941 957 991 1030 ήτε
1022 957 1135 1030 ἐκτενὴς
1158 958 1237 1016 αὑτοῦ
1261 955 1395 1031 διηνεκῶς

107 1073 202 1133 καὶτὰ
230 1077 398 1154 μνημόσυνα,
429 1072 476 1134 καί
507 1074 626 1134 δίδοσθαι
651 1075 679 1134 ἐν
702 1075 741 1152 τῷ
763 1075 850 1156 καιρῷ
872 1081 925 1135 τῶν
957 1078 1134 1152 μνημοσάνων
1163 1079 1241 1136 αὺτοῦ
1264 1080 1320 1148 τοῖς
1343 1077 1394 1151 μὲν

106 1199 231 1274 μοναχάς
252 1197 319 1276 ὑπὲρ
342 1196 566 1278 λειτουργειῶνί)
589 1197 743 1272 νομίσματα
759 1197 815 1279 δύο,
838 1196 885 1256 καὶ
902 1195 940 1269 εἰς
964 1197 1084 1258 διάδοσιν
1103 1199 1226 1272 πενήτων
1241 1199 1394 1274 νομίσματα

103 1315 170 1397 τρία,
189 1319 440 1398 πρασεττιτελεῖοθαι
464 1318 494 1378 δὲ
517 1317 563 1377 καί
585 1321 722 1398 τρισάγιον
745 1317 791 1378 καί
814 1319 979 1397 λειτουργίαι
1001 1318 1057 1380 κδ’.
1087 1321 1196 1398 προσέτι
1211 1323 1258 1378 τοῦ
1274 1321 1392 1392 Συμεω-

104 1437 169 1497 νίου·
197 1441 214 1513 ή
242 1440 314 1513 αὐλὴ
337 1443 383 1498 τοῦ
410 1437 541 1511 Μεταξά·
572 1441 589 1514 ἡ
620 1439 690 1514 αθλὴ
718 1444 764 1499 τοῦ
787 1439 940 1520 Ἀρκολίικη
971 1440 1017 1499 συν
1044 1443 1102 1512 τοῖς
1131 1437 1183 1498 &ab
1211 1439 1393 1516 άνταλλαγής

103 1566 151 1634 τῆς
173 1559 252 1636 ἁγίας
273 1560 374 1639 Σορίας
400 1561 586 1642 περιελθοῦσιν
609 1559 750 1636 οἰκήμασι·
782 1563 800 1634 ή
824 1561 896 1636 αθλὴ
919 1565 965 1620 τοῦ
989 1559 1162 1642 Κεντάρχου·
1195 1555 1340 1635 μετὰτῶν
1364 1561 1393 1618 ἐν
1450 1553 1455 1564 '

103 1681 192 1752 αὐτοῖς
214 1680 341 1756 δηλονότι
363 1679 520 1757 οἰκημάτων
542 1683 660 1741 πάντων.
691 1682 744 1742 άπδ
761 1681 792 1742 δὲ
807 1687 861 1740 τῶν
876 1681 1043 1762 προαστείων
1060 1703 1111 1755 μου
1125 1687 1178 1740 τῶν
1196 1682 1224 1739 ἑν
1239 1681 1277 1759 τῷ
1294 1682 1392 1740 Μεσο-

101 1803 185 1880 κώμῳ
205 1803 375 1891 καθιερῶιτδ
399 1803 438 1874 ἓν,
460 1804 571 1882 προσέτι
593 1805 660 1882 ὅπερ
680 1802 733 1862 άπδ
752 1809 801 1878 τῆς
817 1809 944 1880 μοναχῆς
961 1849 967 1860 .
987 1850 993 1862 .
1013 1851 1018 1862 .
1035 1808 1083 1876 τῆς
1100 1802 1271 1883 ἀνεψιάςιτοῦ
1287 1801 1392 1882 Σκρίβα

100 1921 285 2004 ἑξωνησάμην,
310 1925 375 2002 ὅπερ
397 1922 444 1983 καί
461 1925 524 1983 αὐτδ
540 1927 586 1983 τοῦ
603 1918 754 1996 Χοσβαίτου
776 1925 886 2004 γέγονε.
918 1923 1003 1982 ίστὲον
1021 1923 1062 2003 δέ,
1085 1925 1124 1982 δτι
1139 1925 1169 1982 τδ
1186 1923 1307 2002 δωρηθὲν
1328 1923 1392 1984 οὶκί-

98 2064 176 2118 νητον
197 2041 249 2104 ἀπδ
272 2049 318 2104 τοῦ
341 2043 535 2104 Μονοκελλίου
550 2045 624 2124 παρὰ
636 2049 683 2104 τοῦ
697 2048 864 2124 πατριάρχου
880 2045 1053 2114 θεουπόλεως
1070 2044 1198 2122 μεγάλης
1214 2045 1391 2124 Ἀντιοχείας,

100 2164 236 2239 ἐκνικηθὲν
259 2162 306 2225 ἀπ’
319 2166 409 2244 αὐτοῦ,
441 2166 571 2244 διήνεγκε
593 2172 626 2248 τῇ
650 2173 759 2247 μοναχῇ
783 2165 857 2248 Ξὲνῃ
880 2164 928 2225 καί
950 2168 1131 2246 εὐγενεστάτη
1153 2165 1391 2248 κουροπαλατίσση

96 2293 127 2366 τῇ
151 2287 293 2368 Κομνηνῇ,
323 2285 370 2346 καί
393 2287 518 2365 ἐδωρήθη
542 2287 606 2367 παρ’
620 2287 701 2362 αὐτῆς
723 2287 833 2364 θοτερον
855 2293 888 2369 τῇ
912 2293 982 2368 μονῇ
1005 2291 1051 2346 τοῦ
1075 2285 1312 2365 Πανσικτίρμονος,
1341 2289 1390 2346 θε-

96 2409 176 2480 λήσει
195 2413 244 2484 τῆς
266 2409 438 2485 ήγιαομένης
462 2409 544 2485 αὺτής
567 2411 679 2488 μητρός,
703 2413 787 2488 κυράς
811 2405 920 2483 Ἄννης·
945 2407 991 2468 καὶ
1015 2409 1150 2487 δφειλουσι
1174 2409 1391 2482 μνημονεύεσθαι

94 2528 139 2587 καὶ
165 2529 191 2588 ἐν
214 2533 272 2610 ζωῇ
294 2529 342 2590 καὶ
366 2531 436 2606 μετὰ
458 2532 574 2590 θάνατον
594 2533 652 2606 ἅμα
667 2529 875 2610 Κωνσταντίνῳ,
897 2529 937 2608 τῷ
954 2530 1090 2609 μακαρίτῃ
1108 2528 1185 2608 ἀνδρὶ
1199 2537 1249 2606 τῆς
1265 2537 1392 2607 μοναχῆς

94 2656 175 2729 τυροῖς
191 2649 292 2730 Ξένης,
315 2652 488 2727 τελουμένων
510 2652 632 2712 καὶτῶν
656 2653 833 2730 μνημοσύνων
857 2655 944 2712 αὐτῶν
966 2653 1038 2711 κατὰ
1052 2653 1101 2726 τήν
1116 2658 1166 2726 τῆς
1189 2651 1296 2731 δωρεάς
1311 2651 1391 2732 περί-

93 2773 174 2849 ληψιν
197 2773 273 2832 ἑσαεί
295 2778 320 2850 ή,
1305 2827 1308 2833 .

150 2903 157 2916 ”
194 2903 295 2956 Emtae
315 2903 344 2955 τίι
363 2905 421 2956 cod.
438 2904 561 2956 melochii
576 2902 672 2958 Sancti
687 2902 831 2972 Sepulchri
850 2905 878 2956 ιἰι
894 2905 958 2957 urbe
976 2902 1214 2971 Οοιιοίαιιίιίιοροίί.
1247 2902 1343 2954 Edidit
1362 2905 1388 2954 0.

94 3005 202 3076 Salinae,
219 3001 400 3074 Μεσαιωνικὴ
422 2999 593 3076 Βιβλιοθήκη
611 3009 636 3062 Ι.
648 3025 680 3076 p.
700 3010 727 3060 2.

462 3257 505 3322 ΙΙ.
530 3258 618 3322 Ante
640 3280 762 3323 annum
786 3257 956 3321 6610-11
982 3255 1010 3320 8.

97 3425 227 3494 Typieum
242 3427 402 3478 monasterii
415 3425 572 3478 monialium
586 3425 703 3478 Sanciae
716 3425 827 3478 Mariae
843 3425 960 3477 Gratiae
972 3425 1072 3476 Plenae
1089 3425 1116 3475 ιἰι
1130 3425 1192 3476 erbe.
1207 3426 1389 3476 (λιιιιιίαιιίιίιιι-

91 3529 155 3598 poli,
172 3531 273 3584 editum
288 3531 324 3582 ab
341 3529 512 3598 imperatrice
525 3531 601 3583 Irene
613 3531 756 3597 Ducaena,
775 3547 843 3598 ητιαε
859 3546 872 3582 e
882 3529 1069 3596 simulamentis
1082 3529 1215 3580 exstruxit
1227 3530 1387 3581 coenobium.

93 3713 235 3772 Τυπικδν
258 3719 317 3788 τῆς
339 3713 524 3788 σεβασμίας
545 3719 647 3788 μονῆς
670 3718 727 3786 τῆς
747 3711 929 3790 ιἰπεραγίας
945 3712 1102 3771 θεοτόκου
1118 3717 1175 3786 τῆς
1191 3713 1387 3789 Κεχαριτω-

94 3835 192 3912 μένης
219 3841 279 3910 τῆς
308 3836 344 3894 ἐκ
374 3835 505 3914 βάθρων
532 3832 796 3912 νεουργηθείσης
823 3831 878 3892 καὶ
906 3835 1068 3906 συστάσης
1095 3833 1184 3910 παρὰ
1210 3837 1268 3906 τῆς
1296 3833 1386 3892 εθσε-

94 3953 258 4032 βεστάτης
289 3957 475 4034 αδγοθστης
506 3961 606 4035 κυράς
630 3954 775 4034 Εἰρήνης
797 3961 856 4030 τῆς
880 3952 1066 4028 Δουκαίνης
1095 3953 1179 4011 κατὰ
1201 3954 1258 4027 τὴν
1290 3955 1387 4028 αὐτῆς

284 4074 461 4156 πρόσταξιν
484 4075 540 4136 καί
562 4079 692 4156 γνώμην
715 4076 883 4154 ὑρηγηθέν
905 4097 939 4134 τε
962 4072 1017 4134 καὶ
1042 4074 1186 4132 ἐκτεθὲν.

193 4235 342 4312 ήίίολλῶν
359 4235 409 4308 μὲν
428 4235 493 4308 ήμῑν
510 4234 621 4310 ἀγαθῶν
637 4232 683 4292 καὶ
699 4232 843 4311 μεγάλων,
860 4229 882 4290 ὦ
899 4234 960 4290 θεοῦ
973 4232 1058 4307 λάγου
1071 4232 1170 4300 ζῶντος
1184 4235 1268 4309 μῆτερ
1282 4231 1386 4289 ὠδίνων

94 4353 154 4414 ἄνευ
176 4355 222 4416 καὶ
246 4356 315 4430 μετὰ
343 4359 422 4414 τέκον
450 4355 598 4434 παρθενίας
625 4355 708 4414 πάλιν
735 4355 879 4429 κειμήλιον
906 4354 1122 4430 παναγὲοτατον,
1154 4352 1168 4409 ὁ
1192 4353 1239 4422 σδς
1261 4352 1317 4421 υἱδς
1339 4351 1386 4411 καὶ

95 4509 294 4520 *fi*

194 4615 214 4680 ¹)
234 4611 390 4670 άδιοπάστως
410 4613 435 4674 S.
508 4615 529 4678 ²)
548 4611 721 4679 λειτουργικῶν
735 4612 761 4661 S.
