3246 5288
227 365 290 430 468

226 556 337 636 είθέναι,
369 555 392 616 εί
416 559 454 632 μὴ
477 558 540 616 καθ’
553 555 616 615 όθον
645 555 838 635 παραγγελίαν
868 561 918 630 τῆς
946 557 1080 635 πενθερᾶς
1111 556 1204 634 αὐτῆς,
1237 555 1376 631 εἰπούσης,
1408 559 1456 615 ’ότι
1483 555 1543 613 ὧδε

224 678 337 760 περίπου
359 680 389 737 τό
412 680 558 758 Ζεπυρέσιν
583 679 637 737 ἔστι
659 677 706 737 καί
729 678 798 752 νομὴ
822 683 875 736 τῶν
899 678 1134 738 Μανπλανοίντων.
1177 677 1223 736 καί
1246 682 1331 738 ταῦτα
1354 679 1409 752 μὲν
1436 679 1543 746 οῦτιιις.

225 803 306 876 ἡμεῖς
330 801 361 860 θὲ
384 799 433 872 τὰς
456 800 603 879 μαρτυρίας
626 800 723 869 ταῦτας
746 801 785 870 ὡς
800 799 952 877 ἀνωφελεῖς
976 799 1135 878 παριδόντες
1150 797 1196 858 καί
1212 799 1330 874 ματαίας
1346 803 1544 861 παντάπασιν,

226 923 286 982 ἐπεὶ
310 923 434 1002 εθρσμεν,
458 924 496 994 ὡς
519 920 579 982 οὔτε
602 923 616 979 ό
636 923 800 996 Τζαμιώτης
824 919 868 980 ἐπί
889 921 1030 992 τοσούτους
1052 923 1176 1000 χρόνους,
1200 920 1260 980 οὗτε
1283 922 1297 980 ό
1320 922 1416 982 τοῦτον
1441 923 1544 998 πατὴρ

226 1046 414 1105 ἀνεκαλέσατο
438 1045 523 1120 νομ“ην
548 1043 587 1114 είς
602 1045 632 1103 τό
647 1045 793 1122 Ζεπυρέσιν
813 1047 831 1118 η
846 1045 891 1102 τόν
907 1043 1041 1102 Καλεπθν
1056 1043 1286 1123 παρηνώχλησεν,
1309 1044 1544 1122 ἀποφαινόμεθα,

225 1169 268 1226 ίνα
290 1169 321 1227 τό
345 1165 395 1242 μέν
418 1169 534 1246 γροίμμα
556 1170 602 1224 τοῦ
625 1165 722 1237 θουκός
745 1166 805 1242 ἔχοι
825 1167 855 1225 τό
880 1167 1010 1245 ἄστοργον
1032 1165 1079 1226 καί
1103 1168 1239 1245 ἄπρακτον
1261 1165 1308 1224 καί
1333 1166 1544 1245 ἀνενέργητον.

226 1292 292 1350 όστου
316 1289 341 1348 θ’
354 1289 387 1348 ἂν
410 1287 457 1348 καί
481 1288 613 1369 ἀναφανῇ,
637 1288 675 1359 ὡς
700 1287 869 1364 ἐσφαλμένον
885 1286 931 1346 καὶ
947 1289 1159 1366 μονοπρόσωπσν
1175 1285 1222 1346 καί
1239 1285 1292 1360 ἔξω
1308 1291 1544 1367 παρατηρήσεως
1618 1339 1619 1342 ,

226 1417 350 1488 νομικῆς,
375 1413 390 1468 ό
415 1410 445 1469 δέ
461 1409 582 1487 Μιχαὴλ
605 1410 769 1478 όΚαλεπος
791 1410 853 1486 ἔχοι
868 1407 914 1469 καὶ
937 1411 1051 1484 νέμηται
1067 1411 1114 1484 τὴν
1130 1410 1319 1489 ἀφαιρεθεῖσαν
1344 1411 1424 1468 αὐτοῦ
1442 1411 1545 1482 νομὴν

225 1536 256 1592 τό
278 1534 436 1611 Ζεπυρέσιν,
469 1532 529 1606 ἤτοι
551 1531 581 1590 τό
612 1531 737 1612 ἑναῦλιον
762 1532 840 1592 αυτοῦ
870 1531 1066 1608 ἀνενοχλήτως
1088 1529 1135 1590 καὶ
1165 1531 1353 1608 ἀθιασείοτυις,
1384 1531 1461 1590 κατὰ
1490 1531 1544 1602 τἠν

225 1655 406 1733 πολυχρόνιον
428 1652 474 1712 καί
497 1655 685 1726 παλαιοτάτην
711 1653 803 1712 τοῦτον
833 1654 994 1732 πενθερικὴν
1024 1653 1111 1728 νομὴν
1133 1651 1179 1711 καί
1208 1653 1279 1712 κατὰ
1301 1655 1351 1727 τὴν
1385 1652 1543 1730 εἰσήγησιν
1619 1733 1620 1746 ¹

226 1784 278 1836 τῶν
313 1777 393 1855 ἱερῶν
421 1777 520 1850 νόμιον.
568 1773 612 1833 καί
637 1773 664 1834 εἴ
688 1795 753 1834 ποτε
777 1776 790 1834 ό
814 1777 977 1850 Τζαμιώτης
999 1779 1017 1848 ἢ
1040 1777 1069 1834 τό
1098 1778 1181 1854 μέρος
1208 1777 1287 1834 αὑτοῦ
1311 1776 1543 1855 ἐπιχειρήσουσιν
1619 1833 1620 1850 γ

210 1875 367 1971 Ιὑποδεῖξαι
389 1899 418 1956 τό
443 1898 601 1972 ἀπόβλητον
631 1901 757 1976 γράμμα,
787 1901 933 1975 πρόστιμον
965 1897 1046 1956 θίνσοι
1077 1897 1185 1976 οἴστρων
1208 1919 1245 1979 fl·
1294 1895 1337 1956 ἐπὶ
1366 1899 1454 1974 τοῦτῳ
1480 1897 1541 1972 γὰρ

227 2023 354 2100 ἐγεγόνει
377 2019 423 2080 καὶ
445 2021 463 2094 ἡ
486 2023 609 2098 παροῦσα
632 2019 772 2098 ἀπόφασις.
818 2018 895 2094 μηνί
919 2014 1034 2098 ίουλίῳ
1058 2020 1152 2091 ἔτους
1175 2018 1275 2100 γςυπθ
1291 2023 1316 2094 1.

331 2143 404 2220 γΟί
426 2141 608 2202 καθολικοί
630 2140 740 2220 κριταί
755 2147 813 2218 τῆς
836 2142 1022 2200 θεοσίιστου
1042 2140 1098 2200 καί
1113 2143 1378 2220 θεοσυντηρητου
1394 2142 1540 2208 πόλεως

226 2267 481 2344 Τραπεζοῦντος
502 2263 556 2322 καί
579 2269 690 2322 πασῶν
712 2269 775 2322 τῶν
797 2272 914 2342 χωρῶν
930 2268 954 2338 γ.

331 2387 397 2462 †'0
422 2387 542 2456 δοῦλος
565 2389 620 2444 τοῦ
642 2391 804 2464 κραταιοῦ
826 2385 881 2444 καί
904 2383 999 2464 ἁγίου
1029 2386 1122 2460 ἡμῶν
1146 2380 1327 2470 [αῦθέντσυ]
1350 2383 1408 2442 καί
1432 2386 1536 2459 βασι-

1618 2197 1621 2262 ι

1620 2275 1622 2351 ί

227 2511 328 2585 λέυς,
351 2513 406 2567 τοῦ
422 2508 582 2586 Μεγάλου
599 2508 785 2583 Κομνηνοῦ,
809 2505 864 2566 καί
886 2513 987 2578 τατοῖς
1009 2513 1068 2584 τῆς
1091 2507 1270 2582 βασιλικῆς
1295 2507 1416 2584 αὐλῆς,
1442 2506 1535 2568 θεό-
1620 2489 1621 2504 ¹

228 2631 333 2709 θωρος
356 2632 370 2688 ό
395 2631 603 2706 Εἰννοῦχοςίγ,

332 2753 514 2830 ’γΤόπαρόν
526 2753 788 2830 κρισιμόγροιφον
802 2751 965 2831 ἑστέρχθη
980 2751 1221 2829 καὶῦπεγροίφη
1237 2749 1291 2810 καί
1303 2751 1468 2830 παρ’ἐμοῦ
1483 2751 1535 2822 εἰς

227 2875 468 2952 περισσοτέραν
490 2873 670 2948 βεβαίωσιν
685 2872 740 2932 καί
765 2874 961 2952 ἀσφάλειαν,
985 2873 1063 2948 μηνί
1085 2871 1210 2950 ίουλίῳ,
1234 2871 1446 2944 ίνδικτιῶνος
1462 2874 1488 2933 δ’
1507 2881 1533 2949 γ.

332 2995 400 3070 †‘0
424 2994 543 3066 δοῦλος
566 2999 620 3054 τοῦ
644 2995 740 3072 ἁγίου
755 2997 848 3070 ἡμῶν
865 2997 1022 3055 αῦθέντου
1037 2995 1092 3054 καὶ
1108 2996 1276 3068 βασιλέως
1292 3001 1346 3056 τοῦ
1362 2997 1533 3072 Μεγοίλου

228 3119 412 3194 Κομνηνοῦ,
437 3113 513 3188 θοῦξ
536 3116 591 3174 καί
614 3117 746 3194 κεφαλὴ
769 3123 826 3176 τοῦ
849 3119 928 3177 όλου
952 3119 1092 3191 βοίνθους
1116 3118 1358 3196 Ματζουκάιον,
1388 3119 1531 3198 ἐπικέρ-

227 3261 297 3311 νιος
319 3239 486 3317 Γεώργιος
508 3241 523 3296 ό
547 3234 716 3322 Στμοίτίης]
733 3246 757 3314 †.

332 3361 398 3437 †‘0
422 3357 632 3438 σκευοφῦλαξ
656 3362 905 3430 Κωνσταντίνος
928 3361 943 3418 ό
966 3363 1270 3442 Λαζαρόπουλοςί.

332 3489 373 3542 ΙΙ.
398 3481 538 3560 ’γῈλέῳ
561 3483 636 3542 θεοῦ
661 3483 692 3541 ἐν
714 3484 844 3563 Χριστῷ
866 3482 909 3561 τῷ
925 3483 999 3563 Θεῷ
1022 3485 1138 3556 πιστός
1161 3485 1322 3558 βασιλεὺς
1344 3483 1400 3544 καί
1426 3485 1531 3544 αὺτο-

227 3607 356 3684 κροίτωρ
380 3607 485 3678 πάσης
508 3605 702 3680 Ἀνατολῆς,
727 3602 879 3676 Ἀλέξισς
902 3607 917 3663 ό
941 3606 1060 3683 Μέγας
1083 3607 1273 3684 Κομνηνός,
1302 3607 1321 3664 Γ
1328 3611 1529 3686 ερμανικός,

227 3727 463 3800 Ἀλαμανικός,
496 3726 665 3804 Γοτθικός,
698 3724 904 3806 ’λνθαλικός
939 3725 1087 3803 ἔνδοξος,
1115 3731 1261 3804 νικητής,
1288 3735 1529 3809 τροπαιοῦχσς,

226 3851 353 3924 πιστός,
378 3847 608 3923 ἀεισέβαστος.
639 3852 682 3924 ††
698 3847 753 3907 Τοῦ
768 3847 859 3928 κυρίου
875 3847 920 3907 θιά
934 3853 980 3907 τοῦ
998 3849 1161 3926 εὐαγγελίου
1175 3851 1308 3928 λέγοντος
1324 3854 1476 3930 ,μακάριοι
1502 3855 1529 3912 οἱ

229 3969 415 4050 ἐλεήμονεςίί,
439 3973 485 4030 καί
508 3971 606 4042 ἀλλοις
629 3973 669 4030 ότι
693 3970 744 4046 ,,έν
767 3971 874 4053 φυλακῇ
898 3970 971 4046 ἥμην
994 3969 1041 4030 καί
1055 3971 1156 4046 ἤλθετε
1179 3975 1246 4051 πρός
1269 3973 1336 4050 μείί,
1358 3973 1445 4049 ἤγουν
1467 3978 1529 4046 τοῖς

229 4088 282 4176 [ἐν]
305 4092 378 4172 όρεσι
400 4091 447 4152 καί
470 4092 614 4166 σπηλαίοις
637 4091 737 4152 οίκοῦοι
760 4095 902 4170 μοναχσῑς,
927 4093 1049 4166 μαθοῦσα
1071 4094 1233 4170 ἠβασιλεία
1248 4117 1309 4174 μου,
1332 4097 1372 4154 ἔτι
1388 4096 1418 4155 ἐν
1434 4097 1527 4176 ἄντρῳ

229 4216 257 4274 ἐν
279 4213 319 4294 τῷ
342 4215 398 4296 όρει
422 4220 467 4274 τοῦ
483 4214 635 4289 Ζαβουλῶν
658 4213 758 4275 οἰκοῦσι
782 4215 909 4294 μοναχοί,
933 4216 1003 4294 ἔρως
1026 4237 1072 4291 μοι
1086 4213 1158 4292 ἦλθε
1173 4221 1218 4276 τοῦ
1234 4217 1364 4278 ἀπελθεῖν
1380 4215 1421 4289 εἰς
1434 4239 1526 4297 προσ-

227 4339 336 4412 κύνησιν
351 4341 396 4396 τοῦ
413 4339 531 4396 τοιοῦτον
546 4338 638 4417 τόπον,
653 4335 701 4396 καί
716 4336 749 4412 δὴ
766 4337 934 4408 ἀπελθόντος
950 4359 1002 4412 μου
1014 4331 1092 4418 εὖρον
1104 4339 1149 4397 τόν
1160 4340 1241 4398 τόπον
1252 4341 1397 4411 παντελῶς
1409 4341 1524 4420 ἔρημον,

226 4459 272 4518 καί
296 4461 437 4534 θαυμοίοας
459 4459 508 4532 τὴν
527 4465 580 4517 τῶν
601 4463 731 4537 μοναχῦν
746 4458 902 4533 κατοίκησιν
917 4457 955 4537 τῷ
971 4458 1026 4536 θεῷ
1043 4455 1126 4531 δόξαν
1141 4455 1286 4538 ἀνέπεμψα
1300 4459 1339 4539 τῷ
1356 4461 1524 4541 θιατρέφοντι

226 4581 290 4652 τοὺς
318 4581 553 4655 ἐπικαλουμένους
579 4583 609 4640 τό
637 4582 725 4656 όνομα
752 4580 831 4641 αὐτοῦ
853 4582 883 4639 τ“ο
908 4583 993 4659 ἅγιον.
1039 4579 1117 4654 ἔδοξε
1140 4603 1173 4664 τη
1197 4581 1324 4663 βασιλείᾳ
1347 4605 1398 4658 μου
1423 4587 1524 4665 μικρὰν

226 4703 396 4784 παρηγορίαν
419 4705 476 4773 τοίς
498 4704 628 4774 τοιοῦτοις
651 4707 782 4782 μοναχοίς
804 4705 1057 4786 παραμυθήσασθαι,
1082 4706 1123 4765 θίο
1138 4705 1185 4764 καί
1199 4707 1342 4784 παραθίθει
1358 4708 1376 4780 ἡ
1392 4707 1524 4781 βασιλεία
