3486 5282
353 255 418 320 214

352 470 382 509 τε
411 449 466 526 ήδη
493 451 577 510 όντων
605 449 748 526 άμπελίων
774 472 805 511 τε
831 450 877 512 καὶ
904 454 999 528 κήπων
1028 451 1223 535 (μπαχσέδων)
1250 451 1297 514 καὶ
1323 460 1376 516 τῶν
1400 452 1534 516 είσέπειτα
1553 476 1630 536 προσ-

353 573 573 652 κτηθησομένων,
596 572 706 654 ὑπάρχῃ
729 573 781 634 άπδ
803 578 849 634 τοῦ
871 579 916 634 νῦν
939 573 985 635 καὶ
1008 573 1048 645 εἰς
1069 577 1100 635 τδ
1123 572 1188 652 έζῆς
1210 577 1260 637 ίατδ
1282 577 1330 652 τὴν
1354 577 1492 654 ἐπίσκεψιν
1511 577 1556 637 καὶ
1569 599 1630 658 προ-

354 693 462 754 στασίαν
491 700 544 754 τῶν
573 695 725 756 ὁσιωτάτων
752 697 876 776 πατέρων
903 700 948 756 τοῦ
976 695 1048 778 ἱεροῦ
1077 697 1254 778 μοναστηρίου
1276 701 1322 758 τοῦ
1345 699 1482 778 Μεγάλου
1504 699 1631 774 Σπηλαίον

354 813 400 876 καί
430 817 547 895 λέγηται
576 815 624 876 καὶ
653 815 815 898 γνωρίζηται
845 819 973 898 μετόχιον
1005 819 1118 899 ἐκείνου,
1150 821 1337 896 συνηνωμένον
1363 817 1410 880 καὶ
1431 822 1630 902 προσηλωμένον

354 935 401 998 καί
424 937 608 1020 άφιερωμένον
628 938 735 1020 ἐκείνῳ,
759 939 957 1016 δεσποζόμενον
973 939 1020 1001 καὶ
1035 941 1287 1023 διακυβερνώμενον
1302 942 1377 1023 παρὰ
1390 947 1437 1002 τοῦ
1451 943 1522 1003 κατὰ
1535 944 1631 1023 καιροὺς

356 1061 470 1122 ἐνταῦθα
492 1059 532 1134 είς
555 1059 750 1134 βασιλεύουσαν
771 1064 820 1138 τήν
843 1063 983 1144 διατριβὴν
1004 1065 1165 1138 ποιουμένου
1188 1065 1340 1143 ἡγουμένου
1355 1069 1401 1125 τοῦ
1416 1065 1551 1144 Μεγάλου
1566 1065 1631 1140 δεη-

355 1182 434 1244 λαίου
461 1181 508 1244 καὶ
534 1189 586 1242 τῶν
615 1183 644 1244 ἐν
666 1183 738 1264 αὐτῷ
760 1189 895 1268 πατέρων,
922 1186 1079 1265 όφειλοντος
1100 1184 1146 1248 καί
1168 1188 1451 1268 προθυμοποιουμένου
1472 1188 1632 1264 ἀντιλαμβά-

355 1303 447 1365 νεσθαί
469 1326 500 1364 τε
522 1307 613 1366 τούτου
636 1306 800 1386 ἀμφοτέραις
821 1306 900 1388 χερσὶ
915 1307 961 1368 καὶ
977 1309 1073 1391 ζεοίνση
1088 1309 1223 1392 προθυμίᾳ
1237 1309 1382 1390 φροντίζειν
1398 1309 1431 1368 τά
1445 1311 1513 1390 πρός
1527 1310 1633 1370 καλλω-

355 1428 452 1503 πισμόν
475 1427 521 1488 καί
544 1429 665 1488 σθστασιν
687 1427 735 1489 καὶ
758 1427 801 1490 ἐπὶ
823 1429 856 1496 τὰ
878 1431 968 1509 πρόσω
985 1429 1096 1506 αθξηοιν
1111 1430 1158 1491 καὶ
1173 1431 1315 1507 βελτίωσιν
1335 1433 1424 1512 αὐτοῦ,
1448 1431 1545 1508 μηδενὶ
1560 1432 1634 1508 μηδὲν

357 1549 512 1629 ὀφείλοντος
544 1549 657 1629 διδόναι,
689 1549 713 1611 εί
743 1552 781 1626 μή
812 1550 850 1631 τῷ
879 1553 949 1612 κατὰ
977 1553 1058 1612 τόπον
1088 1549 1210 1633 ἀρχιερεῖ
1236 1551 1283 1614 καί
1305 1556 1439 1636 κυριάρχη
1461 1553 1522 1614 καθ’
1535 1555 1636 1614 ἕκαστον

357 1673 419 1744 έτος
434 1670 534 1745 δεκαέξ
549 1675 645 1754 γρόσια
661 1674 739 1754 λόγῳ
757 1674 916 1754 ένοριαρκῆς
932 1676 1079 1756 ὑποταγῆς,
1100 1675 1237 1756 ἰερωτάτιρ
1253 1676 1441 1760 μητροπολίιη
1456 1675 1637 1750 Χαλκηδόνος,

357 1793 493 1874 ὑπερτίμῳ
520 1793 566 1854 καὶ
595 1793 705 1875 ἐξάρχω
731 1799 821 1872 πάσης
843 1796 976 1876 Βιθυνίας,
1008 1796 1037 1855 ἐν
1060 1798 1130 1876 ἁγίῳ
1156 1798 1288 1872 πνεύματι
1311 1797 1445 1876 ἀγαπητῷ
1468 1796 1578 1876 ἀδελφῷ
1597 1795 1638 1855 καί

358 1915 561 1998 ουλλειτουργῷ
590 1923 640 1993 τῆς
666 1919 745 1991 ήμῶν
774 1919 940 1999 μεριόιητος,
971 1919 1052 2000 κυρίῳ
1077 1918 1228 2000 Παρθενίῳ,
1260 1920 1498 1995 μνημονευομένου
1527 1921 1554 1979 ἐν
1576 1916 1640 1995 α’ντῷ

357 2043 403 2099 τοῖν
426 2041 615 2120 ἀρχιερατικοῦ
638 2041 717 2100 αίντοῡ
740 2039 873 2117 ὀνόματος
896 2041 924 2100 ἐν
946 2043 1046 2113 πάσαις
1068 2043 1126 2114 ταῖς
1149 2040 1234 2122 ἱεραῖς
1255 2041 1382 2114 τελεταῖς
1403 2038 1451 2100 καὶ
1467 2039 1639 2116 άκολουθῖαις,

358 2163 397 2232 ὡς
426 2161 496 2221 κατὰ
522 2162 602 2220 τόπον
624 2163 828 2240 πραῖσταμένου.
874 2157 1012 2239 θφῖείλουσι
1034 2163 1065 2222 δὲ
1089 2161 1114 2222 οἱ
1137 2163 1265 2252 ῥηθέντες
1287 2163 1451 2242 μαγίστορες
1474 2158 1530 2247 [τοῦ
1551 2163 1639 2242 ῥσυφε-

359 2278 427 2366 σίου]
449 2289 502 2342 τῶν
525 2283 658 2357 καπήλων
683 2283 785 2342 διδόναι
807 2285 868 2342 κατ’
882 2284 942 2356 ἔτος
965 2285 1030 2364 ὑπὲρ
1053 2285 1223 2360 μνημοσθνου
1245 2283 1291 2344 καὶ
1314 2291 1432 2363 ψυχικῆς
1456 2285 1543 2344 αίπῶν
1558 2303 1641 2358 σωτη·

359 2405 418 2484 ρίας
448 2407 560 2464 ἕκαστον
589 2406 672 2486 μέρος
696 2403 849 2487 (σέμπτιον)
879 2406 912 2466 ἐκ
932 2412 986 2466 τῶν
1008 2413 1087 2486 τριῶν
1111 2407 1164 2466 άνὰ
1187 2408 1283 2466 έκατδν
1306 2409 1411 2486 γρόσια,
1444 2405 1642 2481 σνμποοοίμενα
1697 2473 1698 2502 φ

313 2553 316 2559 ·
358 2527 392 2588 τὰ
421 2529 508 2586 πάντα
535 2525 575 2598 είς
596 2529 736 2606 τριακόσια
758 2529 863 2608 γρόσια.
903 2527 949 2588 καί
973 2528 1008 2602 δὴ
1033 2528 1216 2608 διατρίβοντος
1237 2528 1291 2604 ήδη
1316 2528 1345 2588 ἐν
1367 2528 1642 2588 Κωνσταιτινονπόλει

359 2647 405 2708 καὶ
428 2649 505 2722 όντος
527 2651 678 2728 ἡγουμένου
701 2653 746 2708 τοῦ
768 2650 896 2730 ῥηθέντος
919 2651 1098 2732 μοναστηρίου
1117 2655 1163 2711 τοῦ
1178 2651 1314 2729 Μεγάλου
1330 2649 1483 2730 Σπηλαίου,
1508 2653 1550 2710 τοῦ
1564 2651 1643 2708 ὁσιω-

360 2775 440 2832 τάτου
471 2771 499 2830 έν
531 2771 723 2850 ῖερομονάχοις
751 2770 841 2850 κυρίου
864 2772 1065 2853 Βησσαρίωνσς,
1097 2773 1260 2852 παρέδωκαν
1292 2771 1316 2832 οἱ
1341 2773 1469 2852 ῥηθέντες
1492 2770 1644 2850 μαγῖστορες

359 2897 427 2975 πρδς
457 2895 535 2954 αθτδν
565 2895 635 2954 τοῦτ’
653 2893 717 2954 αθτδ
747 2895 777 2954 τδ
808 2896 996 2974 μοναοτήριον,
1027 2897 1099 2971 ὅστις
1131 2893 1177 2954 καὶ
1206 2895 1340 2972 ὑπέσχετο
1362 2891 1508 2974 φροντίζειν
1530 2893 1562 2952 τὰ
1581 2895 1643 2971 πρῗος

361 3019 492 3091 σύστασιν,
523 3014 632 3094 αὔξησίν
660 3039 689 3078 τε
711 3015 758 3078 καί
782 3017 924 3093 βελτῖωαιν
949 3021 1027 3078 αυτοῦ
1049 3018 1097 3078 καί
1118 3018 1152 3077 τὰ
1173 3019 1241 3098 πρὸς
1263 3017 1464 3091 καλλωπισμὸν
1487 3015 1533 3076 καὶ
1554 3017 1643 3094 εῖιτρέ-

360 3161 440 3200 πειαν
462 3140 533 3200 κατὰ
554 3140 602 3214 νῆν
627 3140 737 3200 ἐνοῦσαν
755 3141 797 3200 ἐπ’
808 3139 879 3220 αυτῷ
894 3142 978 3218 τούτῳ
994 3141 1163 3216 ἐπιμέλειαν.
1187 3139 1283 3220 χρείας
1297 3160 1327 3200 τε
1343 3140 1495 3218 γενομένης
1512 3139 1643 3211 ἐπισκευῆς

361 3260 408 3321 καὶ
431 3262 596 3342 ἀπαρτισμοῖν
623 3263 697 3340 ἔχειν
721 3263 800 3322 αἰντθν
821 3265 913 3322 τουτον
936 3263 981 3322 τὀν
1003 3263 1156 3341 ἡγούμενον
1178 3262 1226 3336 ιήν
1249 3261 1375 3342 φροντίδα
1395 3259 1456 3340 περὶ
1479 3263 1581 3320 πάντων
1595 3264 1643 3318 τῶν

362 3385 554 3461 γενησομένων
576 3379 678 3454 ἐξόδων
693 3381 741 3442 καὶ
757 3383 967 3463 δαπανημάτων,
991 3384 1109 3459 μηδενός
1126 3385 1218 3462 ἑτέρου
1234 3383 1382 3464 ἱερωμένου
1396 3385 1415 3456 ή
1430 3382 1528 3442 λαϊκοῦ
1543 3381 1644 3459 ἔχοντος
1697 3421 1698 3450 ,

362 3503 403 3577 εἰς
424 3506 455 3563 ιδ
478 3501 542 3581 ἑξῆς
567 3509 687 3582 μετοχήν
710 3525 769 3564 τινα
790 3507 808 3578 ή
832 3501 953 3577 ἐξουσίαν
978 3504 1017 3577 είς
1037 3506 1100 3566 αῖπδ
1116 3507 1145 3564 τδ
1162 3507 1350 3584 μονασιήριον,
1375 3501 1398 3562 εί
1415 3503 1453 3578 μὴ
1470 3506 1551 3577 μόνον
1567 3503 1643 3562 αίιτιῖιν

363 3634 415 3688 τῶν
438 3631 562 3708 πατέρων
585 3632 630 3686 τοῦ
652 3625 725 3706 ἱεροῦ
748 3628 925 3706 μοναστηρίου
947 3632 993 3688 τοῦ
1009 3627 1144 3706 Μεγάλου
1160 3627 1311 3702 Σπηλαίου,
1335 3627 1373 3697 ὡς
1395 3627 1590 3705 γνωριζόμενον
1604 3620 1644 3682 καὶ
1697 3619 1698 3666 ἓ

362 3751 515 3830 λεγόμενον
544 3751 670 3831 μετόχιον
699 3751 778 3810 αὺτοῦ
804 3747 851 3809 καὶ
877 3755 970 3825 κτῆμα
991 3749 1058 3810 ἴδιον
1081 3748 1127 3810 καί
1149 3753 1264 3828 πρᾶγμα
1286 3748 1462 3828 ἀναφαίρετον
1484 3746 1531 3807 καὶ
1551 3745 1643 3806 ἀναπό-

363 3891 489 3932 οπαστον.
522 3873 654 3950 ὑπέσχετο
678 3870 709 3932 δέ
732 3873 746 3930 ὁ
770 3869 928 3952 διαληφθεὶς
950 3876 994 3932 νῦν
1016 3871 1169 3950 ήγοίιμενος
1191 3868 1237 3930 καὶ
1260 3874 1346 3950 τοῦτο,
1370 3871 1419 3951 ότι,
1444 3869 1492 3928 ἐάν
1514 3889 1577 3929 ποτε
1598 3866 1644 3944 ἰδίᾳ

363 3998 461 4076 γνωμῃ
492 3992 538 4054 καί
567 3994 722 4074 προαιρέσει
752 3992 798 4054 καί
821 3995 1028 4072 συγκατανεθσει
1049 4001 1103 4054 τῶν
1126 3993 1278 4052 ὁσιωτάτων
1300 3993 1423 4071 πατέρων
1447 3995 1493 4052 τοῦ
1515 3989 1643 4069 εἰρημένον
1697 4055 1698 4072 γ

364 4117 543 4198 μοναστηρίου
565 4121 611 4177 τοῖν
635 4117 770 4196 Μεγάλου
786 4115 934 4192 Σπηλαίου
947 4117 1100 4196 παραιτηθῆ
1116 4121 1165 4190 τῆς
1180 4115 1349 4190 ἐπισκέψεως
1364 4111 1410 4174 καὶ
1426 4112 1562 4194 φροντίδος
1577 4111 1643 4172 αυτοῦ

363 4245 410 4300 τοῦ
437 4239 615 4320 μοναστηρίου
642 4243 688 4300 τοῦ
711 4239 788 4328 ἁγίου
812 4238 958 4319 Γεωργῖου,
981 4242 999 4314 ή
1023 4240 1102 4310 αῖιτδς
1124 4241 1142 4314 ή
1166 4239 1180 4297 ό
1202 4237 1274 4298 κατὰ
1295 4237 1404 4315 καιροὺς
1426 4237 1584 4315 ήγοίνμενος,
1611 4233 1641 4307 μὴ

365 4363 439 4440 ἔχειν
464 4363 557 4433 αθιοθς
580 4360 702 4434 ἐξουσίαν
726 4360 828 4422 διδόναι
850 4363 881 4421 τ“ο
904 4360 984 4441 ῥηθὲν
1008 4362 1186 4440 μοναατήριον
1209 4359 1291 4438 ἀλλῳ
1306 4357 1388 4432 τινὶή
1406 4357 1521 4438 ἐσναφίῳ
1536 4361 1553 4433 ῆ
1568 4375 1641 4432 μονα-

351 4485 473 4565 στηρίῳ,
498 4483 520 4544 εί
544 4485 583 4560 μῆ
607 4486 689 4560 μόνον
711 4487 767 4556 τοῖς
790 4483 892 4563 ῥηθεῖσι
915 4482 1073 4561 μαγίστορσι
1096 4485 1140 4541 τοῦ
1161 4481 1296 4562 ῥουφετίου
1312 4486 1364 4540 τῶν
1380 4480 1525 4560 καπήλων,
1547 4475 1604 4558 παρ’
1612 4469 1640 4534 ὧν

366 4607 469 4683 ἐλαβον
492 4611 578 4668 τοῦτο.
604 4607 714 4666 ἐπειδάν
736 4605 768 4665 δὲ
791 4607 819 4666 ἐν
842 4609 965 4686 στερήσει
987 4605 1139 4683 ήγουμένου
1162 4605 1284 4683 γένηται,
1308 4603 1414 4682 ἔχουσιν
1438 4601 1463 4662 οί
1484 4603 1593 4682 πατέρες
1605 4597 1640 4655 ιτῖ
1697 4623 1698 4640 2
