3222 5284
245 339 310 404 362

246 535 309 626 ηἰχρι
333 538 397 614 γσύν
419 532 465 595 καί
488 535 597 616 ρανίδος
619 537 699 614 τυχδν
724 541 822 616 μικράς
845 534 884 608 εἰς
906 538 936 596 τδ
959 533 1114 615 καταψύξαι
1135 539 1166 597 τδ
1188 537 1322 619 κερασθὲν
1344 541 1473 619 ποτήριον
1500 538 1549 598 καί

229 675 231 679 ’
246 659 307 728 ζέον
329 657 416 717 πλέον
438 660 485 716 τού
507 655 627 736 δέοντος,
651 656 748 733 ἀλλ’ί,
773 655 891 733 δεομένη
907 659 1026 719 τοιούτου
1040 659 1112 731 τινδς
1127 659 1188 734 μετ’
1201 659 1350 736 εύλαβείας
1365 662 1405 720 ἀοι
1421 657 1549 735 μάλιστα

244 777 356 856 πολλῆς
378 776 425 838 καὶ
454 781 620 855 σεμνάτητος
642 777 716 858 παρδι
738 785 788 856 τῆς
817 781 1029 858 καθηγουμένης
1050 782 1081 841 τδ
1109 779 1204 842 ἐνδέον
1235 779 1384 862 αἰτήσεται,
1414 785 1468 842 κάν
1493 781 1546 858 μὲν

245 901 321 979 τύχοι
343 901 441 977 ταύτης
464 899 638 977 ἑπινευσύσης
659 903 786 978 καμεῖται
807 902 838 960 τδ
860 901 1019 965 κελευσθέν.
1051 901 1074 962 εἰ
1098 901 1130 963 δὲ
1153 905 1202 981 μή,
1226 903 1351 963 συστελεῖ
1373 905 1471 978 ἑαυτὴν
1496 901 1545 963 καί

244 1023 442 1098 καθεσθῆσεται
464 1020 535 1097 μετὰ
558 1027 671 1102 σιωπῆς,
703 1023 899 1103 εύχαριστούσα
922 1021 966 1083 διά
988 1024 1037 1100 τὴν
1059 1028 1106 1084 τού
1128 1025 1191 1084 θεοῦ
1215 1025 1341 1100 ἑντσλῆν.
1386 1025 1473 1096 οθτως
1497 1020 1544 1086 οὖν

245 1144 424 1204 ἑστιασθεῖσαι
448 1143 631 1225 έγερθῆσεσθε
654 1145 707 1204 ἀπδ
729 1151 779 1222 τῆς
801 1147 936 1225 τραπέζης
958 1143 1005 1206 καί
1027 1147 1076 1221 τῆν
1098 1147 1212 1224 τυπικὴν
1235 1143 1399 1208 ἀκολουθίαν
1420 1144 1469 1207 καί
1492 1145 1542 1221 τῆν

245 1267 329 1343 εύχὴν
354 1266 567 1346 ἐκτληρῶσαοαι
590 1265 629 1340 εἰς
650 1269 682 1327 τδ
704 1271 880 1348 κοιμητήριον
904 1267 1098 1330 ἀπελεύσεσθε.

348 1389 427 1466 Κερ.
452 1385 512 1464 μδ.
546 1387 625 1468 Περὶ
654 1394 709 1450 τού
741 1389 967 1472 ἀπαραίτητον
999 1385 1088 1450 εἰναι
1119 1393 1193 1463 ταῖς
1222 1389 1454 1468 ὑγιαινούσαις
1483 1390 1542 1465 τὴν

244 1510 359 1584 κοινῆν
382 1506 549 1590 τράπεζαν
571 1509 627 1570 καὶ
649 1510 722 1590 περὶ
745 1517 920 1574 νοσουσῶν,
966 1512 1073 1588 Ταύτην
1097 1511 1128 1572 δέ
1149 1512 1198 1590 τὴν
1220 1517 1299 1594 κοινῆ
1322 1512 1541 1592 εύτρεπιοθεῖσαν

244 1631 306 1705 ύμῖν
336 1633 471 1712 τράπεζαν
502 1631 529 1692 αί
559 1631 609 1708 μὲν
640 1633 803 1713 ὑγιαίνουσαι
838 1634 1034 1714 ἀπροφάσιστον
1063 1632 1110 1694 καὶ
1144 1633 1328 1714 ἀπαραίτητον
1361 1630 1449 1707 έξετε.
1495 1632 1542 1694 καί

245 1751 358 1828 ούδεμία
382 1753 456 1814 ἔσται
478 1755 607 1835 πρύρασις
630 1753 710 1830 ἱκανὴ
732 1756 800 1835 πρδς
822 1755 980 1836 παραίτησιν
1003 1759 1052 1832 τῆς
1075 1753 1115 1828 εἰς
1129 1757 1161 1816 τδ
1182 1755 1273 1816 κοινδν
1296 1755 1460 1835 ἑστιατόριον
1476 1775 1542 1814 συν-

245 1873 391 1946 ελεύσεως.
438 1873 465 1935 αἱ
488 1875 645 1936 ἀσθενούσαι
669 1875 700 1936 δέ
729 1874 846 1956 ἰσχυρῶς
867 1875 915 1937 καὶ
939 1877 1033 1951 ούτως,
1064 1877 1135 1937 ὥστε
1158 1876 1197 1953 μὴ
1221 1876 1349 1936 δύνασθαι
1371 1880 1421 1952 τῆς
1442 1875 1544 1953 κλίνης

247 1993 432 2070 ἐξανίστασθαι
448 2001 466 2073 ῆ
487 1997 634 2079 ἀταράχως
656 1999 763 2078 ύπνούν,
787 1999 854 2059 ἀλλ’
868 1999 1032 2077 ένοχλούσαι
1046 1997 1093 2058 καί
1110 1997 1320 2077 ἐνοχλούμεναι,
1342 1997 1413 2058 κατά
1427 2001 1544 2078 γνώμην

244 2123 294 2194 τῆς
315 2119 526 2199 καθηγουμένης
550 2120 579 2179 έν
602 2119 728 2192 ἰδιάζοντι
750 2119 858 2201 κελλίῳ
881 2116 1019 2194 τεύξονται
1042 2121 1220 2193 ἀναπαύσεως
1242 2118 1289 2180 καί
1312 2119 1493 2200 θεραπείαςέ
1526 2155 1543 2166 -

244 2238 422 2321 μελεστέρας.
461 2243 578 2321 φροντιεῖ
604 2241 636 2302 δὲ
662 2243 680 2317 ῆ
711 2243 905 2321 καθηγουμένη
928 2240 975 2303 καί
997 2247 1051 2302 τῶν
1075 2247 1218 2302 -νοσουσῶν
1246 2241 1472 2322 ἐπιμελέστερον,
1503 2244 1543 2315 ὡς

245 2359 351 2421 οἰκείων
375 2363 480 2444 μελῶν,
503 2361 550 2422 καί
572 2360 685 2444 παρέξει
708 2365 817 2437 ταύταις
838 2363 873 2424 τὰ
895 2363 1065 2440 κατάλληλα
1086 2365 1153 2444 πρδς
1177 2363 1330 2444 διατροηῆν,
1360 2366 1489 2444 πρόνοιάν
1511 2387 1543 2425 τε

243 2485 384 2559 ποιήσεται
407 2483 453 2544 καί
476 2490 525 2561 τῆς
547 2483 641 2561 άλλης
663 2487 750 2546 αθτῶν
773 2467 964 2558 ἀναπαύσεως.

347 2605 425 2685 Κεφ.
450 2603 509 2682 με’,
533 2605 614 2688 Περὶ
635 2611 690 2668 τού
712 2605 769 2667 καὶ
791 2607 950 2687 δευτέραν
972 2607 1125 2686 γίνεσθαι
1148 2607 1304 2668 ἑστίασιν.
1350 2607 1446 2667 Τοίνυν
1470 2609 1542 2682 μετὰ

243 2729 273 2787 τδ
295 2727 345 2800 τάς
368 2728 494 2807 μοναχάς
517 2729 662 2806 ἀναστῆναι
685 2735 735 2806 τῆς
755 2731 892 2810 τραπέζης
920 2729 1036 2802 ἑστίασις
1059 2721 1172 2809 δευτέρα
1194 2729 1309 2807 γινέσθω
1333 2729 1423 2810 ἀρτων
1446 2751 1540 2812 παρα-

243 2853 391 2927 τιθεμένων
406 2849 453 2911 καὶ
476 2851 638 2934 βρωμάτων,
662 2853 713 2911 ὅσα
729 2851 757 2911 έν
772 2857 805 2934 τῆ
820 2853 914 2934 πρῶτη
933 2851 1125 2931 παρατέθειται
1139 2852 1270 2932 τραπέζῃ,
1293 2847 1341 2910 καί
1357 2851 1540 2911 ἑστιάσθωσσν

244 2972 270 3032 αί
295 2973 497 3048 διακονῆσασαι.
543 2974 582 3049 μὴ
607 2969 708 3046 ἐξέστω
732 2971 763 3032 δέ
786 2971 866 3054 (άπερ
888 2971 934 3032 καί
956 2972 984 3032 έν
1007 2978 1040 3055 τῇ
1062 2975 1156 3056 πρώτη
1180 2973 1296 3033 ἑστιάσει
1318 2974 1471 3049 τυπωθῆναι
1496 2973 1539 3034 δι-

244 3092 368 3177 έλαθεν),
399 3095 563 3178 ἀνισταμένη
592 3102 643 3172 τῆς
671 3095 808 3176 τραπέζης
832 3092 917 3174 αἴρειν
939 3113 963 3153 τι
987 3093 1048 3170 μεθ’
1061 3093 1160 3168 ἑαυτῆς
1182 3093 1215 3154 ἐκ
1236 3098 1290 3154 τῶν
1316 3096 1538 3174 παρακειμένων,

244 3220 314 3292 μήτε
345 3219 434 3298 άρτον,
466 3215 530 3292 μήθ’
546 3219 638 3298 ἑτερέν
660 3237 694 3298 τι,
726 3215 803 3276 ἀλλὰ
826 3214 898 3292 μηδὲ
920 3221 973 3276 τῶν
1004 3221 1135 3294 μοναχῶν
1157 3235 1198 3288 τις
1227 3213 1334 3275 αἰτείτω
1364 3217 1429 3291 μεθ’
1441 3217 1539 3290 ἑαυτῆς

243 3339 341 3413 λαβεῖν
363 3342 381 3413 ῆ
406 3339 565 3420 μαγειρείαν
588 3343 606 3414 ῆ
630 3339 738 3419 δσπριον
760 3341 779 3413 ῆ
803 3337 876 3398 ἀλλο
899 3357 933 3416 τι,
958 3336 1035 3397 ἀλλά
1057 3343 1135 3418 κοινῆ
1157 3340 1241 3397 πᾶσαι
1264 3337 1457 3400 ἑστιάσθωσαν.

346 3463 425 3542 Κερ.
450 3460 516 3538 μς’.
542 3459 622 3541 Περὶ
645 3465 702 3538 τῆς
726 3460 759 3520 ἑν
781 3463 855 3532 ταῖς
876 3460 988 3531 λιταῖς
1009 3453 1148 3539 ἡμέραις
1170 3463 1301 3539 τρορῆς.
1340 3459 1376 3518 Ἠ
1399 3457 1431 3518 δὲ
1453 3458 1537 3538 τρορῆ

241 3582 315 3658 ὑμῶν
340 3583 414 3644 έσται
438 3583 467 3643 έν
489 3585 548 3655 ταῖς
571 3583 660 3654 λιταῖς
682 3583 799 3663 ἡμέραις
821 3581 892 3642 κατά
913 3582 944 3642 τδ
968 3582 1085 3662 ἀριστον,
1115 3579 1192 3664 τρίτη
1214 3579 1265 3655 μὲν
1288 3578 1335 3639 καὶ
1355 3580 1469 3661 πέμπτη
1492 3577 1537 3638 καί

242 3705 372 3786 σαββάτῳ
394 3706 440 3768 καί
464 3713 579 3790 κυριακῇ
603 3706 741 3782 ἐδέσματα
764 3705 810 3766 δύο
833 3703 937 3786 ῆτρία,
962 3702 984 3764 εί
1001 3710 1033 3786 τῇ
1050 3705 1244 3785 καθηγουμένη
1261 3701 1366 3781 δοκοίη,
1390 3699 1425 3760 δι’
1439 3699 1536 3778 ἰχθύων

242 3829 289 3890 καὶ
318 3833 406 3911 τυρού,
439 3829 467 3888 ἑν
498 3827 529 3888 δὲ
558 3833 591 3910 τῆ
622 3827 736 3912 δευτέρᾳ
765 3827 852 3901 δύοῆ
882 3820 943 3907 τρία
974 3826 1008 3885 δι’
1022 3823 1136 3905 δοπρίων
1167 3825 1274 3902 ἑψητῶν
1304 3821 1349 3881 σύν
1380 3821 1469 3900 ἐλαίῳ
1492 3819 1535 3881 καὶ

242 3950 479 4032 δστρακοδὲρμων,
510 3949 533 4010 εί
557 3951 729 4031 εὑρίσκοιντο,
758 3949 866 4029 τετράδι
888 3967 919 4008 τε
941 3945 988 4008 καί
1018 3950 1177 4027 παρασκευῇ
1203 3943 1249 4004 δύο
1272 3947 1290 4019 ῆ
1314 3943 1373 4024 τρία
1397 3941 1533 4018 ἐδέσματα

243 4073 278 4133 δι’
295 4071 410 4154 δστρίων
433 4074 540 4151 ἑψητῶν
564 4072 609 4132 σύν
641 4070 728 4152 ἐλαίῳ
750 4069 796 4131 καὶ
826 4069 958 4149 λαχάνων
989 4068 1101 4145 ὁμοίως.
1148 4065 1173 4126 εἰ
1195 4065 1227 4126 δὲ
1249 4064 1296 4126 καὶ
1320 4063 1348 4125 ἐν
1371 4065 1475 4144 αύταῖς,
1504 4069 1534 4144 τῆ

242 4195 356 4278 δευτέρᾳ
378 4195 455 4274 ρημί,
485 4193 593 4275 τετράδι
615 4214 646 4252 τε
668 4189 715 4252 καὶ
744 4197 886 4274 παρακευῆ
908 4193 981 4269 παρά
1003 4210 1081 4250 τινων
1104 4186 1285 4268 ηιλοχρίστων
1311 4187 1424 4264 γένηται
1446 4187 1533 4264 παρά·
1598 4241 1599 4250 2

241 4317 380 4394 κλησιςῆ
412 4317 492 4397 έορτῆ
514 4316 584 4398 τύχῃ
614 4313 759 4390 δεσποτικὴ
783 4314 800 4390 ἥ
822 4333 894 4384 τινος
923 4317 977 4372 τῶν
1001 4310 1112 4370 δώδεκα
1142 4308 1228 4388 ἀγίων
1258 4307 1419 4367 ἀποστόλων
1442 4309 1460 4383 ῆ
1481 4311 1532 4365 τῶν

243 4438 385 4514 ἐπισημων
409 4439 549 4518 μαρτύρων
571 4439 590 4513 ῆ
612 4435 758 4517 ἱεραρχῶν,
784 4433 879 4494 ἐσθίειν
902 4429 949 4492 καί
971 4433 1032 4492 τότε
1053 4429 1148 4510 ἰχθύας
1163 4433 1247 4506 αότῆς
1261 4423 1334 4515 [τῆς]
1345 4426 1366 4510 1)
1381 4429 1532 4506 ἡγουμένης

348 4699 369 4764 ¹)
388 4697 586 4765 supplevimus.
