3246 5288
1338 307 1401 371 407

102 501 185 568 μιῶν.
231 495 294 568 τοὺς
320 495 405 556 τοίνυν
429 493 615 574 ἀναδεχθῆναι
637 499 780 578 κριθέντας
801 500 851 558 οἰικ
872 499 1059 577 ἀναγκαστέον
1082 500 1144 580 περί
1165 521 1237 571 τινος
1260 497 1403 579 ἀποταγῆς

101 617 198 678 τεκαὶ
217 616 405 698 προσενέξεως
425 619 509 694 νόμου
530 619 579 694 τὴν
602 623 648 680 τοῦ
670 621 733 680 θεοῦ
754 622 835 700 χάριν
857 621 1024 694 καπηλεύειν
1046 624 1064 695 ἢ
1087 624 1211 702 χρήμασι
1232 625 1402 702 πιπράσκειν,

103 744 144 816 μή
167 742 219 800 ποί
234 762 273 812 τις
290 741 412 802 ἐντεῦθεν
427 737 541 818 αἰσχύνη
564 743 582 816 ἡ
606 741 709 812 δνειδος
723 742 871 823 προστριβῇ
886 745 944 814 τοῖς
957 743 1057 822 προῖκα
1072 743 1136 822 παρ’
1148 743 1227 816 ήμῶν
1243 742 1402 824 ἀποκαρεῖσι

102 862 151 922 καὶ
181 863 212 921 τό
242 862 327 922 κακδν
357 855 404 922 καὶ
434 860 568 940 ἐπάρατον
597 865 674 922 τοῦτο
705 863 781 943 ῥῆμα
803 864 985 945 παρεισαχθῇ,
1007 865 1038 924 τό
1061 865 1127 938 ἐμόν
1151 865 1280 940 δηλονότι
1302 863 1349 924 καί
1370 866 1402 924 τό

103 987 161 1064 σόν,
192 983 240 1044 καί
268 985 299 1044 τό
329 986 421 1060 μεῖζον
444 987 461 1059 ἢ
484 979 565 1060 ἧττον
594 981 641 1044 καί
669 986 701 1044 τό
727 984 869 1064 κρείττονα
892 979 962 1046 εἶναι
983 987 1029 1046 τόν
1050 987 1271 1065 προσενέγκαντα
1293 989 1340 1046 τοῦ
1363 985 1401 1062 μὴ

103 1101 346 1187 προσενεγκόντος.
378 1105 416 1180 μὴ
432 1107 539 1184 γένοιτο
554 1109 631 1166 τοῦτο
646 1107 707 1182 ὑμῖν
723 1099 762 1177 εἰξ
777 1109 823 1166 τόν
839 1105 936 1186 αἰῶνα,
956 1107 994 1182 μὴ
1010 1109 1132 1186 γένοιτο·
1155 1109 1173 1182 ή
1190 1109 1244 1188 γάρ
1259 1109 1401 1186 λεγομένη

103 1230 172 1304 αθτη
204 1228 331 1305 ἀποταγέ,
361 1227 472 1309 ἀναιρεῖ.
494 1229 543 1303 τήν
573 1228 710 1308 μακαρίαν
741 1229 889 1306 ὑποταγήν.
937 1227 960 1288 εἰ
988 1228 1020 1290 δὲ
1047 1228 1113 1301 ἴσως
1143 1231 1222 1302 αθτός
1243 1251 1269 1289 τι
1292 1230 1401 1290 ἑκὼνό

104 1350 349 1428 ἀποκαρησόμενος
378 1347 417 1430 τῷ
444 1349 500 1408 θεῶ
521 1351 716 1430 προσενεγκεῖν
739 1349 857 1430 αἱρείτω,
890 1351 1001 1410 δεκτέον
1023 1351 1121 1430 τρόπον
1143 1351 1262 1412 τοιόνδε·
1293 1356 1402 1428 κινητοῦ

104 1471 156 1546 μὲν
186 1471 265 1544 ὄντος
293 1475 340 1531 τοῦ
370 1473 588 1552 προσφερομένου
617 1469 676 1532 καί
695 1471 895 1552 ἀφιερωμένου,
927 1474 1007 1546 αὺτδς
1037 1475 1052 1532 ό
1084 1473 1200 1547 μέλλων
1232 1472 1402 1552 ἀποκαρῆναι

104 1593 229 1668 ἀσκεπὴς
243 1591 263 1673 ¹)
294 1591 334 1663 εἰς
363 1592 394 1652 τ“ο
424 1593 502 1670 ἅγιον
533 1593 716 1672 θυσιαστήριον
747 1591 942 1672 εἰσερχόμενος
965 1595 1058 1654 ἐπάνω
1080 1601 1131 1670 τῆς
1153 1594 1235 1672 άγίας
1257 1591 1304 1653 καί
1326 1593 1403 1674 ἱερᾶς

103 1715 241 1794 τραπέζης
257 1712 370 1786 οἰκείαις
392 1713 471 1796 χερσὶ
485 1714 534 1790 τὴν
554 1717 698 1776 κατάθεσιν
720 1717 812 1778 τούτου
834 1719 984 1792 ποιήσεται.
1016 1717 1144 1791 ἀκινήτου
1167 1716 1197 1776 δὲ
1219 1719 1402 1795 τυγχάνοντος

104 1839 121 1910 η
145 1836 321 1910 αὐτοκινήτου
350 1838 455 1916 χάρτην
489 1837 599 1912 ἐκθήσει
631 1837 737 1914 δωρεαῖς
768 1836 815 1896 καὶ
846 1834 1019 1917 ἀφιερώσεως
1044 1837 1084 1916 τῷ
1106 1837 1161 1916 θεῷ
1185 1837 1230 1897 διὰ
1251 1838 1402 1917 πρεσβειῶν

104 1965 154 2034 τῆς
169 1957 320 2037 ιάτεραγίας
334 1959 413 2032 ἡμῶν
437 1958 565 2018 θεοτόκου
579 1955 627 2018 καὶ
643 1956 681 2029 εἰς
696 1961 726 2018 τό
742 1960 819 2038 ἅγιον
841 1961 1037 2038 θυσιαστήριον,
1061 1961 1100 2031 ῶς
1122 1959 1236 2039 εἴρηται,
1259 1955 1402 2030 εἰσελθών,

105 2081 239 2154 ἀποθήσει
268 2085 360 2139 τοῦτον
392 2079 421 2138 ἐν
452 2086 485 2162 τῇ
515 2088 609 2162 φρικιῄ
641 2079 689 2141 καί
718 2082 779 2163 θείᾳ
804 2084 939 2165 τραπέζῃ·
971 2085 1048 2142 τοῖιιο
1070 2082 1124 2162 γάρ
1145 2083 1334 2164 προαιρετικὸν
1356 2079 1403 2141 καί

106 2201 234 2273 ἀβίαστον
250 2199 297 2262 καὶ
312 2205 426 2279 γνώμης
443 2203 522 2280 ἔργον
545 2204 688 2282 θεοφιλοῦς
710 2201 754 2264 καὶ
778 2203 967 2280 ἐλεημοσθνης
989 2200 1063 2275 τάξιν
1087 2204 1188 2280 ἐπέχον
1212 2201 1259 2262 καί
1282 2203 1403 2275 εἰιποιίας

105 2321 150 2382 καὶ
178 2321 246 2402 ὑπὲρ
268 2328 317 2398 πής
340 2324 434 2383 θεόθεν
457 2319 623 2400 ἀντιμισθίας
645 2327 795 2404 γενόμενον
819 2324 858 2397 εἰς
881 2323 1018 2400 ἐξίλαομα
1039 2331 1093 2385 τῶν
1115 2325 1401 2400 πεπλημμελημένων

105 2443 187 2524 αὐτῷ,
219 2445 330 2520 μᾶλλον
362 2444 404 2524 δέ,
432 2445 476 2504 ἵνα
502 2445 622 2521 τάληθὲς
645 2445 776 2527 εἴπωμεν,
807 2444 935 2522 ἀνάθημα
957 2449 1136 2527 προσφέρεται
1158 2444 1197 2525 τῷ
1220 2445 1276 2524 θεῷ
1299 2443 1402 2526 καίιῄ

105 2565 310 2646 θεογεννητρίᾳ·
343 2566 418 2626 ἀλλο
450 2567 501 2641 μὲν
533 2566 587 2646 γὰρ
615 2569 634 2644 ή
661 2567 804 2645 λεγομένη
836 2569 962 2646 ἀποταγὴ
990 2566 1038 2628 καί
1059 2565 1217 2648 προσένεξις
1239 2566 1286 2626 καί
1310 2569 1403 2646 ἕτερον

104 2687 191 2766 δῶρον
221 2691 239 2762 ἡ
269 2687 458 2764 ἑλεημοοθνης
487 2687 603 2760 ἐπίδοσις
631 2691 649 2763 ή
677 2687 819 2764 ἀνάθημα·
851 2691 940 2750 ἐκεῖνο
968 2689 1018 2764 μὲν
1045 2689 1099 2769 γάρ
1128 2689 1249 2749 ἐντεῦθεν
1273 2688 1333 2765 ἔχει
1355 2689 1403 2764 τήν

103 2816 154 2886 τῆς
181 2808 297 2882 ἐλπίδος
323 2809 483 2886 ἀντάμειψιν
509 2808 556 2870 καὶ
579 2812 670 2888 ῶσπερ
694 2810 729 2870 δι’
737 2809 761 2892 ²)
788 2811 901 2884 ῶνητῶν
924 2815 969 2870 τοῦ
992 2814 1120 2886 σώματος
1141 2809 1404 2888 προκαταβάλλεται

103 2931 247 3010 γρειωδῶν
276 2931 320 2992 ἐπί
347 2951 413 2992 τισιν
440 2930 505 3004 ἴσως
532 2932 627 3011 ῥηταῖς
649 2932 813 3011 συμφωνίαις
835 2931 882 2992 καί
905 2929 1101 3010 ἀνταλλάξεσι,
1129 2933 1160 2992 τό
1184 2931 1215 2990 δὲ
1239 2931 1298 2990 ἐκεῖ
1320 2933 1403 3005 μόνον

103 3057 164 3126 ταῖς
191 3053 327 3134 σὐρανίαις
354 3051 446 3114 ἐλπίσι
472 3052 518 3114 καί
547 3054 736 3132 ἀνταμείψεσιν
764 3053 956 3129 ἀποκείμενον.
1001 3051 1048 3112 καί
1071 3053 1117 3112 διά
1139 3057 1216 3114 τοῦτο
1240 3051 1312 3127 μηδὲ
1333 3053 1403 3130 πρό-

103 3174 189 3254 νριοίν
219 3195 278 3235 τινα
306 3176 381 3252 ἔχειν
407 3177 587 3246 τῶνλοιπῶν
595 3175 619 3258 ³)
643 3175 771 3256 ἀδελφῶν
794 3179 809 3236 ό
832 3176 921 3247 διδοίις
943 3175 1175 3256 ἀπολαμβανέτω,
1206 3175 1285 3234 ἀλλά
1309 3174 1404 3250 ἐπίσης

104 3293 247 3368 εἶναιτοῖς
262 3301 327 3357 τοῖσι
342 3298 473 3358 κατάτόν
488 3300 662 3376 κρατήσαντα
675 3296 789 3379 πίπονά)
812 3303 862 3373 τῆς
884 3303 981 3373 μονῆς.
1013 3299 1045 3356 ἀν
1066 3295 1098 3354 δέ
1120 3299 1155 3374 γέ
1176 3315 1244 3356 ποτε
1265 3293 1403 3375 πειραθεὶς

104 3419 137 3478 ἐκ
168 3418 305 3494 δαιμόνων
328 3419 343 3476 ό
366 3418 439 3498 δοὺς,
470 3412 514 3478 οἷα
542 3418 639 3480 πολλὰ
664 3419 699 3478 τά
720 3424 770 3494 τῆς
799 3415 974 3500 ἀβσυλίαςῖ),
1006 3417 1133 3493 ἐκστῆναι
1165 3418 1215 3492 μὲν
1237 3422 1287 3492 τῆς
1318 3423 1405 3492 μονῆς

103 3540 240 3620 βουληθῇ,
263 3540 369 3621 θελήσῃ
392 3539 423 3599 δὲ
438 3537 486 3598 καί
501 3539 531 3598 τό
554 3540 747 3619 δεδωρημένον
762 3537 809 3600 καί
831 3535 886 3617 θεῷ
901 3541 1153 3618 προσενηνεγμένον
1169 3536 1403 3616 ἀποκομίσασθαι,

103 3661 183 3721 ἀλλά
207 3661 246 3736 μὴ
271 3661 364 3722 δοτέον
386 3658 457 3740 αἰντῷ
473 3664 549 3722 τοῦτο
565 3661 636 3720 κατὰ
651 3661 697 3720 τόν
713 3663 821 3721 τυπικδν
836 3661 953 3720 κανόναΙ
977 3661 1007 3718 τό
1022 3659 1076 3738 γὰρ
1093 3655 1166 3731 όίπαξ
1181 3655 1236 3734 θεῷ
1254 3659 1403 3737 ἀφιερωθὲν

104 3782 282 3862 ἀναφαίρετον
302 3780 349 3841 καί
371 3783 386 3840 ό
409 3781 604 3862 ἀφαιρούμενος
627 3781 778 3862 ἱερόσυλος,
802 3781 892 3842 όποῖτν
917 3781 948 3840 δὲ
971 3782 1016 3840 τὀν
1040 3780 1179 3861 ἱερόσυλον
1203 3780 1263 3856 ἔχει
1285 3781 1316 3838 τό
1340 3781 1402 3840 ἐπι-

102 3904 202 3980 τίμιον,
225 3905 326 3972 πάντες
348 3902 429 3982 ἰοαοι,
452 3906 504 3962 κάν
526 3903 608 3978 ήμεῖς
630 3902 669 3978 μὴ
692 3901 787 3982 λέγειν
812 3903 963 3977 ἐθέλωμεν.

212 4023 257 4101 ιγ’.
283 4024 373 4084 Ἀλλὰ
402 4029 487 4084 ταῦτα
516 4025 567 4099 μὲν
596 4022 658 4104 περὶ
679 4029 733 4084 τῶν
757 4025 978 4104 άποκειρομένων
1002 4023 1030 4082 ἐν
1052 4030 1086 4104 τῇ
1109 4029 1189 4105 μονή.
1235 4023 1404 4103 φροντιστέον

104 4147 135 4206 δὲ
158 4145 206 4206 καί
228 4151 282 4205 τῶν
305 4147 359 4208 ἀπό
382 4145 462 4224 ξένης
486 4147 643 4226 ἐρχομένων
668 4144 712 4206 ἐπὶ
734 4148 763 4206 τό
787 4146 885 4222 βαλεῖν
908 4147 997 4224 ἀρχὴν
1021 4146 1049 4204 ἐν
1072 4147 1149 4227 αὐτή.
1194 4146 1209 4203 ό
1231 4145 1317 4204 τοίνυν
1345 4143 1404 4203 εἰσ-

105 4269 238 4346 δεχθῆναι
254 4273 288 4348 τῇ
310 4274 381 4350 μονῇ
404 4267 506 4350 κριθείς
529 4269 664 4344 μοναστὴς
687 4267 758 4344 μετὰ
779 4269 943 4348 παρέλευοιν
966 4273 1060 4343 μηνῶν
1083 4265 1124 4347 ἕξ,
1149 4267 1177 4325 ἐν
1200 4267 1285 4348 ταθιη
1308 4267 1405 4326 διατα-

105 4447 314 4456 ...-.---

211 4557 231 4620 ¹)
251 4553 291 4604 καὶ
309 4554 363 4605 ἀσκ.
383 4555 414 4605 Ε.
486 4555 507 4621 ²)
525 4571 560 4613 τις
578 4554 610 4606 Ε.
681 4553 704 4622 ³)
724 4549 793 4604 ἀποκ.
813 4555 849 4621 τῷ
867 4569 904 4603 τοι
922 4551 987 4602 σθτιυ
1006 4551 1045 4602 διὰ
1059 4549 1120 4620 μηδέ
1138 4549 1267 4619 πρόκρισίν
1279 4569 1332 4603 τινα
1344 4547 1407 4620 ἔχειν

105 4654 152 4704 τῶν
171 4652 243 4702 τοῦτο
262 4651 310 4700 τῶν
328 4649 352 4700 λ.
372 4649 403 4700 Ε.
475 4651 496 4715 ⁴)
517 4647 589 4699 τόπον
607 4649 638 4699 Ε.
711 4649 731 4714 ⁵)
750 4645 821 4706 όδοίις
840 4686 845 4698 .
861 4685 887 4700 ..
906 4643 936 4698 τίι
953 4650 994 4712 τῆς
1013 4646 1042 4697 οὐ
1060 4646 1171 4707 δουλείας
1189 4647 1220 4698 Ε.
