3166 5298
254 351 315 414 110

252 543 377 622 σεβάστῳ
409 541 531 622 σεβαστῷ
556 541 646 624 οἰκείῳ
676 550 709 624 τῇ
738 541 865 623 βασιλείᾳ
888 563 950 622 μου,
981 542 1156 622 έταιρειάρχη
1178 540 1216 618 τῷ
1240 540 1401 619 Ποιναρὲτῳ,
1424 537 1545 606 καὶτοῖς

252 665 327 726 παισὶ
348 664 395 725 καὶ
418 665 601 746 κληρονόμοις
623 663 670 724 καί
694 664 833 742 διαδόχοις
857 664 936 724 αίντοῡ
958 661 1004 723 καί
1026 665 1056 722 τό
1078 663 1164 743 παρδν
1186 660 1393 742 χρυσόβουλλον
1413 661 1545 739 σιγιλλιτν

202 835 205 840 .
252 793 302 864 τῆς
325 787 468 864 βασιλείας
491 810 542 864 μου
566 793 592 866 †.

356 916 372 988 ί
397 905 479 988 Είχε
510 908 565 968 καὶ
595 909 787 988 ὑπογραφὴν
819 908 1009 988 δι’ἐρυθρῶν
1039 909 1246 987 γραμμάτων
1277 912 1336 980 τῆς
1367 905 1546 980 βασιλικῆς

252 1034 368 1112 χειρός
391 1033 438 1091 τό·
464 1029 543 1108 μηνί
566 1028 707 1110 μαρτίῳ,
732 1028 792 1090 ίνδ.
810 1031 993 1104 ἑνδεκάτης
1016 1033 1041 1106 †.

359 1195 459 1252 βαόίιαε
476 1195 499 1250 I.
512 1213 544 1266 p.
564 1197 635 1250 241.
668 1195 764 1260 Quoad
783 1213 885 1250 annum
904 1195 974 1263 vide,
1000 1212 1068 1265 ᾳυαε
1084 1194 1202 1248 cithiman
1217 1193 1255 1246 αά
1270 1191 1336 1260 dipl.
1355 1191 1545 1246 σπίσσσάεπιὶα.

255 1301 372 1357 Ιπάίοίίο
389 1301 441 1356 ΧΙ.
459 1301 593 1356 autetiam
609 1301 676 1354 αππί
694 1301 784 1354 1328.

490 1658 564 1724 XV.
589 1654 842 1746 [6852-1343],
866 1677 976 1722 mense
1000 1654 1133 1740 octobri,
1161 1654 1227 1720 ind.
1250 1653 1311 1718 xl.

257 1859 318 1914 Rex
331 1857 483 1928 Stephanus
497 1858 596 1913 Πυέαιν
608 1859 789 1930 possessiones
803 1857 977 1930 Margaritae
989 1857 1056 1912 είόαε
1069 1858 1098 1910 in
1108 1857 1176 1912 υίσιζν
1195 1857 1264 1910 Usca
1276 1854 1411 1925 Inferiori
1418 1862 1443 1908 ει
1454 1855 1483 1907 in
1495 1853 1546 1905 Ιίιι·

727 1963 810 2018 choba
826 1962 919 2018 οωίτυίό
933 1980 952 2016 α
967 1961 1077 2016 ίπιδιιόο.

616 2183 819 2263 Πρόσταγμα
842 2179 866 2240 ε’
887 2185 942 2242 τοῦ
965 2146 1189 2261 Μαργαρίτου.

362 2376 382 2454 †
405 2373 483 2436 Ἐπεί
509 2373 645 2445 όοίκείος
671 2379 704 2456 τῇ
728 2373 856 2457 βασιλείᾳ
879 2391 939 2452 μου,
972 2371 1201 2452 όΜαργοιρίι-ης,
1224 2372 1353 2448 κέκτηται
1376 2371 1412 2431 δι’
1425 2371 1546 2448 ἀπογρα-

258 2503 341 2577 ρικῶν
364 2493 533 2569 ἀποδείξεων
555 2499 602 2556 τοῦ
623 2517 654 2556 τε
676 2491 777 2557 οίκείου
792 2503 841 2572 τῆς
857 2493 1001 2571 βασιλείας
1017 2515 1068 2570 μου
1085 2493 1210 2572 μεγάλου
1224 2493 1456 2574 χαρτουλλαρίου,
1472 2493 1546 2571 νυροῡ

259 2621 386 2680 Ἰωάννου
408 2621 454 2678 τοῦ
469 2619 604 2699 Βατάτζη,
628 2616 675 2678 καὶ
696 2623 742 2678 τοῦ
763 2619 916 2678 πανσέπτου
939 2615 1038 2676 οἰκείου
1060 2622 1092 2698 τῇ
1116 2615 1245 2698 βασιλείᾳ
1259 2637 1321 2695 μου,
1345 2615 1545 2696 δρᾳανοτρόρου,

259 2743 340 2822 κυροῦ
361 2740 564 2801 Κωνσταντίνου
589 2786 645 2801 ...
671 2739 710 2812 είς
732 2760 762 2799 τε
784 2741 814 2799 τδ
836 2737 937 2819 χωρίον
960 2739 1008 2814 τὴν
1031 2739 1116 2798 Κάτω
1136 2737 1250 2818 ΙΟίίοκοιν
1272 2736 1320 2800 καί
1341 2739 1390 2814 τὴν
1412 2734 1546 2816 Ῥάχοβαν
1574 2765 1575 2768 “

261 2863 314 2924 άπό
336 2883 366 2922 τε
381 2859 483 2934 Τζοίκω
507 2909 564 2925 ...
587 2862 758 2922 ὑποστάσεων
779 2859 826 2922 καί
849 2862 1024 2938 δημοοιακῶν
1046 2866 1099 2940 γῆν
1121 2881 1180 2921 τινα
1202 2859 1249 2921 καὶ
1271 2859 1405 2942 ἀμπέλια,
1428 2860 1495 2940 ὑπὲρ
1515 2849 1547 2914 ὧν
1574 2915 1575 2918 ,

260 2983 307 3045 καί
332 2985 421 3045 ἐτέλει
444 2978 521 3057 οὗτος
546 2979 607 3070 [εἰς]
628 2983 658 3044 τό
674 2985 758 3066 μέρος
773 2988 819 3044 τοῦ
835 2983 965 3060 δημοσίου
979 2982 1134 3059 νομίσματα
1148 2981 1174 3043 θ’
1196 2981 1243 3043 καὶ
1256 2983 1460 3064 παρεκάλεσεν,
1483 2979 1547 3042 ὡσίιν

261 3107 417 3190 διωρίσηται
438 3108 456 3183 ἡ
480 3105 607 3180 βασιλεία
631 3127 682 3181 μου
704 3105 751 3166 καὶ
773 3107 901 3184 κατέχειν
925 3108 1008 3165 ταῦτα
1025 3102 1070 3184 Ιείς
1093 3106 1123 3165 τό
1146 3103 1210 3182 ἑξῆς
1233 3105 1342 3177 ἀτελῶς
1363 3103 1411 3166 καὶ
1434 3103 1546 3184 ἀβαριῖις,

261 3230 309 3304 τὴν
331 3228 504 3310 παράκλησιν
528 3228 607 3288 αὺτοῦ
628 3225 836 3309 προσδεξαμένη
859 3229 878 3305 ἡ
901 3224 1028 3300 βασιλεία
1052 3247 1103 3302 μου
1119 3227 1234 3287 άπολόει
1248 3229 1294 3287 τόν
1309 3229 1431 3308 παρόντα
1447 3221 1547 3307 όρισμδν

262 3351 355 3426 αὐτῆς,
387 3349 421 3410 δι’
436 3342 466 3410 οὗ
488 3347 535 3408 καί
558 3345 710 3431 διορίζεται,
741 3349 814 3409 ὡοδιν
836 3351 943 3432 κατέχῃ
966 3347 1006 3421 εἰς
1035 3349 1066 3408 τδ
1090 3347 1156 3424 ἑξῆς
1179 3349 1194 3407 ό
1217 3348 1353 3426 δηλωθείς
1375 3345 1547 3430 Μαργαρίτηί.

262 3471 310 3547 τὴν
334 3470 526 3549 διοληρόεῑσαν
548 3477 601 3550 γῆν
624 3469 670 3531 καί
692 3466 726 3531 τὰ
748 3471 871 3546 ἀμπέλια
894 3471 1087 3550 ἀνενοχλήτως
1101 3469 1150 3531 καί
1165 3469 1342 3541 άδιασείστως
1357 3469 1445 3552 χωρίς
1460 3469 1547 3535 τέλους

262 3589 309 3652 καί
332 3591 432 3672 βάρους
453 3593 534 3672 τινός,
559 3593 633 3670 ἔχειν
656 3613 685 3652 τε
709 3592 751 3654 ἐπ’
764 3593 859 3666 ἀδείας
879 3597 998 3654 συνιστᾶν
1015 3592 1063 3654 καί
1078 3593 1203 3668 βελτισόν
1219 3593 1287 3654 οοδτά
1301 3591 1349 3653 καί
1365 3595 1546 3675 παραπέμπειν

262 3711 310 3773 καί
335 3714 403 3793 πρός
429 3713 490 3786 τοὺς
518 3710 548 3787 ἐξ
575 3713 670 3794 δσρίιος
694 3715 795 3787 παῖδας
818 3713 865 3775 καὶ
886 3717 1078 3796 κληρονόμους
1100 3715 1180 3776 αίντοίι
1203 3713 1247 3776 ἐπί
1268 3717 1299 3775 τδ
1321 3717 1490 3794 κατέχεσθαι
1509 3709 1547 3773 καίΙ

262 3835 425 3916 παρόιίντῶν
456 3835 528 3896 κατὰ
556 3837 601 3896 τόν
630 3834 686 3896 ἴσον
716 3835 763 3897 καὶ
793 3839 886 3913 όμοιον
910 3839 1023 3917 τρόπον·
1062 3838 1154 3898 τοότου
1183 3837 1236 3919 γάρ
1265 3841 1346 3919 χάριν
1378 3839 1489 3918 ἐγένετο
1516 3833 1546 3910 τῷ

262 3958 373 4038 τοιούτῳ
391 3962 425 4040 τῇ
442 3957 570 4040 βασιλείᾳ
584 3977 635 4033 μου
655 3956 757 4042 οἰκείῳ,
780 3955 817 4036 τῷ
834 3959 1009 4042 Μαργαρίιη,
1032 3961 1063 4020 τδ
1077 3961 1164 4042 παρόν
1180 3964 1230 4036 τῆς
1245 3957 1389 4035 βασιλείας
1405 3981 1457 4037 μου
1471 3960 1546 4041 πρόο-

263 4101 357 4157 ταγμα
379 4084 404 4158 †.

367 4207 384 4280 †
400 4196 485 4279 Εἶχε
500 4199 692 4282 δι’ἐρυόρῶν
707 4195 915 4282 γραμμάτων
931 4207 990 4278 τῆς
1006 4203 1186 4280 βασιλικῆς
1200 4202 1256 4263 καί
1272 4201 1365 4275 θείας
1379 4205 1493 4284 χειρός
1507 4203 1546 4262 τό·

264 4325 433 4404 Στέφανος
457 4323 489 4383 έν
512 4322 645 4404 Χριστῷ
666 4323 710 4403 τῷ
734 4321 797 4403 θεῷ
819 4327 935 4397 πιστός
958 4323 1119 4399 βασιλεὺς
1138 4325 1283 4406 Σερβίας
1304 4324 1359 4386 καί
1374 4319 1547 4402 Ῥωμανίας

265 4443 344 4521 μηνί
366 4443 539 4525 όκτωβρίῳ
562 4443 622 4506 ίνδ.
640 4443 680 4505 ια’
703 4450 730 4522 †.

370 4591 514 4646 Ιοαπτιίάεε
540 4591 591 4647 Ντ.
617 4595 644 4645 6.
681 4591 809 4662 Tempore
835 4593 914 4663 τιμαί
939 4590 1072 4662 Stephani
1096 4593 1196 4648 Dusan
1223 4593 1463 4665 (1336-1355)
1487 4593 1546 4650 εσίνν

266 4713 353 4750 annus
372 4697 455 4750 1343
470 4695 549 4750 habet
563 4695 618 4750 ι’πά.
638 4695 690 4749 IX.
