3240 5286
1295 363 1358 430 255

50 559 134 634 κῦρος
169 555 280 630 ἐπιθείη
309 556 411 628 τούτοις
441 555 574 630 βασιλικὰ,
595 555 776 636 διατάγματα,
807 556 990 633 διαπέμπεταί
1011 579 1040 618 τε
1062 559 1128 638 πρδς
1151 559 1199 634 τὴν
1221 560 1360 640 ἡμετέραν

50 677 220 758 βασιλείαν,
242 675 290 744 καί
311 684 346 761 τῇ
366 679 432 760 παρ’
444 678 527 754 αύτης
549 681 667 762 συστσίση
689 678 827 762 σεβασμίᾳ
849 684 919 760 μονῇ
941 678 971 740 τδ
990 683 1071 760 κύρος
1085 685 1139 740 τῶν
1155 681 1359 761 ἐνυπαρχόντων

48 797 168 860 αἰτεῖται
197 801 243 865 διὰ
265 799 474 880 χρυσοβούλλου
493 803 690 881 προσγενέσθαι
713 807 763 878 τῆς
785 800 928 878 βασιλείας
950 823 1011 878 μου.
1042 802 1098 864 ἔστι
1121 802 1172 878 μὲν
1187 801 1266 880 οὖνὴ
1281 801 1359 866 οἰκο-

49 923 211 1016 δομηθεῖσα
242 923 309 998 αύιη
336 922 383 984 καί
414 929 530 984 συστᾶσα
558 923 633 1004 παρὰ
661 924 761 1000 ταύτης
790 924 860 1000 μονὴ
889 922 1006 998 πλησίον
1036 944 1088 984 που
1117 923 1277 1001 διακειμένη
1311 929 1358 986 τού

48 1046 159 1126 ἁοτεος,
195 1046 376 1126 δΦανὰριον
403 1045 574 1125 θνομέζττσι,
608 1051 717 1122 τιμᾶται
745 1043 777 1104 δί
808 1045 851 1108 ἐπ’
863 1045 974 1122 ὀνόματι
1005 1051 1055 1121 τῆς
1076 1049 1283 1126 πανυπερὰγνου
1296 1043 1357 1123 ’μου

49 1166 207 1244 δεσποίνης
228 1167 276 1228 καὶ
300 1169 466 1248 θεομητορος
486 1173 537 1244 τῆς
560 1165 720 1246 Ἐλεούοης,
742 1165 790 1228 καὶ
812 1168 991 1242 ἐπικέκληται
1013 1167 1082 1228 ούτω
1104 1189 1163 1240 πως
1184 1175 1233 1246 της
1248 1171 1356 1230 Λυκου-

50 1287 152 1360 σοίδος·
179 1293 201 1349 ἃ
224 1289 256 1350 δὲ
279 1289 346 1372 αύιῆ
369 1295 402 1372 τῇ
425 1295 495 1372 μονῇ
517 1291 689 1383 προσήρμοσε
711 1293 848 1369 κτήματα,
871 1288 931 1350 ἐκεῖ
949 1289 999 1365 μὲν
1015 1289 1183 1365 ὁπουδήποτε
1198 1294 1358 1369 τυγχάνουσι

48 1409 229 1490 διακείμενα,
260 1409 307 1472 καί
334 1415 418 1472 τοτίτα
440 1410 471 1472 δέ
492 1431 528 1488 γε
554 1411 700 1492 κατωτέρω
723 1408 753 1484 ἐξ
782 1409 916 1486 ὀνόματος
944 1409 1143 1486 δηλωθήσεται.
1188 1417 1222 1492 τῇ
1249 1413 1357 1494 τοιαύτη

47 1539 200 1614 τοιγαροῦν
229 1531 336 1608 αἰτήσει
364 1533 448 1609 αύτίης
477 1533 526 1594 ούκ
557 1533 629 1610 έγνω
661 1532 723 1596 δέον
755 1528 825 1594 εἰναι
851 1533 869 1608 ἡ
897 1513 1025 1607 βασιλεία
1053 1553 1104 1608 μου
1130 1533 1272 1614 ύπέρθεσίν
1298 1555 1357 1594 τινα

50 1653 145 1715 δούναι
164 1653 216 1716 καί
232 1656 272 1731 μὴ
287 1654 412 1735 παραυτίι
425 1653 465 1733 τῷ
479 1653 556 1714 τέλει
572 1654 730 1734 ἐναγσγτῑν,
753 1654 831 1716 ἀλλὰ
847 1659 895 1730 τῆς
910 1655 1116 1733 εύγνωμοσύνης
1131 1655 1222 1734 ὥσπερ
1238 1655 1356 1732 ἀμειβο-

49 1777 121 1851 μένη
143 1778 250 1854 ταύτην
272 1775 319 1836 καί
340 1783 390 1852 τῆς
411 1779 457 1836 τού
480 1776 569 1838 καλού
592 1777 765 1855 ἐπιγνώσεως
788 1777 950 1852 έτοιμύτατα
971 1777 1114 1838 κατανεύει
1135 1779 1203 1857 πρὸς
1217 1779 1248 1838 τδ
1264 1774 1355 1838 αἰτού-

50 1919 146 1978 μενον,
178 1896 228 1959 καί
258 1901 304 1958 τδν
334 1899 455 1979 παρέντα
484 1898 691 1978 χρυσὰβουλλσν
714 1899 800 1977 λύγον
823 1899 950 1978 ἰπορέγει
973 1899 1050 1980 αἰιιῆ,
1079 1899 1114 1960 δι’
1127 1893 1158 1958 ού
1180 1896 1227 1960 καὶ
1249 1897 1357 1960 εύδοκεῖ

50 2020 96 2080 καί
118 2023 290 2101 προστάσσει
311 2017 358 2080 καί
381 2018 524 2101 διορίζεται
545 2021 712 2098 κατέχεσθαι
734 2021 808 2100 παρὰ
827 2026 876 2096 τῆς
892 2018 1087 2100 διαληφθείσης
1102 2019 1254 2096 οεβοισμίσς
1269 2028 1356 2096 μονῆς

50 2137 83 2200 τὰ
109 2143 191 2223 παρὰ
218 2149 269 2218 τῆς
297 2140 444 2223 εἰρημένης
466 2143 578 2222 συζύγου
599 2147 646 2204 ,τού
669 2143 901 2219 μνημονευθέντος
924 2143 1174 2222 σεβαστοκρσίτορος
1194 2146 1355 2224 προσαρμό-

52 2284 137 2324 σαντα
170 2266 239 2346 αἰιτῇ
270 2265 446 2339 δποιαθήτινα
476 2267 615 2344 κτήματα,
648 2267 666 2324 ἁ
696 2265 731 2340 δὴ
760 2263 807 2326 καὶ
836 2265 907 2326 κατὰ
937 2266 1019 2346 μέρος
1046 2265 1131 2336 ούτως
1162 2265 1205 2327 ἐπ’
1222 2263 1356 2340 ύνύματος

54 2385 164 2462 ἔχουσι·
187 2385 291 2466 χωρίον
313 2387 331 2460 ἡ
347 2386 520 2467 Λυκουσσίδα,
545 2387 574 2446 ἐν
590 2379 613 2465 ᾧ
627 2384 673 2448 καί
689 2387 706 2462 ἡ
722 2387 830 2462 τοιαύτη
848 2386 984 2466 ἀνηγέρθη
1001 2388 1081 2462 μονή.
1114 2389 1205 2466 ἕτερον
1220 2386 1321 2466 χωρίον
1336 2387 1354 2460 ἡ

55 2507 237 2584 Βατουσιὰνη.
269 2509 298 2568 τ“σ
321 2506 382 2588 περί
405 2509 439 2568 τδι
453 2507 600 2589 Τρίκκαλα
614 2507 726 2588 χωρίον,
749 2510 815 2588 ὅπερ
832 2509 980 2589 εύρίσκετσι
995 2509 1150 2586 κατέχουσα
1164 2511 1183 2586 ἡ
1200 2509 1269 2582 μονὴ
1285 2508 1355 2584 μετὰ

56 2632 100 2686 τού
125 2629 219 2690 ἐκεῖσε
242 2629 365 2710 λσετρσύ.
398 2632 526 2708 μετέχων
550 2628 590 2702 τίς
612 2629 700 2706 ἁνομα
720 2632 874 2706 τιμώμενον
897 2637 945 2707 τῆς
968 2631 1117 2712 ύπεραγίας
1132 2628 1270 2691 Θεοτύκσυ
1294 2631 1354 2691 ἐπι-

56 2748 212 2829 λεγόμενον
235 2749 358 2826 ἡῬάξα
380 2753 451 2828 μετὰ
472 2758 526 2812 τῶν
550 2752 578 2812 ἐν
601 2751 674 2831 αύτῷ
692 2753 898 2833 παροίκωντῶν
915 2752 1181 2828 διαλαμβανομένων
1196 2753 1257 2813 κατ’
1268 2753 1355 2829 ὄνομα

57 2871 83 2928 ἐν
104 2875 163 2944 τοῖς
184 2877 327 2954 προσούσιν
350 2873 422 2952 αύτῷ
446 2873 633 2953 δικαιώμασιν,
663 2875 702 2934 ἔτι
725 2874 756 2934 δὲ
778 2873 825 2935 καί
847 2881 896 2952 τῆς
918 2877 1108 2953 κατεχομένης
1129 2875 1194 2955 παρ’
1206 2876 1285 2935 αύτού
1307 2881 1353 2935 τού

56 2994 183 3072 μετοχίου
206 3002 260 3074 γῆς
282 2995 405 3055 καὶτῶν
427 2995 595 3072 μυλοθεσίων
617 2993 664 3056 καί
687 2991 840 3072 ἁμπελίων.
879 2999 971 3078 ἕτερον
994 2999 1122 3075 μετύχιον
1144 2998 1159 3056 ὁ
1182 2993 1352 3076 Τριστενίκος

58 3113 93 3185 εἰς
116 3116 206 3193 ὄνομα
229 3119 382 3194 τιμώμενον
405 3123 451 3178 τού
475 3119 552 3198 ἁγίου
576 3139 627 3194 μου
651 3119 898 3200 μεγαλομὰρτυρος
914 3118 1059 3200 Γεωργίσυ.
1089 3121 1180 3200 ἕτερον
1204 3117 1243 3192 είς
1265 3119 1351 3192 ὄνομα

57 3241 99 3295 τού
126 3238 206 3318 ἁγίου
230 3237 356 3320 Ἀνδρέου
383 3241 453 3318 μετὰ
474 3247 528 3301 τῶν
552 3240 580 3300 ἐν
603 3240 675 3320 αύτῷ
698 3241 835 3322 παροίκων
859 3237 905 3301 καί
928 3241 1071 3317 σίμπελίων
1093 3241 1141 3301 καί
1163 3246 1212 3317 τῆς
1235 3261 1350 3321 προστε-

58 3357 144 3436 θείσης
167 3361 268 3442 ἀρτίως
289 3369 343 3440 γῆς
358 3363 576 3442 Βλσχοκστούνα
597 3364 615 3437 ἡ
640 3363 824 3443 ἐπιλεγομένη
843 3363 1052 3442 Πρακτικὰτουζ.
1079 3363 1180 3444 χωρίον
1202 3365 1220 3437 ἡ
1237 3364 1256 3422 Γ
1257 3365 1350 3444 σρισίνη

59 3481 124 3550 μετὰ
145 3489 202 3543 τῶν
227 3483 255 3542 ἐν
280 3483 351 3562 αύτῷ
374 3484 542 3559 μυλσθεσίων
564 3483 611 3544 καὶ
635 3480 788 3561 ἁμπελίων.
825 3483 863 3557 εἰς
885 3487 934 3561 τὴν
957 3486 1057 3562 λίμνην
1080 3489 1125 3545 τού
1149 3486 1261 3566 Ἐζερσύ
1283 3507 1350 3545 σαν-

60 3597 138 3662 δαλια
169 3604 218 3664 δύο
246 3605 315 3680 μετὰ
338 3603 385 3664 καὶ
408 3605 509 3666 ἀλιέων
533 3605 589 3666 δύο.
626 3607 753 3684 μετέχιον
777 3605 816 3678 εἰς
838 3607 925 3683 ὄνομα
954 3611 1108 3684 τιμώμενον
1129 3613 1175 3668 τού
1198 3607 1276 3686 ἁγίου
1299 3629 1351 3684 μου

59 3725 303 3808 μεγαλομὰριυρος
325 3727 480 3808 Δημητρίου
511 3728 538 3786 ἐν
567 3726 606 3807 τῷ
636 3729 733 3804 θέματι
759 3726 908 3804 Βουναίνης
938 3729 1109 3806 διακείμενον
1138 3731 1208 3804 μετὰ
1237 3735 1290 3790 τῶν
1322 3730 1350 3788 ἐν
1458 3730 1459 3734 ’

60 3844 125 3924 αύτῷ
154 3849 305 3928 παροίκων,
335 3849 413 3909 ἀλλὰ
443 3849 478 3924 δὴ
508 3847 554 3910 καί
584 3855 637 3910 τῶν
667 3847 811 3926 ἁμπελίων
841 3849 888 3910 καὶ
916 3850 1094 3926 μυλοθεσίων.
1129 3853 1169 3912 ἔτι
1191 3873 1221 3910 τε
1244 3849 1282 3923 εἰς
1304 3853 1350 3910 τθν

61 3966 133 4028 τύπον
161 3975 209 4030 τού
234 3969 368 4050 Ἁλμυρσύ
397 3971 497 4050 χωρίον
528 3973 546 4047 ἡ
574 3972 714 4052 Μαγούλα
743 3970 790 4031 καί
820 3971 844 4032 οἱ
871 3974 1045 4053 Σιμισαριὶτοι
1071 3973 1218 4051 λεγόμενοι
1246 3973 1290 4032 οἰιν
1316 3980 1349 4056 τῇ

62 4084 142 4151 ἐκεῖσε
166 4097 205 4173 γῇ
228 4097 281 4152 τῶν
305 4091 477 4170 Αεβαχὰτων
499 4091 545 4153 καί
569 4090 749 4174 Τσρωνοίτων.
778 4095 796 4154 ἁ
819 4091 852 4169 δὴ
874 4096 964 4154 πάντα
985 4091 1097 4167 καθέξει
1119 4092 1283 4174 ἡείρημένη
1299 4117 1348 4155 σε·
1394 4075 1398 4083 ’

62 4207 157 4287 βασμία
188 4215 259 4289 μονὴ
287 4219 336 4289 τῆς
365 4213 572 4296 πανυπερσίγνου
602 4213 746 4292 δεσποίνης
768 4213 814 4275 καί
845 4217 1011 4296 θεομήτορος
1032 4224 1082 4292 τῆς
1106 4216 1257 4293 Ἐλεούσης
1278 4218 1349 4277 κατὰ

63 4325 212 4396 δεσποτείαν
234 4333 281 4396 καί
302 4335 389 4412 νομὴν
412 4335 598 4418 ἀναφαίρετον,
622 4337 660 4408 ὡς
682 4337 752 4398 κατὰ
775 4339 858 4420 μέρος
881 4337 1114 4414 διαλαμβάνοντα
1138 4339 1166 4398 έν
1185 4341 1242 4410 τοῖς
1260 4359 1348 4418 γεγο-

61 4453 124 4516 νόσιν
154 4455 198 4518 ἐπ’
216 4457 306 4529 ούτοίς
335 4461 502 4539 πρακτικοῖς,
534 4459 573 4518 ἔτι
603 4457 634 4518 δέ
665 4458 713 4518 καί
742 4461 779 4531 ὡς
808 4461 1052 4540 προσεκυρίιθησαν
1078 4458 1126 4520 καὶ
1146 4462 1348 4540 προσετέθησαν

63 4577 133 4661 tos-'tn
154 4579 230 4660 παρὰ
252 4585 303 4656 τῆς
322 4579 517 4660 διαληφθείσης
533 4581 645 4660 συζύγου
660 4585 707 4641 τού
722 4580 897 4656 δηλωθέντος
911 4581 1170 4662 σεβαστοκράτσρος,
1197 4581 1243 4642 καί
1258 4603 1346 4660 νεμη-

63 4693 162 4772 θηστται
194 4701 262 4762 αύτίι
291 4701 475 4782 ἀνενὰχλητα,
508 4702 664 4762 ἁδισίσειστὰ
686 4723 716 4770 τε
738 4701 785 4762 καὶ
808 4704 1002 4764 σίναπύσπαοτα
1026 4701 1064 4774 εἰς
1087 4705 1192 4764 ἅπαντα
1214 4705 1259 4764 τδν
1282 4701 1347 4781 ἑξῆς
