3166 5298
251 335 313 404 100

248 537 331 593 ταῦτα
354 528 422 618 [καί]
438 534 585 608 νεμόμενοι
610 533 693 612 μέχρι
714 533 760 592 τοῖν
775 533 828 605 νῦν,
854 530 924 590 κατά
940 537 1028 591 πᾶσαν
1044 528 1171 608 δηλονέτι
1186 530 1233 607 τὴν
1249 526 1325 610 ἰσχίνν
1340 528 1387 592 καὶ
1401 529 1537 612 περίληψιν

250 661 303 714 τῶν
329 653 480 736 εἰρημένων
503 653 718 737 χρυσοβούλλων
740 653 787 714 καί
809 657 1024 735 προσταγμάτων
1047 652 1094 714 καὶ
1115 653 1218 714 λοιπῶν
1242 653 1447 728 δικαιωμάτων·
1476 675 1538 712 κοιτ-

251 779 335 857 έχωσι
364 777 395 838 δέ
427 778 472 838 σύν
501 778 604 850 τούτοις
633 775 750 852 κοίτην
773 783 826 855 γῆν
848 777 896 854 τίην
920 777 1095 852 διακειμένην
1117 775 1177 856 περὶ
1200 777 1231 836 τδ
1254 777 1384 856 μετάχιον
1407 777 1492 836 αάτιῖν
1512 777 1537 835 τὶ

249 899 289 971 εἰς
320 901 406 978 ὄνομα
429 896 582 976 τιμώμενον
604 903 650 960 τοῦ
674 905 794 980 σωτῆρος
816 901 931 978 Χριστοῦ
953 903 999 959 τοῦ
1023 899 1151 973 ἀληθινοῦ
1174 901 1236 960 θεοῦ
1258 897 1304 958 καὶ
1328 899 1538 975 ἐπικεκλημένον

248 1027 295 1083 τοῦ
308 1023 517 1100 Γασταλέγκους
526 1023 559 1102 1)‚
575 1025 667 1098 ἥντινα
683 1022 717 1098 δὴ
733 1028 785 1102 γῆν
803 1018 950 1095 ἀνεδέξατο
965 1020 1012 1082 καί
1027 1025 1156 1100 κατεῖχεν
1169 1021 1257 1082 ἐκεῖσε
1273 1023 1459 1099 δΜετοχίτης
1473 1025 1539 1101 κῦρις

249 1144 405 1226 Θεόδωρος,
435 1146 601 1225 εὐηργέτησε
625 1146 656 1206 δὲ
682 1145 780 1220 ταύτην
807 1147 966 1225 προσφάτως
995 1143 1040 1204 διὰ
1066 1145 1275 1224 προστάγματος
1297 1145 1315 1219 ἡ
1343 1145 1473 1220 βασιλεία
1494 1165 1538 1219 μον

248 1265 289 1339 εἰς
310 1269 341 1327 τ“ο
363 1273 481 1328 τοιοῦτον
505 1269 648 1346 μετέχιον·
673 1266 850 1346 διατηρῶνται
873 1265 905 1326 δέ
927 1265 974 1327 καὶ
996 1266 1030 1326 τὰ
1052 1265 1183 1348 εἰρημένα
1204 1269 1332 1342 κιηματα
1350 1267 1538 1328 τῶντοιούτων

248 1395 338 1465 μονῶν
361 1389 407 1450 καὶ
430 1391 483 1450 ἀπδ
506 1394 595 1467 πάσης
618 1390 669 1466 μὲν
691 1389 785 1462 άλλης
808 1389 938 1470 ἐπηρείας
952 1386 999 1448 καί
1016 1389 1186 1466 δημοσιακῆς
1201 1388 1407 1467 διενοχλήσεως
1423 1389 1538 1468 ἀνώτερα

247 1509 293 1571 καὶ
317 1511 516 1592 ἀκαταζήτητα,
539 1515 592 1572 κάν
614 1513 680 1572 ὅπου
703 1512 758 1592 ἄρα
778 1511 826 1572 καὶ
850 1511 1033 1592 εύρίσκωνται,
1058 1511 1136 1572 ἀλλὰ
1159 1511 1193 1588 δὴ
1216 1509 1263 1572 καί
1280 1509 1311 1586 ἐξ
1328 1513 1411 1586 ουἰτῆς
1426 1517 1475 1588 τῆς
1490 1512 1538 1571 ἀπ-

249 1636 382 1710 αιτήσεως
405 1641 457 1695 τῶν
482 1634 656 1710 δημοσιακιῖιν
672 1633 830 1714 κεφαλαίων
850 1639 899 1710 τῆς
913 1633 1063 1716 σιταρκίας,
1085 1633 1253 1722 τηςιδρικῖρς,
1276 1639 1327 1709 τῆς
1341 1633 1539 1715 καοτροκτισίας

246 1754 293 1815 καί
316 1760 362 1816 τοῦ
388 1757 519 1836 ἐννομίου,
544 1759 582 1828 ὡς
605 1747 823 1832 διαλαμβάνεται
845 1755 893 1817 καὶ
914 1755 976 1838 περὶ
997 1758 1090 1818 τούτου
1114 1757 1143 1817 ἐν
1162 1760 1218 1829 τοῖς
1232 1758 1429 1838 προγεγονόσιν
1446 1758 1537 1834 αὺτοῖς,

245 1879 337 1951 καθὼς
360 1878 473 1959 εἴρηται,
496 1879 723 1960 χρυσοβούλλοις,
745 1877 793 1939 καί
815 1881 908 1950 καθὼς
931 1878 1128 1958 διετηρήθησαν
1150 1883 1233 1938 ταῦτα
1251 1881 1333 1960 μέχρι
1350 1883 1396 1940 τοῦ
1412 1883 1472 1940 νῦν·
1495 1880 1538 1952 τὴν

245 2002 370 2075 τοιαύτην
393 2003 501 2078 ζήτησιν
524 2001 571 2061 καὶ
592 2003 766 2082 παράκλησιν
789 2006 841 2060 τῶν
866 1999 1017 2080 εἰρημένων
1041 2007 1171 2079 μοναχῶν
1194 2003 1317 2076 εἰνμενῶς
1332 2001 1536 2081 προσδεξαμένη

245 2125 263 2198 ἡ
294 2123 421 2198 βασιλεία
453 2144 504 2200 μου
534 2121 581 2184 καί
610 2126 655 2184 τδν
682 2125 803 2205 παρέντα
831 2123 1041 2204 χρυσέβουλλον
1063 2124 1150 2203 λέγον
1173 2123 1335 2202 ἐπιχορηγεῖ
1355 2121 1403 2184 καὶ
1428 2123 1538 2203 ἐπιβρα-

246 2242 351 2329 βεύειί)
374 2248 433 2318 ταῖς
454 2244 515 2306 κατ’
529 2246 622 2316 αύτούς
645 2246 797 2319 τοικαύταις
819 2246 981 2322 σεβασμίαις
1004 2250 1109 2324 μοναῖς,
1139 2246 1174 2306 δι’
1190 2241 1220 2308 ού
1243 2246 1290 2307 καὶ
1312 2249 1477 2327 προστάσσει
1497 2243 1537 2304 καὶ

246 2368 390 2447 διορίζεται
413 2368 579 2449 εὑρίσκεσθαι
603 2368 653 2444 μὲν
676 2367 723 2428 καί
746 2366 785 2441 εἰς
807 2370 837 2428 τ“ο
861 2367 927 2444 ἑξῆς
949 2369 998 2441 τάς
1020 2370 1144 2441 τοιαύτας
1167 2369 1254 2444 μονάς
1267 2369 1415 2444 ἡνωμένας
1430 2367 1478 2428 καί
1492 2367 1536 2425 ύπδ

244 2491 290 2550 τδν
313 2491 392 2550 αῦτδν
414 2489 461 2550 καὶ
484 2493 532 2550 ἕνα
554 2491 771 2572 καθηγούμενον,
795 2492 887 2564 καθὼς
910 2490 990 2564 ἔταξε
1012 2490 1059 2551 καί
1075 2491 1257 2552 διετυπώσατο
1273 2493 1288 2550 ὁ
1305 2488 1445 2567 δηλωθείς
1459 2485 1536 2570 ἱερώ-

245 2633 325 2684 τατος
348 2611 551 2691 μητροπολῖτης
573 2615 679 2692 Ζιχνιῖνν
702 2611 750 2673 καὶ
772 2613 925 2693 ύπέρτιμος,
954 2612 1061 2689 καὶμὴ
1084 2613 1282 2694 εύρίσκειντδν
1305 2613 1451 2688 μέλλοντα
1471 2633 1535 2692 προ·
1572 2653 1573 2660 ι

244 2728 366 2794 ἵστασθαι
389 2732 428 2806 εἰς
451 2735 533 2807 αῦτάς
557 2734 609 2794 ἀπδ
631 2740 677 2796 τοῦ
691 2736 763 2796 κατὰ
777 2735 886 2815 καιρούς
903 2736 1092 2815 εὑρισκομένου
1108 2735 1253 2817 ἱερωτάτου
1269 2735 1422 2815 ἀρχιερέως
1438 2735 1479 2808 εἰς
1494 2735 1535 2808 την
1572 2803 1573 2810 γ

246 2857 413 2938 μητρόπολιν
434 2863 488 2917 τῶν
504 2859 612 2938 Σερρῶν
636 2858 809 2936 διενόχλησῖν
830 2878 889 2918 τινα
908 2855 955 2918 καὶ
971 2858 1139 2937 διασεισμέν,
1162 2857 1235 2935 πλὴν
1252 2861 1335 2934 μάνου
1350 2861 1396 2918 τοῦ
1413 2858 1535 2932 συνήθους
1572 2853 1573 2912 ί

245 2981 417 3055 μνημοσύνον
440 2981 518 3040 αυτοῦ
541 2977 588 3040 καὶ
610 2984 655 3040 τοῦ
677 2983 844 3057 τεταγμένου
866 2984 1022 3060 κακονικοῦ,
1045 2979 1137 3052 καθὼς
1159 2978 1207 3040 καί
1228 2977 1291 3060 περὶ
1305 2981 1397 3040 τούτου
1415 2980 1535 3055 διαλαμ·
1572 2973 1573 3016 ³

245 3102 354 3174 βάνεται
378 3103 407 3161 ἐν
431 3105 485 3174 τοῖς
508 3103 610 3181 ῥηθεῖσι
632 3102 856 3184 χρυσαβούλλοις,
880 3103 1007 3180 κατέχειν
1031 3101 1061 3161 δὲ
1083 3099 1130 3162 καὶ
1146 3099 1186 3174 εἰς
1200 3103 1231 3161 τδ
1247 3098 1312 3180 ἑξῆς
1328 3101 1377 3174 τὰς
1393 3099 1535 3182 εἰρημένοις

244 3223 330 3298 μονάς
354 3223 393 3295 εἰς
415 3224 591 3304 ἀναφαίρετον
614 3224 772 3285 δεσποτείαν
794 3222 841 3285 καὶ
863 3227 1006 3303 κυριότητα
1026 3224 1239 3295 ἀναποσπάστως
1253 3245 1284 3284 τε
1299 3217 1347 3284 καί
1361 3223 1533 3294 ἀδιασεῖστως
1572 3269 1573 3278 ,

243 3348 330 3406 πάντα
351 3347 386 3405 τὰ
406 3347 483 3419 ἐντὀς
497 3344 545 3407 καί
559 3347 593 3406 τά
609 3347 687 3418 ἐκτίνς
703 3354 752 3423 τῆς
767 3349 917 3408 θεοσώστου
933 3348 1044 3420 πόλεως
1059 3353 1112 3407 τῶν
1128 3347 1236 3427 Σερρῶν
1251 3347 1385 3426 προσέντα
1400 3350 1534 3423 κτήματα,

184 3533 186 3539 ¹
244 3468 360 3546 μετάχιά
381 3489 411 3527 τε
434 3467 481 3528 καὶ
495 3471 642 3548 προάστεια
656 3467 702 3528 καὶ
718 3469 803 3530 λοιπά
818 3467 996 3549 εἰσοδηματα,
1020 3468 1099 3530 ἀκαί
1115 3470 1185 3530 κατὰ
1201 3471 1295 3548 μέρος,
1316 3470 1354 3541 ὡς
1370 3469 1533 3544 δεδήλωται

245 3588 477 3664 διαλαμβάνονται
505 3591 611 3660 ἐντοῖς
635 3592 737 3670 ῥηθεῖσι
760 3591 990 3672 χρυσοβοῦλλοις·
1021 3595 1149 3670 κατέχειν
1171 3591 1272 3667 ὁμοίως
1293 3591 1355 3663 τούς
1379 3589 1534 3670 εἰρημένους

244 3711 382 3790 μοναχοίνς
410 3713 605 3790 άνενοχλήτως
634 3712 681 3772 καὶ
703 3713 878 3786 ἀδιασεῖστως
902 3711 948 3774 καὶ
970 3699 1168 3789 τὴνδοθεῖσαν
1191 3716 1281 3784 αὺτοῖς
1303 3717 1464 3794 προσφάτως
1486 3719 1533 3790 γῆν

243 3833 289 3893 διὰ
318 3837 526 3915 προστάγματος
555 3840 604 3909 τῆς
635 3835 776 3909 βασιλείας
807 3857 857 3912 μου
889 3835 928 3908 εἰς
957 3838 988 3896 τδ
1019 3837 1144 3910 δηλωθέν
1177 3839 1305 3915 μετέχιον
1329 3837 1416 3896 αάτῶν
1438 3839 1469 3898 τ“ο
1492 3839 1532 3896 τοῦ

243 3957 448 4036 Γαστελέγκους
470 3957 634 4036 λεγόμενον,
656 3959 750 4032 ἥντινα
773 3957 806 4034 δὴ
828 3966 881 4037 γῆν
904 3959 1014 4040 ἐκράτει
1035 3961 1176 4040 πρότερον,
1199 3961 1292 4031 καθὼς
1316 3959 1430 4039 εἴρηται,
1454 3959 1532 4034 δδη·
1572 4001 1573 4004 ι

241 4077 342 4152 λωθείς
365 4079 531 4159 Μετοχίτης.
567 4081 628 4140 ὅθεν
656 4079 757 4162 καίτῄ
787 4079 856 4159 ’σχύι
883 4079 930 4141 καὶ
959 4081 1073 4156 δυνάμει
1099 4085 1144 4142 τοῦ
1170 4083 1302 4160 παρέντος
1329 4083 1532 4162 χρυσοβοῦλλσυ

241 4203 328 4281 λόγου
350 4208 399 4278 τῆς
422 4202 564 4276 βασιλείας
587 4223 638 4277 μου
660 4199 805 4276 καθέξουσι
827 4203 874 4264 καί
897 4205 1095 4280 νεμηθήσονται
1118 4203 1145 4264 αἰ
1169 4203 1335 4280 δηλωθεῖσαι
1351 4203 1434 4280 μοναὶ
1450 4209 1532 4266 πάντα

240 4329 323 4383 ταῦτα
347 4325 425 4396 ἑκτδς
447 4327 536 4399 πάσης
558 4323 605 4384 καί
626 4325 757 4396 παντοίας
780 4326 951 4401 δημοσιακῆς
975 4326 1104 4406 ἐπηρείας
1126 4325 1173 4386 καὶ
1190 4329 1362 4404 συζητήσεως
1377 4326 1425 4388 καί
1442 4329 1532 4407 ἐτέρας

241 4446 348 4520 ἀπάσης
371 4445 585 4526 διενοχλησεως,
614 4446 708 4521 ἐπειδὴ
732 4446 791 4507 ούτε
814 4452 844 4508 τ“ο
866 4454 916 4524 τῆς
935 4447 1073 4528 οιταρκίας
1089 4449 1239 4526 κεφάλαιον
1256 4450 1468 4526 ἀπαιτηθήσεται
1483 4448 1531 4507 άπδ

346 4709 365 4772 ¹)
385 4703 557 4770 Γασταλάγκυυ
577 4707 602 4758 S.
674 4707 695 4772 ²)
715 4705 894 4776 ἐπιβραβεύεται
913 4709 938 4760 S.
