3208 5310
1287 387 1326 450 61

54 576 84 650 είς
102 577 144 652 τὴν
165 577 327 640 τσποθεσίαν
350 582 396 638 τοῦ
412 575 508 639 Σκίνσυ
529 577 647 654 πλησίον
662 579 800 660 χωραρίσυ
816 583 862 640 τοῦ
877 579 1054 661 Κλωναράκη
1071 579 1163 655 μοδίου
1176 580 1213 642 α’.
1237 583 1329 662 ἕτερον

52 697 169 780 χωρέριον
191 702 223 760 τ“ο
248 700 302 761 άτιδ
319 700 451 782 Ἀνδρέου
472 705 519 761 τοῦ
536 701 729 782 Ἀποδρθγγυυ,
752 701 783 760 τδ
805 705 965 782 προάστειον
987 709 1037 778 τῆς
1053 703 1175 783 Ἄβῦδου,
1199 705 1260 764 ὅσον
1282 703 1329 764 καὶ

52 815 95 879 οῗάν
114 821 191 883 ἐστιν.
223 825 317 903 ἕτερον
346 825 485 903 χωράριον
514 824 545 882 τθ
575 823 628 882 ἀπὸ
651 823 771 901 Μιχαὴλ
793 822 849 884 υίοῦ
871 828 917 883 τοῦ
940 825 1059 897 Λέοντος
1081 829 1126 884 τοῦ
1148 825 1296 905 Κουρδάκη
1307 823 1329 908 1)

51 945 73 1000 τί
92 943 116 1001 δν
135 963 163 1002 τε
185 942 234 1004 καί
259 943 433 1020 διακείμενον
458 942 497 1016 είς
519 944 568 1018 τἠν
592 943 697 1024 ἐνορίαν
720 949 770 1020 τῆς
786 944 951 1026 Ὀροιιλείας
973 943 1014 1016 είς
1035 945 1084 1021 τὴν
1106 947 1264 1006 τοποθεσίαν
1279 947 1328 1023 τὴν

52 1065 188 1143 λεγομένην
211 1065 392 1142 Πηπηλιάναν
420 1067 452 1126 τδ
482 1066 680 1144 ἐπιλεγόμενον
708 1070 754 1126 τοῦ
776 1067 939 1147 Χαμορικέα
968 1069 999 1126 ιδ
1024 1068 1146 1128 κάτωθεν
1168 1073 1214 1128 τοῦ
1237 1069 1329 1145 Δῦμου

50 1187 72 1244 τὲ
97 1187 298 1264 πιμπλησιοίζον
319 1207 349 1246 τε
372 1187 424 1248 ἀπὸ
446 1189 477 1248 τ“ο
498 1189 624 1268 πέραμαν
646 1192 692 1248 τοῦ
716 1188 860 1264 βασιλικοῦ
883 1187 993 1268 δρόμου,
1018 1189 1110 1259 καθὼς
1133 1183 1273 1264 ἀναβαίνει
1295 1192 1326 1249 τδ

50 1308 106 1366 κατὰ
124 1309 202 1388 ῥάχιν
224 1315 277 1385 τῆς
301 1310 418 1390 ἀρχαίας
440 1308 505 1369 ὁδοῦ
526 1308 574 1370 καί
596 1311 689 1382 καθὼς
712 1309 821 1389 ἔρχεται
845 1309 899 1370 άπδ
913 1315 964 1386 τῆς
980 1308 1075 1386 οἰκίας,
1100 1309 1196 1391 τρίτον,
1219 1313 1250 1370 τθ
1265 1311 1329 1372 ἀνα-

50 1429 139 1488 τολικίν
160 1433 248 1512 μέρος
271 1431 373 1507 μοδίων
389 1430 427 1510 γ’,
450 1433 481 1491 τδ
504 1427 535 1504 ἐξ
558 1431 660 1512 ἀγορᾶς
683 1431 737 1491 ἀπθ
753 1431 878 1512 Σεργίου,
902 1431 1042 1493 Νικολάου
1063 1431 1110 1492 καὶ
1126 1433 1329 1493 Κωνοταντίνου

50 1557 91 1608 τῦν
111 1552 256 1630 Προρητῶν
284 1551 325 1624 είς
350 1554 397 1612 τὸν
423 1555 533 1628 κάμινον
559 1554 590 1612 τδ
617 1552 781 1613 άνατολικδν
809 1555 893 1634 μέρος
914 1557 959 1612 τοῦ
982 1558 1048 1613 ναοῦ
1064 1557 1115 1614 τοῦ
1137 1553 1228 1636 κυρίου
1249 1557 1329 1631 ἡμῶν

51 1668 125 1746 Ἰησοῦ
139 1674 255 1754 Χριστοῦ
278 1677 325 1734 τοῦ
348 1675 377 1734 ἐν
399 1672 472 1752 αυτῷ
494 1673 647 1754 ἱδρυμένου,
672 1676 735 1734 ὅσον
758 1673 804 1734 καί
828 1668 883 1734 οἷόν
907 1674 972 1754 ἐστι,
995 1675 1041 1734 σὺν
1058 1673 1105 1734 καὶ
1120 1681 1166 1735 τοῦ
1180 1675 1329 1756 περιβόλου

50 1795 118 1873 μέρος
136 1797 165 1855 τδ
188 1799 275 1871 μέσον
299 1797 531 1876 έπιλαγχάνοντα.
561 1797 654 1876 ἕτερον
676 1799 814 1877 χωράφιον
836 1797 867 1856 τθ
890 1796 943 1856 άπθ
967 1794 1112 1877 Θεοδώρου
1136 1799 1276 1878 Προρήτου
1298 1799 1329 1858 τθ

49 1919 84 1973 τοῦ
97 1917 250 1998 Κορυδάκη,
275 1919 341 1998 ὅπερ
366 1919 469 1996 ἔχομεν
490 1921 520 1977 δν
544 1915 583 1992 είς
605 1920 651 1978 τθν
671 1921 822 1978 πάνσεπτον
839 1911 926 2002 [ναῦν]
941 1923 987 1978 τοῦ
1007 1925 1129 1999 σωτῆρος
1143 1922 1222 1994 ἡμῶν
1240 1921 1328 1995 Ἰησοῦ

50 2037 146 2116 Χριστοῦ
174 2039 267 2118 ἐντῷ
291 2037 374 2118 δεξιῷ
397 2041 474 2120 μέρει
498 2039 600 2116 μοδίων
616 2039 652 2115 β’.
685 2042 777 2120 ἕτερον
800 2038 840 2112 είς
862 2041 911 2115 τὴν
933 2039 1092 2100 τοποθεσίαι
1115 2047 1168 2098 τῶν
1190 2041 1327 2121 Κορωνῶν

50 2160 71 2216 ·.':
96 2161 205 2234 πλησίον
235 2166 285 2222 τοῦ
315 2162 458 2236 βασιλικοῦ
479 2161 615 2241 πηγαδίου
646 2161 692 2223 καί
714 2162 854 2243 χωραρίου
876 2165 922 2221 τοῦ
945 2163 1066 2222 κάτωθεν
1088 2165 1135 2221 τοῦ
1156 2163 1259 2242 χωρίου
1280 2161 1327 2221 καί

49 2280 144 2355 πλησίον
165 2284 305 2358 ἀμπελίου
327 2289 373 2344 τοῦ
388 2285 563 2364 Μαλακινοῦ,
586 2287 653 2364 ὅπερ
675 2283 723 2344 καί
746 2285 824 2344 αὐτόν
848 2285 902 2344 ἐστι
926 2283 1017 2364 δωρεὰ
1040 2283 1085 2342 ἀπ’
1096 2285 1175 2343 αὺτοῦ
1197 2287 1243 2344 τοῦ
1259 2284 1327 2342 Μα-

49 2401 150 2486 λιιινοῦ,
172 2407 236 2466 ὅσον
259 2404 308 2466 καὶ
331 2399 387 2466 οἷόν
412 2407 490 2468 ἐστιν.
515 2409 608 2487 ἕτερον
630 2409 769 2487 χωράριον
793 2407 823 2464 τδ
846 2405 899 2466 άπδ
915 2404 1035 2482 Μιχαὴλ
1057 2409 1102 2464 τοῦ
1118 2404 1275 2480 Λιβαθηνοῦ
1297 2405 1327 2466 τδ

49 2523 136 2584 ίπωθεν
157 2531 205 2604 τῆς
227 2530 339 2606 κόγχης
360 2532 407 2588 τοῦ
429 2529 506 2606 άγίου
522 2525 726 2588 Κωνσταντίνου
749 2523 802 2586 ἀπο
825 2528 854 2586 τδ
877 2527 980 2610 καμίνι,
1003 2524 1050 2586 καὶ
1073 2525 1213 2600 ἀναβαίνει
1234 2527 1326 2604 ἡπα-

49 2644 102 2704 λοιί
120 2648 197 2709 λιθία
219 2648 269 2710 καί
297 2649 420 2710 ἀποδιδει
444 2651 526 2730 μέχρι
548 2653 594 2708 τοῦ
611 2647 761 2709 Βοιωακίου
784 2653 829 2707 τοῦ
853 2649 959 2707 δυσικοῦ
983 2649 1083 2728 μέρους
1106 2653 1155 2723 τῆς
1177 2647 1328 2723 ἐκκλησίας

49 2765 84 2824 καὶ
108 2769 196 2842 καθὼς
226 2771 380 2852 ἀπέρχεται
409 2771 587 2848 ἠέκκληοία
613 2768 660 2829 καί
687 2771 717 2830 ιδ
744 2769 815 2828 κατὰ
845 2769 924 2848 βάχιν
952 2771 1035 2849 μέχρι
1056 2773 1103 2828 τοῦ
1125 2770 1257 2845 Λαρνάκη
1280 2767 1328 2828 καὶ

49 2889 186 2960 καταβαίνει
209 2894 296 2972 μέχρι
317 2897 364 2952 τοῦ
385 2897 508 2966 ποταμοῦ
531 2889 577 2951 καὶ
601 2891 740 2970 ουγκλείει
757 2893 839 2970 μέχρι
854 2895 901 2949 τοῦ
915 2889 1041 2970 καμίνου,
1058 2889 1160 2964 μοδίων
1172 2886 1209 2967 γ’.
1234 2892 1326 2970 ἕτερον

49 3015 164 3089 γωράρισν
193 3015 223 3073 ιδ
255 3014 310 3074 ἀπὸ
334 2981 474 3094 Προρήτσυ
503 3019 549 3074 τοῦ
576 3013 720 3073 ίίολσπόδι
751 3009 790 3083 εἰς
820 3013 868 3087 τὴν
895 3011 1027 3091 περιοχὴν
1053 3015 1100 3072 τοῦ
1122 3010 1326 3091 Ἀριστοφάντου

50 3131 71 3187 τί
88 3127 195 3210 πλησίον
217 3141 270 3211 τῆς
292 3135 383 3213 ρυτίας
405 3139 452 3194 τοῦ
474 3133 665 3214 Χαλκωματᾶ,
689 3135 752 3194 ὅσον
774 3129 822 3193 καὶ
845 3125 900 3192 οίέν
923 3133 988 3192 ἐστι.
1013 3134 1106 3212 ἕτερον
1126 3133 1157 3191 τῦ
1177 3133 1230 3191 ἀπὸ
1246 3133 1324 3212 ἀριε-

51 3247 139 3326 Ιτίσεως
163 3261 208 3316 τοῦ
235 3255 446 3337 Παρδολέοντος
469 3255 509 3328 είς
530 3255 579 3331 τὴν
604 3256 766 3332 ίίηιηλιάνα
789 3252 828 3324 είς
850 3253 899 3328 πίγν
922 3252 1003 3332 ἁγίαν
1027 3251 1208 3333 Παρασκευὴν
1231 3251 1325 3328 μοδίου

51 3370 75 3432 ι’.
96 3375 177 3456 ἕτερον
199 3379 341 3457 χωράριον
363 3377 394 3436 τδ
416 3377 469 3437 οἰιτθ
485 3377 625 3436 Νικολάου
648 3375 694 3437 καὶ
710 3377 847 3455 Στερσίνου
869 3379 915 3434 τοῦ
935 3373 1104 3453 αῦταδέλρου
1121 3369 1224 3460 [αὺτοῦ]
1241 3375 1325 3452 ἤγουν

50 3494 95 3564 τοῦς
114 3498 303 3578 Ἀνδριανάδες
329 3501 359 3558 τῦ
387 3499 585 3576 ἐπιλεγόμενον
607 3503 653 3558 τοῦ
676 3497 898 3577 Κοκκοδρυλέου,
929 3497 959 3556 τδ
983 3494 1097 3572 πλησίον
1124 3495 1172 3556 καὶ
1194 3497 1326 3574 οτίνεγγυς

51 3621 87 3688 τίς
105 3618 197 3698 βρῦσης
221 3619 320 3696 μοδίου
335 3618 372 3680 α’.
404 3621 497 3700 ἕτερον
519 3622 658 3698 χωράριον
681 3624 730 3694 τῆς
753 3620 862 3690 Φάνιας
885 3615 987 3693 μοδίων
1002 3616 1044 3691 ς’.
1073 3619 1165 3697 ἕτερον
1187 3623 1241 3676 τῶν
1264 3618 1325 3676 Κο-

52 3745 124 3812 ρυνῦν
146 3745 191 3802 τοῦ
220 3740 387 3822 Περιβάλου,
417 3743 480 3800 ὅσον
507 3739 554 3800 καί
581 3733 635 3798 οίῦν
666 3740 744 3799 ἐστιν.
770 3741 862 3819 ἕτερον
884 3737 931 3798 καὶ
953 3740 1034 3798 αθτδν
1055 3745 1110 3798 τῶν
1133 3739 1271 3819 Κορωνῶν
1295 3739 1326 3798 τθ

52 3857 143 3932 ’πλησίον
164 3863 306 3943 χωραρίου
327 3869 382 3922 τῶν
405 3861 559 3940 Ῥηγηνίων
583 3859 677 3937 μοδίου
693 3863 730 3923 α’.
756 3863 848 3941 ἕτερον
870 3863 1007 3941 χωράριον
1030 3866 1083 3920 τῶν
1105 3861 1246 3931 Πιζοῦλων
1270 3881 1325 3936 μο-

53 3976 101 4036 δίων
114 3981 145 4055 β’.
179 3986 274 4065 ἕτερον
301 3986 440 4064 χωράριον
468 3989 520 4042 τῶν
545 3983 707 4042 Πλατανίων
730 3983 814 4063 μέχρι
836 3987 885 4060 τῆς
907 3983 1009 4060 γωνίας
1032 3981 1134 4056 μοδίων
1149 3981 1186 4060 γ’.
1220 3981 1326 4058 ἀμπέλι

52 4104 88 4172 Τίς
105 4102 274 4187 Ἀρακίστρας
297 4105 391 4180 μοδίου
408 4104 444 4166 α’.
473 4105 568 4184 ,ἕτερον
590 4104 695 4180 ἀμπέλι
718 4110 772 4163 τῶν
794 4103 958 4179 Καμπάδων
982 4101 1075 4178 μοδίου
1091 4103 1127 4164 α’.
1153 4104 1244 4183 ἕτερον
1267 4097 1325 4178 άμι

52 4221 101 4281 τέλι
119 4232 162 4302 τῆς
185 4229 301 4308 Κορέας
323 4225 426 4302 μοδίων
442 4225 479 4304 γ’.
504 4227 597 4304 ἕτερον
620 4226 724 4301 ἀμπέλι
746 4228 793 4284 τοῦ
816 4223 985 4296 Πλατανέως
1013 4224 1108 4297 μοδίου
1124 4222 1161 4284 α’.
1184 4226 1203 4302 ἡ
1224 4225 1325 4284 τοῦτων

53 4349 211 4428 γηχωράρια
234 4349 337 4424 μοδίων
361 4345 449 4428 ρπγ’,
477 4347 601 4424 ἀμπέλια
624 4345 726 4422 μοδίων
749 4343 781 4418 ἓξ
803 4345 850 4405 καὶ
872 4347 998 4425 χωράρια
1021 4345 1229 4423 οἰμοθισλθγητα
1250 4365 1325 4421 κομ-

54 4481 118 4531 ma
131 4467 184 4544 ις’.
1285 4477 1288 4482 ’

55 4617 233 4637 “Q—n-

136 4729 154 4795 ¹)
172 4731 226 4782 Aut
245 4725 385 4798 Μουρδάκη.
404 4727 549 4780 Incertum.
