3166 5298
257 576 349 640 XVI.
374 575 599 658 6854-1345,
624 597 734 641 mense
758 576 890 660 octobri,
913 576 979 640 ind.
1004 575 1096 640 XIV.

50 759 99 812 Ηατ
114 757 262 830 διορίσατε
278 760 378 814 Βυίαιι
393 759 533 830 ουιιμθττιιαί
548 761 757 830 conjunctionem
768 761 992 819 monasteriorum
1008 759 1037 814 S.
1052 760 1163 814 Ιοαιιιιίι
1179 759 1325 829 Baptistae

48 865 70 916 ῦι
86 869 164 918 monte
183 865 324 918 Μαιοτοεο
347 870 371 919 et
393 863 421 919 S.
444 865 556 919 Ιοαιιτιίτ
576 865 604 918 ιἰι
623 865 689 918 ταῦτ
710 862 799 919 Serv-te
819 871 844 918 et
863 881 954 919 eorum
969 865 1158 935 ροεεαιιοιιεο,
1174 863 1323 934 privilegia

558 977 582 1024 et
598 969 790 1024 immunitates.

136 1175 151 1246 †
168 1169 246 1230 Ἐτεὶ
268 1172 284 1230 δ
306 1171 451 1251 ἱερώτατος
467 1173 669 1252 μητροπολίπης
685 1173 792 1249 Ζιχνῶν
807 1169 854 1230 καί
868 1172 1013 1251 ύπέρτιμος
1029 1171 1143 1248 ἐκεῖνος,
1167 1175 1242 1251 κῦρις
1258 1170 1322 1230 Ἰω-

51 1292 127 1371 ακείμς
150 1293 194 1352 διὰ
215 1294 265 1368 τήν
289 1294 399 1354 ἐνοῦσαν
422 1293 495 1372 αύτῷ
516 1295 648 1374 πατρικήν
671 1292 718 1353 καί
738 1295 883 1374 θεάρεστον
898 1293 1040 1353 πολιτείαν
1055 1314 1085 1354 τε
1100 1293 1147 1354 καί
1162 1295 1323 1354 κατάστασιν

50 1415 192 1491 ἐτεμελήθη
215 1417 287 1491 μετὰ
308 1417 499 1497 άρχιεραπκοῦ
521 1415 568 1476 καί
589 1420 770 1492 πνευματικοῦ
792 1416 878 1490 ζήλου
900 1414 947 1475 καί
969 1418 1148 1490 συνεστήσατο
1169 1414 1323 1489 ἐξοίιιείων

48 1539 124 1596 τύπων
148 1536 194 1597 καὶ
221 1537 413 1614 ἀναλωμάτων
441 1539 474 1598 ἐκ
496 1539 604 1618 βάθρων
632 1540 798 1618 μοναστήρια
820 1533 882 1618 περί
905 1557 933 1596 τε
955 1540 986 1598 τδ
1008 1537 1072 1618 δρος
1094 1541 1140 1599 τοῦ
1162 1539 1324 1610 Μενοικέως

47 1657 85 1718 καὶ
108 1659 178 1732 ἐντὀς
204 1667 255 1737 τῆς
282 1662 433 1721 θεοσιίιστου
459 1660 569 1733 πόλεως
592 1661 700 1741 Σερριῖιν
732 1661 774 1720 ἐπ’
786 1661 898 1736 δνύματι
923 1660 971 1720 καί
997 1661 1138 1742 ἀμφίτερα
1163 1665 1210 1722 τοῦ
1235 1661 1323 1737 τιμίου

46 1786 163 1860 προρήτου
187 1783 348 1863 Προδρύμσυ
375 1783 422 1844 καί
444 1785 594 1845 Βατττιστοῦ
620 1785 787 1860 τετιμημένοι
811 1784 946 1864 Ἰωάννου,
977 1785 1047 1844 ὥστε
1077 1784 1214 1844 διατελεῖν
1239 1787 1323 1844 ταῦτα

46 1903 158 1980 ἡνωμένα
178 1905 227 1966 καί
248 1907 290 1986 ὑφ’
303 1905 341 1966 ένὶ
363 1909 508 1986 τυγχάνειν
531 1907 595 1966 ὄντα
617 1907 656 1985 τῷ
677 1908 888 1985 ήγουμενεύσντι
909 1905 957 1966 καί
976 1913 1164 1982 πνευματικῶς
1180 1906 1323 1966 διοικοῦντι

46 2026 84 2086 καὶ
103 2028 257 2089 διευθύνοντι
281 2029 358 2110 αύτά,
380 2024 449 2089 εἶναι
472 2029 504 2090 δὲ
527 2028 574 2090 καὶ
595 2031 625 2090 τδ
649 2030 678 2088 ἐν
700 2035 734 2112 τῇ
757 2029 839 2090 πόλει
853 2029 963 2110 Σερριῦν
986 2030 1036 2089 ύπδ
1058 2028 1097 2108 τῷ
1120 2029 1149 2088 ἐν
1169 2027 1241 2111 τῷί)
1256 2029 1321 2087 Με-

46 2153 141 2224 νοικέως
170 2147 251 2238 [ὄρει]
279 2151 327 2210 καὶ
355 2151 484 2230 μετοχίου
506 2153 592 2230 λόγον
615 2153 690 2230 ἔχειν
713 2151 754 2224 είς
777 2154 850 2232 αύτό,
880 2153 1081 2232 προσετέθησαν
1104 2151 1135 2212 δὲ
1158 2149 1197 2224 εἰς
1224 2152 1322 2223 τούτοις

48 2271 138 2346 δὴτύς
166 2274 254 2349 μονὰς
281 2273 328 2334 διὰ
355 2275 524 2355 προμήθειαν
556 2273 602 2334 καί
632 2273 790 2354 κυβέρνησιν
820 2281 874 2334 τῶν
904 2275 933 2334 ἐν
956 2275 1047 2347 αὺτοῖς
1069 2275 1244 2350 ἀσκουμένων
1267 2294 1321 2350 μο-

46 2402 121 2472 ιτχιῖιν
153 2397 208 2456 ἀπό
242 2417 273 2456 τε
307 2397 440 2477 διαράρων
474 2395 688 2477 χρυσοβούλλων
721 2395 768 2456 καὶ
802 2399 1029 2477 προσταγμάτων,
1064 2396 1257 2478 θτογραρικῶν
1292 2415 1322 2456 τε

47 2518 204 2598 παραδόσεων
231 2517 279 2578 καί
301 2518 398 2579 ἄλλων
426 2518 627 2600 δικαιωμάτων,
661 2517 756 2599 έδραῖα
783 2517 939 2594 τάντηκαὶ
961 2519 1161 2600 ἀμετάτρεπτα,
1192 2518 1267 2593 tet]
1291 2517 1324 2579 ἐκ

10 2701 11 2716 2
46 2637 133 2700 πάντων
158 2639 318 2721 κεφαλαίων
344 2641 391 2702 καὶ
418 2641 591 2716 ἀπαιτήσεων
618 2641 743 2723 ἀνώτερα
768 2639 815 2700 καί
842 2641 1032 2722 ἀνεπηρέαστα
1054 2641 1236 2723 διατηρεῑσθαι
1260 2640 1322 2700 δια-
1357 2675 1363 2688 ·

11 2761 12 2774 ¹
46 2761 193 2842 κελεύονται,
224 2763 370 2824 κάντεῦθεν
391 2761 438 2823 καί
465 2763 650 2843 διατηροῦνται
677 2763 747 2823 ούτω
770 2764 853 2844 μέχρι
880 2767 925 2823 τοῦ
952 2767 1006 2843 νῦν,
1038 2765 1075 2834 ὡς
1098 2763 1131 2823 τθι
1155 2761 1199 2822 ἐπὶ
1219 2763 1322 2835 τούτοις

11 2841 13 2932 ί
46 2885 221 2963 γρνσέβουλλα
250 2883 298 2946 καὶ
330 2883 526 2966 προστάγματα
555 2891 701 2968 παριστῶσι
731 2884 778 2946 καὶ
801 2885 1047 2962 διαλαμβάνουσιν·
1085 2885 1182 2966 ἀρτίως
1205 2886 1237 2946 δὲ
1259 2887 1323 2946 θεοῦ

47 3005 200 3079 εύδοιοῦντος
224 3008 336 3088 ἐγένετο
358 3010 376 3086 ή
398 3014 451 3068 τῶν
464 3009 573 3089 Σερρῶν
594 3008 677 3080 πόλις
700 3009 743 3068 ἐπί
757 3009 806 3084 τήν
823 3008 963 3068 δούλευσιν
977 3013 1027 3084 τῆς
1042 3007 1211 3086 νραλότητός
1227 3027 1277 3084 μου
1284 3005 1321 3090 ²),

49 3127 150 3190 ἐντεῦθεν
176 3128 224 3190 καὶ
249 3131 284 3190 τὰ
310 3134 420 3190 τοιαῦτα
447 3123 624 3213 μοναοτήρια,
653 3129 701 3190 καὶ
731 3131 880 3206 ἐζήοτησοιν
910 3129 956 3191 καὶ
985 3129 1138 3207 ἐδεήθησαν
1168 3130 1215 3190 καὶ
1243 3130 1267 3190 οί
1290 3131 1321 3189 ἐν

49 3247 118 3324 αύτοῑς
133 3253 325 3328 ἐνασκούμενοι
333 3249 358 3335 ³)
375 3253 502 3332 μοναχοί,
519 3251 564 3312 καὶ
581 3253 796 3334 εὐεργετήθησαν
810 3252 885 3333 παρὰ
899 3259 948 3328 τῆς
960 3251 1164 3334 ιιραλάτητάςί)
1177 3273 1238 3333 μου,
1255 3253 1320 3312 ἐδε-

48 3372 131 3448 ήθησαν
154 3375 195 3456 δέ,
219 3375 264 3434 ίνα
286 3375 446 3454 πορίσωνται
468 3373 515 3436 καί
537 3373 744 3455 χρυσύβουλλον
767 3382 816 3451 τῆς
838 3375 1007 3456 κραλάτητύς
1031 3396 1082 3452 μου
1106 3373 1145 3448 είς
1163 3375 1321 3458 ἑπικύρωσιν

49 3493 83 3552 ιαί
98 3497 244 3578 ἀσφάλειαν
258 3503 312 3558 τῶν
331 3518 362 3558 τε
382 3501 536 3579 προσόντων
552 3499 641 3570 αύτοῑς
656 3494 812 3579 κτημάτων,
835 3492 873 3558 ὧν
888 3499 1032 3574 κέκτηνται
1048 3497 1092 3557 διὰ
1107 3497 1321 3579 χρυσοβούλλων

50 3615 83 3674 καί
100 3613 135 3678 ὧν
156 3617 256 3702 ἀρτίοις
279 3621 498 3702 εύηργετήθησαν
521 3621 595 3702 παρὰ
617 3626 665 3697 τῆς
688 3622 858 3702 κραλύπητύς
882 3641 944 3704 μου,
960 3619 1007 3683 καὶ
1022 3623 1040 3697 t,
1055 3619 1194 3703 κραλὸτης
1210 3641 1262 3696 μου
1278 3621 1322 3682 διὰ

50 3745 85 3814 τῆς
102 3747 211 3826 χάριτος
232 3747 279 3804 τοῦ
300 3743 401 3826 κυρίου,
425 3745 474 3803 ἅτε
495 3743 581 3804 πλέον
603 3742 656 3803 τῶν
680 3743 778 3804 ἄλλων
797 3743 848 3804 ύπδ
863 3749 913 3819 τῆς
930 3744 1041 3820 ἐνούσης
1057 3743 1124 3824 αύτῄ
1138 3750 1322 3823 χριστιανικῆς

51 3865 209 3940 συνειδήσεως
230 3859 347 3946 περὶτὰ
370 3869 535 3947 μοναοτήρια
557 3866 604 3927 καὶ
625 3868 674 3939 τὰς
697 3867 772 3948 ἱερὰς
796 3866 948 3943 ἐκκλησίας
963 3867 1012 3939 τὰς
1028 3865 1185 3947 εὐεργεσίας
1199 3866 1247 3926 καί
1263 3866 1321 3927 δω-

52 3981 99 4056 tete
117 3985 258 4048 ἐπιτείνειν
281 3987 449 4068 βουλομένη,
472 3990 511 4060 ὡς
533 3987 656 4048 ἐντεῦθεν
680 3987 794 4064 βεβαίαν
816 3989 864 4064 τὴν
887 3988 1074 4070 πληροφορίαν
1091 3989 1192 4066 ἔχουσα
1206 3990 1321 4050 πολλα-

51 4101 180 4192 ελττίαςύ)
210 4109 261 4180 τὰς
291 4109 410 4185 ἀμοιβὰς
439 4107 487 4170 καὶ
516 4111 663 4181 ἀντιδόσεις
692 4111 766 4192 παρὰ
794 4115 841 4171 τοῦ
869 4111 1066 4187 μισθαποδύτου
1089 4112 1151 4171 θεοῦ
1173 4111 1321 4193 λήψεσθαι,

52 4225 86 4284 λαὶ
106 4232 146 4290 τον
172 4232 293 4312 παρόντα
319 4231 524 4312 χρυσύβουλλον
551 4233 637 4310 λόγον
660 4233 823 4314 ἐπιχορηγεῖ
844 4230 891 4292 καί
914 4233 1086 4314 ἐπιβραβεύει
1107 4235 1167 4305 ταῖς
1188 4235 1322 4307 τοιαύταις

54 4346 189 4427 τεβοτμίαις
216 4356 323 4429 μοναῖς,
348 4353 382 4414 δι’
395 4348 426 4414 ού
447 4357 604 4434 προστάττει
627 4353 673 4414 καὶ
697 4354 850 4435 διορίζεται,
874 4355 952 4432 ἐχειν
970 4355 1005 4414 τὰ
1022 4347 1069 4414 ’ὑπ’
1082 4357 1173 4426 αὐταῖς
1195 4359 1322 4433 κτήματα

55 4467 87 4528 ἀἱ
108 4476 216 4554 μετέχια
238 4479 326 4536 πάντα
355 4475 478 4549 ἐξουσίαν
505 4476 551 4537 καὶ
582 4477 740 4559 ἐλευθερίαν
767 4477 813 4537 καὶ
843 4471 912 4538 είναι
935 4479 1057 4558 ἀνώτερα
1078 4481 1168 4554 πάσης
1192 4477 1322 4560 ἐπηρείας
1352 4460 1356 4468 ’

135 4641 154 4706 ¹)
172 4637 217 4691 ύπῦ
234 4639 264 4691 τδ
282 4637 341 4690 αύτὸ
358 4640 394 4693 Μ.
407 4639 433 4692 S.
506 4641 526 4708 ²)
538 4636 583 4691 ύπθ
596 4643 637 4704 τῆς
650 4637 813 4709 κραλλύτητος
827 4659 874 4710 μου
886 4637 929 4705 τήν
942 4639 1091 4705 δουλοσύνην
1107 4643 1128 4692 1.
1200 4642 1220 4708 θ)
1233 4638 1320 4690 ἀσκοῦ

58 4741 105 4787 θύα
119 4735 139 4785 θ.
208 4738 231 4804 ⁴)
251 4732 388 4804 κραλλάτης
406 4751 510 4803 semper
527 4737 548 4787 1.
622 4737 643 4802 ί)
661 4734 854 4795 πολλαπλασίως
872 4737 892 4787 Ι,
