3240 5286
1306 349 1370 416 255

76 551 153 626 νύρος
186 545 292 620 ἐπιθείη
321 546 422 618 τούτοις
453 545 586 619 βασιλικὰ
606 543 788 625 διατάγματα,
819 543 1001 622 διαπέμπεταί
1023 566 1052 606 τε
1073 547 1141 625 πρὸς
1163 547 1211 620 τὴν
1233 547 1371 626 ἡμετέραν

75 667 232 750 βασιλείαν,
255 666 302 731 καί
323 674 358 750 τῇ
379 669 443 750 παρ’
456 668 539 744 αύτῆς
561 669 679 750 συοτσίοῃ
701 666 838 751 σεβασμίᾳ
861 672 931 747 μονῇ
952 666 983 730 τδ
1002 671 1083 748 κῦρος
1097 673 1151 726 τῶν
1166 668 1371 747 ἐνυπαρχόντων

74 789 186 854 αἰτεῖται
210 791 256 856 διὰ
278 789 485 871 χρυσσβούλλτυ
506 791 703 870 προσγενέσθαι
725 795 775 866 τῆς
798 788 940 865 βασιλείας
963 810 1022 866 μου.
1055 789 1110 850 ἔστι
1133 790 1184 866 μὲν
1200 787 1245 850 σύν
1259 791 1279 868 ἡ
1293 787 1371 852 οἰκο-

74 915 224 991 δομηθεῖσα
255 914 322 988 αθπη
348 912 395 974 καί
425 919 543 974 συστᾶσα
570 911 645 994 παρὰ
674 913 773 987 ταύτης
803 912 872 988 μονὴ
902 911 1018 986 πλησίον
1049 931 1101 972 που
1130 909 1290 987 διακειμένη
1324 915 1370 972 τσῦ

73 1038 178 1116 σίστεος,
209 1037 388 1120 δΦανσίριον
416 1035 586 1114 ὀνομάζεται,
620 1039 730 1110 τιμοῖται
758 1031 789 1094 δὲ
820 1033 987 1110 ἐπ’θνδμοπι
1017 1039 1067 1108 τῆς
1088 1037 1295 1112 πανυπερσίγνου
1318 1053 1370 1108 μου

74 1157 220 1234 δεσποίνης
242 1157 289 1219 καί
311 1159 478 1238 θεομητορσς
499 1162 550 1233 τῆς
573 1155 733 1235 Ἐλεούσης,
755 1153 803 1216 καὶ
825 1155 1003 1230 ἐπικέκληται
1026 1155 1094 1214 σύτω
1116 1175 1175 1226 πως
1197 1161 1245 1232 τῆς
1261 1157 1369 1216 Λυκου-

74 1279 172 1352 οέδσς·
195 1283 215 1340 τί
238 1280 269 1340 δὲ
292 1280 358 1362 αὐτη
381 1285 415 1362 τῇ
438 1285 508 1362 μονῇ
530 1281 702 1372 προσήρμοσε
724 1281 861 1357 κτήματα,
884 1277 943 1337 ἐκεῖ
962 1277 1012 1352 μὲν
1027 1275 1196 1352 ὁπουδήποτε
1211 1279 1371 1356 τυγχοίνουσι

72 1402 243 1482 δισοιείμενα,
273 1399 319 1464 καί
347 1404 431 1462 τοιῖπα
453 1400 484 1460 δέ
505 1420 541 1478 γε
567 1401 713 1481 κατωτέρω
736 1396 767 1472 ἐξ
795 1398 929 1474 θνύματος
956 1397 1156 1480 δηλωθήσεται.
1201 1403 1234 1479 τῇ
1261 1400 1370 1482 τοιαύτη

69 1529 214 1606 τοιγαροῦν
243 1521 349 1598 αἰτήσει
377 1523 461 1598 αὐιῆς
489 1523 540 1584 ούκ
570 1523 642 1600 έγνω
674 1521 737 1586 δέον
768 1516 838 1582 είνσι
864 1522 882 1594 ἠ
910 1519 1038 1594 βασιλεία
1066 1539 1117 1596 μου
1143 1519 1285 1600 ύπέρθεσίν
1310 1541 1369 1580 τινα

71 1645 165 1708 δσύναι
183 1644 230 1706 καί
245 1646 285 1722 μὴ
300 1644 425 1725 παραυτίι
438 1643 478 1723 τῷ
492 1643 569 1704 τέλει
585 1643 743 1723 ἰναγαγεῖν,
766 1643 845 1704 ἀλλὰ
860 1647 908 1718 τῆς
923 1642 1129 1721 εὐγνωμοσύνης
1144 1643 1235 1722 ὥσπερ
1251 1641 1368 1718 ἀμειβο-

71 1769 142 1842 μένη
163 1768 264 1844 ταύτην
285 1765 332 1826 καὶ
353 1772 403 1842 τῆς
425 1769 471 1826 τοῦ
493 1765 582 1826 καλοῦ
605 1765 778 1844 ἐπιγνώσεως
801 1764 963 1840 έτσιμύτατα
984 1765 1127 1824 κατανεύει
1148 1765 1216 1844 πρδς
1230 1765 1261 1824 τδ
1276 1761 1368 1824 αἰτού-

71 1911 165 1968 μεναι,
194 1888 242 1950 καί
271 1891 317 1950 τδν
347 1889 468 1970 παρέντα
497 1887 705 1968 χρυσόβουλλον
727 1887 813 1966 λέγον
837 1887 964 1966 ἑπορέγει
986 1887 1064 1967 αὐτῇ,
1092 1885 1127 1948 δι’
1140 1879 1171 1946 ού
1193 1882 1240 1946 καὶ
1263 1884 1370 1946 εύδοκεῖ

69 2011 118 2072 καί
139 2013 303 2092 προστάσσει
324 2007 371 2070 καί
395 2008 537 2090 διορίζεται
559 2010 725 2086 κατέχεσθαι
747 2009 822 2088 παρὰ
841 2014 890 2084 τῆς
906 2006 1101 2087 διαληφθείσης
1115 2005 1268 2082 σεβασμίας
1283 2013 1369 2082 μονῆς

68 2129 103 2192 τὰ
129 2133 206 2213 παρὰ
232 2139 282 2208 τῆς
310 2129 458 2212 εἰρημένης
480 2132 592 2211 συζύγου
613 2135 660 2194 ,τού
683 2131 915 2208 μνημονευθέντσς
937 2129 1187 2210 σεβαστοκρσῖτσρος
1208 2131 1369 2210 προσαρμό-

69 2276 156 2316 σαντα
186 2256 253 2336 σύτῇ
283 2254 460 2329 ὁποιαδητινα
490 2255 628 2333 κτήματα,
662 2255 680 2312 σί
710 2253 745 2328 δὴ
774 2250 822 2314 καί
850 2252 921 2314 κατὰ
950 2253 1033 2333 μέρος
1060 2251 1144 2324 ούτως
1176 2251 1218 2312 ἐπ’
1236 2250 1369 2326 ὀνόματος

70 2378 181 2455 έχουσι·
204 2375 305 2456 χωρίον
327 2377 345 2450 ἠ
361 2374 535 2455 Λυκσυσσῖδα,
559 2375 588 2434 έν
604 2368 626 2453 ᾧ
640 2372 687 2436 καὶ
702 2375 720 2450 η
736 2375 844 2450 τοιαύτη
862 2373 997 2453 ἀνηγέρθη
1014 2375 1095 2449 μονή.
1128 2375 1219 2452 ἕτερον
1234 2371 1368 2453 χωρίονὴ

71 2500 252 2574 Βατσυσιένη.
282 2499 312 2559 τδ
334 2495 397 2578 περί
419 2497 453 2558 τί
467 2496 613 2578 Τρίκκαλοι
628 2495 740 2576 χωρίον,
763 2497 829 2576 ὅπερ
846 2495 994 2576 εὑρίσκεται
1008 2495 1164 2573 κατέχουσα
1178 2496 1197 2573 ἡ
1214 2496 1282 2568 μονὴ
1299 2494 1369 2569 μετὰ

69 2625 116 2680 τού
142 2621 234 2680 ἐκεῖσε
257 2619 379 2700 λοετροῦ.
412 2621 540 2698 μετέχων
565 2617 604 2691 εἰς
626 2619 714 2694 ὄνομα
735 2620 888 2694 τιμώμενον
911 2625 959 2695 τῆς
982 2617 1131 2698 ύπεραγίας
1146 2615 1284 2678 Θεοτὸκου
1307 2617 1368 2677 ἐπι-

69 2743 228 2822 λεγόμενον
250 2739 373 2817 maffia
395 2743 466 2818 μετὰ
487 2747 541 2801 τῶν
564 2741 592 2800 ἐν
616 2740 688 2819 αύτῷ
707 2740 845 2821 παροίκων
860 2746 913 2801 τῶν
930 2739 1195 2816 διαλαμβανσμένων
1210 2740 1271 2800 κατ’
1282 2739 1369 2815 ὄνομα

68 2864 97 2922 ἐν
119 2865 179 2936 τοῖς
201 2867 342 2945 προοούσιν
365 2862 437 2942 αύτῷ
460 2863 648 2941 δικαιώμασιν,
678 2863 716 2923 ἔτι
739 2861 839 2922 δὲκαὶ
861 2868 911 2940 τῆς
932 2863 1122 2940 κατεχομένης
1143 2861 1208 2942 παρ’
1221 2863 1300 2922 αύτού
1321 2867 1367 2922 τού

67 2985 200 3064 μετεχίου
221 2992 275 3064 γῆς
296 2985 344 3045 καὶ
365 2991 419 3045 τῶν
442 2983 610 3060 μυλσθεσίων
632 2983 679 3044 καὶ
702 2980 855 3059 ἀμπελίων.
893 2986 985 3065 ἕτερον
1008 2987 1137 3062 μετόχιον
1159 2984 1174 3042 ὁ
1196 2979 1367 3063 Τριοτενίκσς

68 3107 108 3179 εἰς
132 3107 221 3184 ὄνομα
244 3109 397 3184 τιμώμενον
421 3111 466 3167 τού
489 3108 567 3187 ἁγίου
591 3128 642 3183 μου
665 3107 912 3188 μεγαλομέρτυρσς
929 3105 1074 3186 Γεωργίου,
1104 3107 1195 3186 ἕτερον
1219 3103 1258 3177 εἰς
1280 3105 1366 3179 ὄνομα

66 3235 113 3290 τοῦ
143 3229 221 3310 ἁγίου
245 3229 371 3310 Ἀνδρέου
398 3231 468 3306 μετὰ
489 3237 543 3290 τῶν
567 3229 594 3288 έν
618 3228 691 3308 αύτῷ
713 3227 850 3309 παροίκων
874 3224 920 3287 καὶ
943 3227 1086 3304 ἀμπελίων
1108 3227 1155 3287 καί
1178 3233 1227 3302 τῆς
1250 3247 1365 3306 προστε-

66 3351 162 3428 θείσης
184 3349 283 3432 ἀρτίως
304 3358 358 3430 γῆς
373 3352 590 3430 Βλαχσκατσῡνα
612 3353 630 3426 ἠ
655 3351 839 3430 ἐπιλεγομένη
858 3351 1067 3429 Πρακτικσίτουζ.
1094 3349 1195 3430 χωρίον
1218 3349 1365 3430 ἡΓσρισίνη

66 3475 141 3548 μετὰ
163 3479 217 3532 τῶν
242 3473 271 3532 ἐν
295 3473 366 3552 αὐτῷ
390 3472 558 3548 μυλσθεσίων
580 3471 627 3533 καί
651 3469 803 3548 ἀμπελίων.
840 3471 878 3544 εἰς
900 3473 949 3548 τἠν
972 3473 1072 3548 λίμνην
1095 3475 1140 3531 τσῦ
1164 3471 1276 3552 Ἐζερσύ
1299 3492 1365 3530 σαν-

66 3595 155 3654 δίλια
186 3593 233 3654 δύο
261 3595 330 3670 μετὰ
354 3593 400 3654 καί
424 3595 525 3655 ἀλιέων
548 3595 605 3654 δύο.
642 3595 769 3673 μετέχισν
792 3592 831 3666 εἰς
853 3594 941 3670 ύνσμα
970 3597 1123 3670 τιμώμενον
1144 3599 1191 3654 τοῦ
1213 3592 1291 3672 ἁγίου
1314 3614 1366 3668 μου

66 3715 318 3798 μεγαλσμσίρτυρος
340 3715 495 3798 Δημητρίου
527 3717 554 3774 έν
583 3715 622 3795 τῷ
651 3717 749 3792 θέματι
775 3713 923 3792 Βουναίνης
953 3715 1124 3792 διακείμενον
1154 3715 1224 3790 μετίι
1252 3721 1305 3774 τῶν
1337 3713 1365 3772 ἐν

65 3838 142 3916 αθτῷ
172 3839 320 3918 παροίκων,
350 3838 429 3898 ἀλλὰ
459 3838 494 3913 δὴ
524 3836 570 3898 καί
600 3844 652 3898 τῶν
683 3837 827 3914 ὰμπελίων
857 3835 904 3897 καὶ
931 3837 1109 3913 μυλσθεσίων.
1145 3837 1184 3897 έτι
1206 3857 1236 3896 τε
1259 3833 1298 3908 εἰς
1319 3837 1365 3895 τδν

64 3961 151 4021 τύπον
178 3965 225 4020 τού
249 3959 384 4040 Ἁλμυροῦ
413 3959 514 4038 χωρίον
544 3961 562 4036 ἡ
590 3961 730 4039 Μαγούλα
759 3957 805 4019 καὶ
836 3958 860 4018 οἱ
887 3961 1061 4040 Σιμιταρσὶτσι
1087 3959 1234 4037 λεγόμενοι
1262 3957 1306 4018 ούν
1332 3965 1365 4040 τῇ

65 4081 160 4142 ἐκεῖσε
183 4088 220 4163 γῇ
243 4087 297 4142 τῶν
321 4081 493 4160 Λεβαχσίτων
515 4079 561 4141 καί
585 4077 766 4162 Ταρωνοίτων.
795 4083 812 4140 σί
835 4078 868 4156 δὴ
890 4083 980 4140 πάντα
1001 4077 1112 4152 καθέξει
1135 4077 1299 4161 ἡείρημένη
1315 4101 1363 4139 οε-

65 4203 174 4279 βασμία
204 4204 274 4279 μονὴ
302 4209 352 4278 της
381 4202 588 4284 πανυπεροίγνου
618 4201 763 4278 δεσποίνης
784 4201 830 4262 καί
861 4203 1027 4282 θεσμητσρσς
1048 4210 1098 4278 τῆς
1121 4202 1273 4280 Ἐλεούαης
1294 4203 1365 4263 κατὰ

65 4324 228 4386 δεσποτείαν
250 4323 297 4386 καί
318 4325 405 4402 νομὴν
428 4323 614 4406 ἀναφαίρετον,
638 4327 676 4396 ὡς
698 4323 769 4386 κατὰ
791 4325 874 4406 μέρος
897 4324 1130 4400 διαλαμβάνοντα
1154 4325 1182 4384 έν
1201 4327 1258 4397 τοῖς
1277 4345 1364 4404 γεγο-

63 4449 141 4509 νόσιν
171 4444 214 4507 ἐπ’
232 4447 323 4519 οἰστοῖς
351 4450 519 4528 πρακτικοῖς,
551 4448 589 4507 ἔτι
620 4445 651 4506 δὲ
682 4445 729 4507 καί
758 4447 796 4518 ὡς
824 4447 1068 4527 προσεκυριύθησαν
1095 4444 1142 4506 καί
1163 4447 1364 4526 προσετέθησαν

63 4571 149 4652 ταύτῃ
171 4569 247 4650 παρὰ
269 4575 320 4646 τῆς
339 4567 534 4649 διαληφθείσης
550 4569 662 4647 συζύγου
676 4572 723 4628 τού
739 4568 913 4643 δηλωθέντσς
927 4568 1187 4649 σεβαστοκράτορος,
1214 4567 1260 4628 καί
1275 4589 1363 4645 νεμη-

63 4693 179 4768 θήσεται
212 4691 279 4750 αἰπὰ
308 4691 492 4770 ἀνενέχλητα,
524 4691 680 4751 ἀδιάσειοττί
702 4711 733 4757 τε
755 4688 802 4750 καί
824 4690 1019 4752 ἀναπέσπαστα
1043 4689 1081 4762 εἰς
1104 4691 1209 4750 ἅπαντα
1230 4691 1276 4750 τδν
1299 4687 1364 4768 ἑξῆς
