3194 5298
204 344 267 408 150

200 543 321 619 άρχοντα
345 540 470 622 διαμένῃ,
493 548 663 621 περιποιῆτοιι
687 542 718 601 δὲ
741 543 774 600 τά
796 547 1038 622 προσγενησόμενα
1062 545 1103 623 ἀν,
1126 550 1179 602 τῶν
1204 543 1233 602 δὲ
1257 544 1367 621 φαύλων
1392 545 1426 602 τά
1448 545 1508 618 μὲν

199 665 333 742 προσόντα
349 663 599 746 ἀπσδιαπομπῆται,
622 663 656 723 τά
680 665 711 724 δὲ
732 665 927 740 συμβησόμενα
942 669 974 724 ἂν
991 665 1204 725 διακωλιίωνται.
1228 665 1351 742 τοιαὺτην
1369 663 1415 726 οὖν
1430 667 1509 726 κατὰ

201 784 301 859 νόμους
323 785 372 858 τῆν
395 783 461 865 ὑπὲρ
484 787 571 844 αὐτῶν
593 789 699 846 πάντων
722 794 776 845 τῶν
799 793 1039 866 σταυροπηγιακῶν
1062 791 1141 862 ἡμῶν
1170 787 1355 866 μοναστηρίων
1379 789 1509 847 καθόλου

200 904 327 984 φροντίδα
342 904 547 986 κατεβάλομεν,
565 907 708 983 ἐκθέμενσι
724 909 794 967 κατά
810 910 902 982 κσινῆν
918 905 1032 987 γνώμην
1047 908 1094 968 καί
1110 909 1252 984 συνοδικην
1269 911 1414 988 διάγνωσιν
1428 911 1508 990 ίερὲν

200 1029 292 1107 τόμον,
323 1028 538 1107 ἀποφαινέμενον
565 1029 673 1108 συνῳδὰ
699 1033 755 1101 τοῖς
783 1029 866 1110 ἱεροῖς
893 1033 987 1106 νόμοις
1009 1029 1055 1089 καί
1078 1035 1133 1100 τοῖς
1156 1026 1212 1090 ὧδε
1234 1034 1416 1110 γραφομένοις
1439 1031 1509 1110 περὶ

200 1155 249 1224 τῆς
273 1147 312 1222 εἰς
334 1151 364 1209 τδ
388 1147 453 1224 ἑξῆς
476 1149 586 1230 ἀρίστης
610 1150 770 1226 διοικήσεως
794 1153 907 1211 ἑκάστου
930 1158 1162 1232 σταυροπηγιακοῦ
1186 1153 1365 1232 μοναστηρίου
1387 1151 1437 1212 καὶ
1452 1156 1508 1213 ευ-

200 1270 296 1346 νομίας
326 1279 378 1330 τῶν
409 1271 583 1347 ἀσκουμένων
613 1273 766 1332 ὁσιωτάτων
797 1277 921 1354 πατέρων
952 1273 998 1332 καί
1031 1281 1078 1349 τῆς
1110 1275 1224 1350 δυνατῆς
1253 1274 1427 1352 ἀντιλήψεως
1453 1275 1508 1334 καί

201 1393 304 1468 ἀμέσου
326 1393 489 1473 προστασίας
519 1395 606 1453 αὐτῶν
634 1395 709 1474 παρὰ
731 1401 780 1470 τῆς
803 1396 864 1454 καθ’
878 1399 952 1471 ῆμοὶς
975 1402 1020 1456 τοῦ
1042 1397 1159 1476 Χριστοῦ
1184 1399 1312 1473 μεγάλης
1336 1398 1508 1477 ἐκκλησίας,

201 1515 377 1586 ἀνανεοῦντες
398 1517 432 1574 τά
454 1514 612 1592 παλαιγενῆ
635 1519 817 1598 πατριαφχικά
844 1517 891 1578 καὶ
914 1519 1041 1578 συνοδικά
1064 1521 1150 1579 αὐτῶν
1173 1521 1298 1597 σιγίλλισι
1323 1520 1430 1601 δωρεὰν
1453 1522 1508 1581 καί

177 1619 183 1631 “
201 1638 387 1716 ἑπικυρσῦντες
410 1634 483 1710 ἅπαξ
505 1639 539 1697 τά
562 1641 784 1721 σταυρατηγιακά
799 1643 885 1701 αίντῶν
901 1644 1036 1722 προνάμια
1052 1639 1090 1712 είς
1107 1643 1219 1719 διηνεκῆ
1236 1644 1394 1722 συντήρησιν
1412 1645 1508 1702 ἀυτῶν

201 1757 248 1820 καὶ
272 1759 433 1840 ἀσφάλειαν,
463 1761 501 1836 μὴ
525 1761 646 1838 δεόμενά
668 1783 734 1822 ποτε
757 1763 936 1836 ἀνανεώσεως
958 1762 1004 1822 καὶ
1029 1763 1227 1843 ἐπικυρώσεως.
1266 1762 1313 1824 καὶ
1336 1760 1429 1849 ίοίιτω]
1455 1766 1507 1824 καί

199 1880 262 1962 περί
290 1886 337 1942 τοῦ
368 1883 396 1942 ἐν
426 1889 459 1965 τῆ
490 1883 623 1966 ἑπισκοπῆ
646 1885 801 1944 Ταλαντίσυ
831 1883 878 1943 καί
901 1883 1048 1956 Διαυλείας
1072 1885 1143 1966 ἱεροῦ
1166 1885 1212 1946 καί
1235 1887 1384 1962 σεβασμίου
1409 1909 1506 1962 μονα-

200 2005 306 2086 στηρίσυ
328 2011 374 2066 τοῦ
398 2005 470 2066 δσίου
485 2005 533 2066 καὶ
548 2009 676 2086 θεοφόρου
695 2009 797 2088 πατρὸς
812 2009 890 2084 ἡμῶν
905 2009 1010 2087 Λουκᾱ,
1035 2009 1254 2084 ἑπικεκλημένσυ
1269 2014 1315 2070 τοῦ
1331 2011 1505 2090 Στηριῶτου·

200 2127 358 2206 ἐνεφανίσίάη
385 2128 439 2208 γὰρ
469 2127 524 2203 ἤδη
551 2130 615 2202 ἡμῖν
645 2129 841 2208 πατριαρχικδν
864 2129 1003 2188 συνοδικδν
1027 2129 1206 2206 σιγιλλιῶδες
1228 2135 1345 2211 γράμμα
1366 2138 1413 2193 τοῦ
1438 2135 1507 2194 ἀοι-

200 2251 278 2326 δίμου
309 2249 338 2308 ἐν
368 2253 548 2330 πατριάρχαις
570 2249 708 2329 Νεσφὺτσυ
736 2255 781 2310 τοῦ
807 2251 927 2310 παλαιοῦ
955 2251 1153 2332 ἀποδεικτικὸν,
1188 2257 1227 2313 ὅτι
1258 2256 1288 2314 τδ
1319 2259 1506 2335 μοναστήριον

197 2376 275 2431 τοῦτο
299 2372 369 2447 μετὰ
390 2378 443 2431 τῶν
466 2373 556 2453 ὁρίων,
580 2372 727 2452 μετσχίων,
752 2370 928 2448 ἐξωκλησίων
951 2373 997 2433 καὶ
1022 2375 1168 2455 ἑνοριακῶν
1191 2377 1324 2436 παντοίων
1346 2378 1506 2460 μελλείισν,

200 2496 269 2574 άπερ
292 2492 343 2554 είσὶ
365 2498 462 2554 ταῦτα·
498 2497 512 2553 6
536 2496 614 2572 ἅγιος
638 2495 793 2574 Θεόδωρος,
818 2498 835 2570 ιῆ
859 2495 987 2575 ίίαναγία
1010 2498 1239 2577 Καλαμιώτισσα,
1263 2501 1293 2558 τδ
1314 2501 1445 2577 μετάχισν
1463 2501 1506 2572 είς

197 2619 243 2676 τ’σν
267 2615 411 2694 Αἰγιαλὸν,
442 2618 457 2675 6
487 2617 564 2694 ἅγιος
587 2616 728 2689 Νικόλαος
758 2618 787 2676 ἐν
810 2618 943 2698 Σπῆρτοις
974 2621 1056 2698 μέχρι
1082 2625 1128 2678 τοῦ
1151 2619 1267 2701 Ἄσπρσυ
1291 2622 1428 2682 Ὀσπιτίσυ
1455 2624 1505 2683 καί

197 2743 243 2797 τοῦ
266 2736 344 2816 ἁγίου
367 2739 503 2820 Γεωργίσυ
527 2737 566 2810 είς
588 2739 618 2798 τδ
643 2739 817 2819 Περιβάλισν,
844 2730 874 2800 τδ
898 2741 1016 2800 άλώνισν
1040 2739 1079 2814 είς
1100 2743 1149 2818 τὴν
1173 2743 1356 2824 Σκλιβινίτζα,
1380 2747 1395 2802 6
1418 2747 1505 2823 ἅγιος

199 2861 309 2941 Ἠλίας,
332 2861 366 2920 τά
381 2863 497 2942 Ζευγνά,
522 2862 551 2920 ἐν
575 2854 615 2932 οἷς
637 2864 753 2941 ὑπάρχει
776 2865 790 2921 6
814 2865 892 2941 ἅγιος
909 2865 1065 2936 Ἀθανάσισς
1087 2859 1134 2924 καί
1156 2869 1174 2943 ῆ
1198 2867 1301 2947 βρύοις·
1328 2869 1398 2941 μετὰ
1412 2874 1505 2929 ταῦτα

197 2984 225 3042 ἐν
248 2987 304 3056 τοῖς
327 2985 402 3043 κάτω
427 2986 519 3064 μέρεσι
544 2987 558 3043 6
582 2984 725 3060 βασιλικδς
741 2986 837 3066 μύλος,
861 2983 1121 3066 ἡἈλσγαιτατημία
1140 2987 1163 3047 εἰ
1180 2988 1227 3064 τὴν
1244 2989 1355 3070 Στενῆν,
1379 2992 1394 3047 6
1417 2991 1504 3069 ἅγιος

197 3107 414 3186 [Ιαντελεήμωη
438 3107 452 3164 6
476 3109 553 3186 ἅγιος
569 3105 678 3189 Ἠλίας,
702 3109 732 3167 τ“ο
747 3109 862 3188 Τρίπιον
878 3109 985 3188 Λιθάρι,
1009 3110 1155 3188 δσχοῐνος,
1179 3111 1209 3169 τδ
1226 3109 1320 3191 Μακρὶ
1336 3112 1443 3191 Λιθοίρι,
1468 3117 1503 3172 τ“ο

196 3229 308 3309 Μαῦρσν
332 3230 438 3308 Λιθάρι,
462 3229 492 3288 τδ
513 3230 698 3309 Ἀνατολικὲν,
721 3231 883 3309 ῆίίαναγία
899 3232 1018 3304 Ιίανίτζα
1041 3233 1122 3312 μέχρι
1145 3237 1191 3291 τοῦ
1207 3233 1304 3307 Κάβου
1326 3239 1376 3309 τῆς
1390 3229 1500 3311 Ἁγίας,

195 3352 210 3407 6
233 3352 311 3430 ἅγιος
335 3347 475 3431 Ἰωάννης,
498 3353 517 3428 ἡ
540 3351 705 3433 Μάσκλερα,
729 3352 891 3431 ῆΠαναγία
906 3353 1078 3434 Μεραλίτζα,
1102 3356 1116 3414 6
1141 3357 1217 3434 ἅγιος
1233 3355 1376 3428 Νικόλαος
1400 3356 1440 3429 είς
1464 3358 1501 3416 τδι

196 3475 321 3552 Καμπιά,
352 3476 370 3548 ἠ
395 3472 522 3552 Παναγία
543 3479 589 3532 τοῦ
612 3475 716 3554 Μύρου,
745 3477 760 3533 6
784 3477 861 3552 ἅγιος
883 3475 1024 3548 Νικόλαος
1047 3483 1096 3552 τῆς
1118 3477 1217 3556 Συκῆς,
1241 3479 1271 3536 τ“ο
1296 3479 1454 3558 Μαρυδάκι,
1480 3483 1499 3556 ἡ

196 3600 289 3678 Σάρρα
306 3595 345 3668 είς
361 3602 406 3656 τοῦ
423 3597 527 3667 Μιζίκα
542 3595 589 3656 καί
604 3599 655 3656 ὅσα
678 3599 887 3677 ἐμπεριέχονται
911 3597 1057 3678 οἰκήματα,
1082 3601 1215 3678 ἀμπέλια,
1239 3605 1330 3680 κῆποι,
1356 3603 1497 3680 χωρσίφια,

196 3721 266 3795 μετὰ
280 3720 380 3779 τσίντων
406 3717 519 3778 οὖνκαὶ
544 3719 613 3794 μετά
636 3721 743 3778 πάντων
765 3726 819 3778 τῶν
843 3721 946 3780 λοιπῶν
969 3724 1115 3796 κτημάτων
1139 3721 1185 3781 καί
1202 3723 1397 3802 ἀφιερωμάτων
1415 3724 1500 3784 αὑτοῦ

196 3845 312 3924 ὑπάρχει
327 3845 534 3922 σταυροπήγιον.
549 3841 587 3913 είς
600 3842 753 3902 ἀνακαίνιον
766 3842 811 3902 οὖν
828 3845 919 3904 τούτου
935 3847 1084 3923 γράφοντες
1098 3845 1142 3904 διὰ
1156 3849 1201 3904 τοῦ
1216 3848 1349 3924 παρέντος
1361 3847 1501 3924 ἡμετέρου

194 3969 391 4047 πατριαρχικοϋ
413 3963 460 4024 καί
484 3965 622 4024 συνοδικοῡ
646 3960 839 4042 σιγιλλιιίιδσυς
863 3967 890 4025 ἐν
915 3965 1087 4045 μεμβράναις
1110 3971 1273 4047 γράμματος
1290 3969 1500 4048 ἀποφαινόμεθα

196 4088 341 4159 συνοδικῶς
365 4087 434 4162 μετὰ
457 4093 510 4146 τῶν
532 4085 594 4168 περὶ
616 4089 690 4162 ἡμᾶς
707 4087 858 4167 ίερωτσίτων
882 4089 1031 4167 ἀρχιερέων
1046 4088 1093 4148 καί
1110 4090 1270 4170 δπερτίμων,
1294 4097 1346 4150 τῶν
1372 4092 1400 4150 έν
1425 4095 1500 4172 ἁγίῳ

194 4211 324 4284 πνεύματι
340 4210 489 4285 ἀγαπητῶν
505 4211 584 4284 ἡμῶν
600 4209 728 4288 ἀδελφῶν
744 4209 790 4268 καί
807 4210 1035 4292 συλλειτουργῶν,
1056 4213 1099 4270 ίνα
1114 4215 1144 4271 το
1161 4213 1242 4294 ’ρήίίὲν
1258 4213 1329 4292 ίερδν
1345 4213 1391 4274 καὶ
1406 4216 1498 4288 σεβά-

195 4352 272 4406 σμιον
297 4334 475 4411 μοναστιῆρισν
498 4335 528 4390 τδ
553 4332 581 4389 ἐν
603 4339 636 4413 τῆ
662 4333 794 4412 ἐπισκοπῇ
810 4331 964 4390 ’ίάλαντίου
987 4333 1032 4392 καὶ
1049 4335 1195 4406 Διαυλείας
1211 4341 1256 4396 τοῦ
1279 4337 1351 4396 έσίσυ
1366 4335 1413 4396 καί
1429 4339 1498 4398 θεσ-

195 4457 276 4534 φάρσυ
288 4457 390 4535 πατρδς
405 4456 485 4529 ἡμῶν
499 4457 601 4534 Ασυκᾶ,
620 4455 838 4530 ἐπικεκλημένσν
849 4460 895 4514 τοῦ
909 4457 1070 4535 Στηριώτσυ,
1088 4458 1158 4532 μετὰ
1169 4465 1222 4516 τῶν
1235 4459 1362 4539 ἀνωτέρω
1376 4461 1497 4541 ἀπηριίί-

195 4579 326 4652 μημένων
349 4577 437 4656 ορίων,
460 4577 606 4655 μετοχίων,
630 4573 806 4650 ἑξωκλησίων
827 4576 873 4636 καί
890 4577 1038 4656 ἐνσριακῶν
1054 4581 1187 4639 παντοίων
1204 4581 1345 4654 μελλείων
1361 4580 1407 4640 καί
1425 4585 1498 4656 μετὰ

194 4703 302 4760 πάντων
333 4706 386 4760 τῶν
409 4701 513 4760 λοιπῶν
537 4704 683 4775 κτημάτων
706 4698 752 4759 καί
774 4703 943 4780 πραγμάτων
966 4699 1013 4759 καί
1038 4703 1232 4782 ἀφιερωμοίτων
1257 4706 1345 4782 αὺτοῦ,
1379 4715 1497 4782 κινητῶν
