<?xml version="1.0" encoding="UTF-8"?>
<!DOCTYPE html PUBLIC "-//W3C//DTD XHTML 1.0 Transitional//EN"
    "http://www.w3.org/TR/xhtml1/DTD/xhtml1-transitional.dtd">
<html xmlns="http://www.w3.org/1999/xhtml" xml:lang="en" lang="en">
 <head>
  <title>
</title>
<meta http-equiv="Content-Type" content="text/html;charset=utf-8" />
  <meta name='ocr-system' content='tesseract 3.04.00' />
  <meta name='ocr-capabilities' content='ocr_page ocr_carea ocr_par ocr_line ocrx_word'/>
</head>
<body>
  <div class='ocr_page' id='page_1' title='image "./actaetdiplomata00miklgoog_0541.png"; bbox 0 0 3222 5284; ppageno 0'>
   <div class='ocr_carea' id='block_1_1' title="bbox 232 275 298 340">
    <p class='ocr_par' dir='ltr' id='par_1_1' title="bbox 232 275 298 340">
     <span class='ocr_line' id='line_1_1' title="bbox 232 275 298 340; baseline 0 0"><span class='ocrx_word' id='word_1_1' title='bbox 232 275 298 340; x_wconf 84' lang='lat'>360</span> 
     </span>
    </p>
   </div>
   <div class='ocr_carea' id='block_1_2' title="bbox 193 463 1542 4198">
    <p class='ocr_par' dir='ltr' id='par_1_2' title="bbox 193 463 1542 4198">
     <span class='ocr_line' id='line_1_2' title="bbox 229 463 1540 550; baseline -0.002 -22"><span class='ocrx_word' id='word_1_2' title='bbox 229 470 378 548; x_wconf 70' lang='grc' dir='ltr'>γενομένου</span> <span class='ocrx_word' id='word_1_3' title='bbox 400 466 464 548; x_wconf 88' lang='grc' dir='ltr'>παρ’</span> <span class='ocrx_word' id='word_1_4' title='bbox 476 469 551 543; x_wconf 84' lang='grc' dir='ltr'>ὑμῶν</span> <span class='ocrx_word' id='word_1_5' title='bbox 573 470 618 528; x_wconf 82' lang='grc' dir='ltr'>τδν</span> <span class='ocrx_word' id='word_1_6' title='bbox 643 467 887 528; x_wconf 75' lang='grc' dir='ltr'>ἐννεακαιδέκατον</span> <span class='ocrx_word' id='word_1_7' title='bbox 910 466 956 526; x_wconf 86' lang='grc' dir='ltr'>καί</span> <span class='ocrx_word' id='word_1_8' title='bbox 979 464 1102 528; x_wconf 86' lang='grc' dir='ltr'>εἰκοστδν</span> <span class='ocrx_word' id='word_1_9' title='bbox 1125 466 1238 546; x_wconf 84' lang='grc' dir='ltr'>ψαλμδν</span> <span class='ocrx_word' id='word_1_10' title='bbox 1262 463 1363 550; x_wconf 80' lang='grc' dir='ltr'>ᾄσεσθε</span> <span class='ocrx_word' id='word_1_11' title='bbox 1382 467 1457 544; x_wconf 79' lang='grc' dir='ltr'>μετὰ</span> <span class='ocrx_word' id='word_1_12' title='bbox 1478 473 1540 527; x_wconf 89' lang='grc' dir='ltr'>τῶν</span> 
     </span>
     <span class='ocr_line' id='line_1_3' title="bbox 231 581 1542 671; baseline -0.002 -20"><span class='ocrx_word' id='word_1_13' title='bbox 231 593 353 666; x_wconf 87' lang='grc' dir='ltr'>συνήθων</span> <span class='ocrx_word' id='word_1_14' title='bbox 379 590 530 671; x_wconf 87' lang='grc' dir='ltr'>τροπαρίων</span> <span class='ocrx_word' id='word_1_15' title='bbox 560 587 607 650; x_wconf 91' lang='grc' dir='ltr'>καὶ</span> <span class='ocrx_word' id='word_1_16' title='bbox 629 595 688 650; x_wconf 87' lang='grc' dir='ltr'>τοῶ·</span> <span class='ocrx_word' id='word_1_17' title='bbox 721 591 817 671; x_wconf 86' lang='grc' dir='ltr'>,,κθριε</span> <span class='ocrx_word' id='word_1_18' title='bbox 848 589 996 670; x_wconf 60' lang='grc' dir='ltr'>ἐλέησονίί,</span> <span class='ocrx_word' id='word_1_19' title='bbox 1029 591 1068 662; x_wconf 85' lang='grc' dir='ltr'>ὡς</span> <span class='ocrx_word' id='word_1_20' title='bbox 1098 581 1154 650; x_wconf 78' lang='grc' dir='ltr'>οἶόν</span> <span class='ocrx_word' id='word_1_21' title='bbox 1177 610 1207 650; x_wconf 89' lang='grc' dir='ltr'>τε</span> <span class='ocrx_word' id='word_1_22' title='bbox 1240 589 1311 666; x_wconf 84' lang='grc' dir='ltr'>μετὰ</span> <span class='ocrx_word' id='word_1_23' title='bbox 1339 588 1464 666; x_wconf 74' lang='grc' dir='ltr'>ἰσότητος</span> <span class='ocrx_word' id='word_1_24' title='bbox 1486 587 1542 649; x_wconf 84' lang='grc' dir='ltr'>καί</span> 
     </span>
     <span class='ocr_line' id='line_1_4' title="bbox 230 709 1540 793; baseline 0 -21"><span class='ocrx_word' id='word_1_25' title='bbox 230 717 381 793; x_wconf 81' lang='grc' dir='ltr'><strong>προσοχῆς.</strong></span> <span class='ocrx_word' id='word_1_26' title='bbox 427 712 506 772; x_wconf 84' lang='grc' dir='ltr'>ἀλλὰ</span> <span class='ocrx_word' id='word_1_27' title='bbox 527 716 611 772; x_wconf 77' lang='grc' dir='ltr'>ταῦτα</span> <span class='ocrx_word' id='word_1_28' title='bbox 634 712 684 788; x_wconf 85' lang='grc' dir='ltr'>μὲν</span> <span class='ocrx_word' id='word_1_29' title='bbox 708 713 813 771; x_wconf 85' lang='grc' dir='ltr'>ἔσονται</span> <span class='ocrx_word' id='word_1_30' title='bbox 844 712 1012 790; x_wconf 79' lang='grc' dir='ltr'>ψαλλέμενα</span> <span class='ocrx_word' id='word_1_31' title='bbox 1034 709 1099 792; x_wconf 84' lang='grc' dir='ltr'>παρ’</span> <span class='ocrx_word' id='word_1_32' title='bbox 1112 712 1197 790; x_wconf 81' lang='grc' dir='ltr'>ὑμῶν,</span> <span class='ocrx_word' id='word_1_33' title='bbox 1229 712 1283 771; x_wconf 82' lang='grc' dir='ltr'>ἔστ’</span> <span class='ocrx_word' id='word_1_34' title='bbox 1297 715 1329 771; x_wconf 84' lang='grc' dir='ltr'>ἀν</span> <span class='ocrx_word' id='word_1_35' title='bbox 1353 713 1368 770; x_wconf 86' lang='grc' dir='ltr'>δ</span> <span class='ocrx_word' id='word_1_36' title='bbox 1388 713 1540 792; x_wconf 78' lang='grc' dir='ltr'>κράτιστός</span> 
     </span>
     <span class='ocr_line' id='line_1_5' title="bbox 232 829 1538 918; baseline -0.001 -25"><span class='ocrx_word' id='word_1_37' title='bbox 232 855 284 910; x_wconf 91' lang='grc' dir='ltr'>μου</span> <span class='ocrx_word' id='word_1_38' title='bbox 307 834 439 908; x_wconf 77' lang='grc' dir='ltr'>βασιλεὺς</span> <span class='ocrx_word' id='word_1_39' title='bbox 462 834 490 892; x_wconf 87' lang='grc' dir='ltr'>ἐν</span> <span class='ocrx_word' id='word_1_40' title='bbox 513 835 569 904; x_wconf 88' lang='grc' dir='ltr'>τοῖς</span> <span class='ocrx_word' id='word_1_41' title='bbox 591 836 670 904; x_wconf 87' lang='grc' dir='ltr'>ζῶσιν</span> <span class='ocrx_word' id='word_1_42' title='bbox 686 829 705 914; x_wconf 80' lang='grc' dir='ltr'><strong>ᾖ</strong></span> <span class='ocrx_word' id='word_1_43' title='bbox 722 831 777 916; x_wconf 85' lang='grc' dir='ltr'>(εἴη</span> <span class='ocrx_word' id='word_1_44' title='bbox 795 833 826 894; x_wconf 88' lang='grc' dir='ltr'>δὲ</span> <span class='ocrx_word' id='word_1_45' title='bbox 848 833 1032 913; x_wconf 84' lang='grc' dir='ltr'>ἐπιμήκιστον,</span> <span class='ocrx_word' id='word_1_46' title='bbox 1057 833 1171 918; x_wconf 79' lang='grc' dir='ltr'>ῶκθριε</span> <span class='ocrx_word' id='word_1_47' title='bbox 1186 832 1233 894; x_wconf 86' lang='grc' dir='ltr'>καί</span> <span class='ocrx_word' id='word_1_48' title='bbox 1253 833 1388 916; x_wconf 79' lang='grc' dir='ltr'>θεοτίκε),</span> <span class='ocrx_word' id='word_1_49' title='bbox 1421 833 1538 894; x_wconf 81' lang='grc' dir='ltr'>έπειδάν</span> 
     </span>
     <span class='ocr_line' id='line_1_6' title="bbox 233 950 1539 1038; baseline -0.001 -23"><span class='ocrx_word' id='word_1_50' title='bbox 233 955 264 1015; x_wconf 88' lang='grc' dir='ltr'>δὲ</span> <span class='ocrx_word' id='word_1_51' title='bbox 286 960 336 1031; x_wconf 82' lang='grc' dir='ltr'>τῆς</span> <span class='ocrx_word' id='word_1_52' title='bbox 358 954 423 1036; x_wconf 84' lang='grc' dir='ltr'>τῇδε</span> <span class='ocrx_word' id='word_1_53' title='bbox 447 961 577 1038; x_wconf 82' lang='grc' dir='ltr'>μεταστῇ,</span> <span class='ocrx_word' id='word_1_54' title='bbox 609 953 715 1032; x_wconf 86' lang='grc' dir='ltr'>ψαλμοὶ</span> <span class='ocrx_word' id='word_1_55' title='bbox 738 953 789 1030; x_wconf 82' lang='grc' dir='ltr'>μὲν</span> <span class='ocrx_word' id='word_1_56' title='bbox 813 955 873 1029; x_wconf 86' lang='grc' dir='ltr'>ὑμῖν</span> <span class='ocrx_word' id='word_1_57' title='bbox 897 950 1027 1037; x_wconf 75' lang='grc' dir='ltr'>ᾀδόμενοι</span> <span class='ocrx_word' id='word_1_58' title='bbox 1057 955 1162 1016; x_wconf 87' lang='grc' dir='ltr'>ἔσονται</span> <span class='ocrx_word' id='word_1_59' title='bbox 1185 959 1228 1015; x_wconf 81' lang='grc' dir='ltr'>τὸ·</span> <span class='ocrx_word' id='word_1_60' title='bbox 1261 957 1373 1036; x_wconf 63' lang='grc' dir='ltr'>,κάρτος</span> <span class='ocrx_word' id='word_1_61' title='bbox 1393 955 1539 1032; x_wconf 74' lang='grc' dir='ltr'>ποιμαίνει</span> 
     </span>
     <span class='ocr_line' id='line_1_7' title="bbox 232 1072 1538 1158; baseline 0 -22"><span class='ocrx_word' id='word_1_62' title='bbox 232 1078 289 1153; x_wconf 82' lang='grc' dir='ltr'>με“</span> <span class='ocrx_word' id='word_1_63' title='bbox 311 1075 359 1136; x_wconf 85' lang='grc' dir='ltr'>καὶ</span> <span class='ocrx_word' id='word_1_64' title='bbox 381 1077 426 1136; x_wconf 81' lang='grc' dir='ltr'>τέ·</span> <span class='ocrx_word' id='word_1_65' title='bbox 452 1075 514 1156; x_wconf 89' lang='grc' dir='ltr'>,,σοὶ</span> <span class='ocrx_word' id='word_1_66' title='bbox 536 1078 632 1155; x_wconf 81' lang='grc' dir='ltr'>πρέπει</span> <span class='ocrx_word' id='word_1_67' title='bbox 655 1078 748 1158; x_wconf 81' lang='grc' dir='ltr'>θμνος,</span> <span class='ocrx_word' id='word_1_68' title='bbox 772 1077 786 1135; x_wconf 87' lang='grc' dir='ltr'>δ</span> <span class='ocrx_word' id='word_1_69' title='bbox 809 1076 872 1148; x_wconf 83' lang='grc' dir='ltr'>θεδς</span> <span class='ocrx_word' id='word_1_70' title='bbox 896 1075 924 1136; x_wconf 87' lang='grc' dir='ltr'>έν</span> <span class='ocrx_word' id='word_1_71' title='bbox 948 1072 1049 1136; x_wconf 82' lang='grc' dir='ltr'>Σιών.“</span> <span class='ocrx_word' id='word_1_72' title='bbox 1091 1079 1225 1157; x_wconf 87' lang='grc' dir='ltr'>τροπάρια</span> <span class='ocrx_word' id='word_1_73' title='bbox 1248 1075 1348 1138; x_wconf 85' lang='grc' dir='ltr'>δὲκαὶ</span> <span class='ocrx_word' id='word_1_74' title='bbox 1371 1078 1438 1138; x_wconf 82' lang='grc' dir='ltr'>αθτά</span> <span class='ocrx_word' id='word_1_75' title='bbox 1462 1077 1538 1136; x_wconf 81' lang='grc' dir='ltr'>ἀνα·</span> 
     </span>
     <span class='ocr_line' id='line_1_8' title="bbox 231 1195 1538 1279; baseline -0.002 -21"><span class='ocrx_word' id='word_1_76' title='bbox 231 1200 367 1274; x_wconf 89' lang='grc' dir='ltr'>παύσιμα·</span> <span class='ocrx_word' id='word_1_77' title='bbox 392 1199 555 1276; x_wconf 82' lang='grc' dir='ltr'>,,μνήσθητι,</span> <span class='ocrx_word' id='word_1_78' title='bbox 577 1198 662 1278; x_wconf 78' lang='grc' dir='ltr'>κύριε,</span> <span class='ocrx_word' id='word_1_79' title='bbox 686 1197 850 1276; x_wconf 88' lang='grc' dir='ltr'>ἀνάπαυσον,</span> <span class='ocrx_word' id='word_1_80' title='bbox 873 1197 963 1278; x_wconf 74' lang='grc' dir='ltr'>σωτήρ</span> <span class='ocrx_word' id='word_1_81' title='bbox 984 1197 1073 1277; x_wconf 89' lang='grc' dir='ltr'>ήμῶν,</span> <span class='ocrx_word' id='word_1_82' title='bbox 1099 1195 1176 1279; x_wconf 79' lang='grc' dir='ltr'>δόξα,</span> <span class='ocrx_word' id='word_1_83' title='bbox 1200 1196 1247 1258; x_wconf 84' lang='grc' dir='ltr'>καὶ</span> <span class='ocrx_word' id='word_1_84' title='bbox 1263 1199 1345 1258; x_wconf 77' lang='grc' dir='ltr'>νῦν·“</span> <span class='ocrx_word' id='word_1_85' title='bbox 1368 1200 1439 1274; x_wconf 83' lang='grc' dir='ltr'>μετὰ</span> <span class='ocrx_word' id='word_1_86' title='bbox 1455 1197 1490 1258; x_wconf 88' lang='grc' dir='ltr'>δὲ</span> <span class='ocrx_word' id='word_1_87' title='bbox 1506 1199 1538 1257; x_wconf 81' lang='grc' dir='ltr'>τ“ο</span> 
     </span>
     <span class='ocr_line' id='line_1_9' title="bbox 232 1317 1540 1400; baseline 0.002 -22"><span class='ocrx_word' id='word_1_88' title='bbox 232 1321 394 1396; x_wconf 78' lang='grc' dir='ltr'>τελεσθῆναι</span> <span class='ocrx_word' id='word_1_89' title='bbox 417 1321 447 1380; x_wconf 80' lang='grc' dir='ltr'>τὀ</span> <span class='ocrx_word' id='word_1_90' title='bbox 470 1321 606 1398; x_wconf 87' lang='grc' dir='ltr'>τρισάγιον</span> <span class='ocrx_word' id='word_1_91' title='bbox 629 1319 647 1394; x_wconf 88' lang='grc' dir='ltr'>ή</span> <span class='ocrx_word' id='word_1_92' title='bbox 672 1319 907 1398; x_wconf 80' lang='grc' dir='ltr'>ἐκκλησιάρχισσα</span> <span class='ocrx_word' id='word_1_93' title='bbox 936 1323 982 1379; x_wconf 80' lang='grc' dir='ltr'>τοῦ</span> <span class='ocrx_word' id='word_1_94' title='bbox 1014 1317 1178 1396; x_wconf 81' lang='grc' dir='ltr'>έξαψάλμου</span> <span class='ocrx_word' id='word_1_95' title='bbox 1211 1317 1361 1400; x_wconf 79' lang='grc' dir='ltr'>ἀπάρξεται</span> <span class='ocrx_word' id='word_1_96' title='bbox 1390 1318 1540 1398; x_wconf 86' lang='grc' dir='ltr'>σχολαίως</span> 
     </span>
     <span class='ocr_line' id='line_1_10' title="bbox 232 1436 1538 1523; baseline 0.002 -23"><span class='ocrx_word' id='word_1_97' title='bbox 232 1463 263 1500; x_wconf 90' lang='grc' dir='ltr'>τε</span> <span class='ocrx_word' id='word_1_98' title='bbox 286 1439 332 1500; x_wconf 86' lang='grc' dir='ltr'>καί</span> <span class='ocrx_word' id='word_1_99' title='bbox 354 1447 540 1521; x_wconf 86' lang='grc' dir='ltr'>προσεκτικῶς</span> <span class='ocrx_word' id='word_1_100' title='bbox 568 1436 672 1522; x_wconf 79' lang='grc' dir='ltr'>ᾄδουσα</span> <span class='ocrx_word' id='word_1_101' title='bbox 695 1441 758 1500; x_wconf 80' lang='grc' dir='ltr'>αὺτδ</span> <span class='ocrx_word' id='word_1_102' title='bbox 780 1439 827 1500; x_wconf 89' lang='grc' dir='ltr'>καὶ</span> <span class='ocrx_word' id='word_1_103' title='bbox 848 1442 945 1521; x_wconf 81' lang='grc' dir='ltr'>ήσθχῳ</span> <span class='ocrx_word' id='word_1_104' title='bbox 967 1439 1106 1502; x_wconf 79' lang='grc' dir='ltr'>θποίδουσα</span> <span class='ocrx_word' id='word_1_105' title='bbox 1128 1447 1161 1523; x_wconf 85' lang='grc' dir='ltr'>τῇ</span> <span class='ocrx_word' id='word_1_106' title='bbox 1185 1447 1269 1523; x_wconf 78' lang='grc' dir='ltr'>φωνῇ,</span> <span class='ocrx_word' id='word_1_107' title='bbox 1300 1441 1333 1500; x_wconf 83' lang='grc' dir='ltr'>ἵν’</span> <span class='ocrx_word' id='word_1_108' title='bbox 1347 1441 1438 1520; x_wconf 78' lang='grc' dir='ltr'>ἔχοιεν</span> <span class='ocrx_word' id='word_1_109' title='bbox 1462 1442 1538 1502; x_wconf 88' lang='grc' dir='ltr'>ἀοιο-</span> 
     </span>
     <span class='ocr_line' id='line_1_11' title="bbox 233 1559 1539 1644; baseline -0.002 -20"><span class='ocrx_word' id='word_1_110' title='bbox 233 1565 342 1624; x_wconf 87' lang='grc' dir='ltr'>λουθεῖν</span> <span class='ocrx_word' id='word_1_111' title='bbox 372 1564 439 1644; x_wconf 81' lang='grc' dir='ltr'>αθτῇ</span> <span class='ocrx_word' id='word_1_112' title='bbox 462 1562 489 1622; x_wconf 86' lang='grc' dir='ltr'>αἱ</span> <span class='ocrx_word' id='word_1_113' title='bbox 512 1561 607 1623; x_wconf 88' lang='grc' dir='ltr'>λοιπαί</span> <span class='ocrx_word' id='word_1_114' title='bbox 637 1562 816 1643; x_wconf 80' lang='grc' dir='ltr'>ἀπροσκάπως</span> <span class='ocrx_word' id='word_1_115' title='bbox 838 1561 885 1622; x_wconf 84' lang='grc' dir='ltr'>καί</span> <span class='ocrx_word' id='word_1_116' title='bbox 916 1563 1049 1635; x_wconf 79' lang='grc' dir='ltr'>ἀπλανῶς</span> <span class='ocrx_word' id='word_1_117' title='bbox 1070 1561 1118 1624; x_wconf 87' lang='grc' dir='ltr'>καί</span> <span class='ocrx_word' id='word_1_118' title='bbox 1150 1559 1278 1636; x_wconf 78' lang='grc' dir='ltr'>διεξιέναι</span> <span class='ocrx_word' id='word_1_119' title='bbox 1300 1563 1362 1622; x_wconf 81' lang='grc' dir='ltr'>καθ’</span> <span class='ocrx_word' id='word_1_120' title='bbox 1376 1563 1478 1636; x_wconf 82' lang='grc' dir='ltr'>ἑαυτὰς</span> <span class='ocrx_word' id='word_1_121' title='bbox 1503 1561 1539 1622; x_wconf 87' lang='grc' dir='ltr'>τά</span> 
     </span>
     <span class='ocr_line' id='line_1_12' title="bbox 235 1681 1540 1764; baseline 0 -20"><span class='ocrx_word' id='word_1_122' title='bbox 235 1686 344 1764; x_wconf 78' lang='grc' dir='ltr'>ῥήματα</span> <span class='ocrx_word' id='word_1_123' title='bbox 373 1689 426 1744; x_wconf 91' lang='grc' dir='ltr'>τῶν</span> <span class='ocrx_word' id='word_1_124' title='bbox 456 1685 586 1763; x_wconf 78' lang='grc' dir='ltr'>ψαλμῶν,</span> <span class='ocrx_word' id='word_1_125' title='bbox 618 1685 686 1744; x_wconf 83' lang='grc' dir='ltr'>οθτω</span> <span class='ocrx_word' id='word_1_126' title='bbox 717 1705 748 1743; x_wconf 89' lang='grc' dir='ltr'>τε</span> <span class='ocrx_word' id='word_1_127' title='bbox 778 1684 848 1759; x_wconf 84' lang='grc' dir='ltr'>μετὰ</span> <span class='ocrx_word' id='word_1_128' title='bbox 877 1683 925 1759; x_wconf 79' lang='grc' dir='ltr'>τὴν</span> <span class='ocrx_word' id='word_1_129' title='bbox 948 1688 994 1744; x_wconf 80' lang='grc' dir='ltr'>τοῦ</span> <span class='ocrx_word' id='word_1_130' title='bbox 1026 1681 1189 1762; x_wconf 85' lang='grc' dir='ltr'>ἑξαψάλμου</span> <span class='ocrx_word' id='word_1_131' title='bbox 1222 1684 1394 1764; x_wconf 82' lang='grc' dir='ltr'>ἐκπλήρωσιν</span> <span class='ocrx_word' id='word_1_132' title='bbox 1417 1685 1435 1760; x_wconf 84' lang='grc' dir='ltr'>ή</span> <span class='ocrx_word' id='word_1_133' title='bbox 1457 1689 1540 1745; x_wconf 81' lang='grc' dir='ltr'>πάσα</span> 
     </span>
     <span class='ocr_line' id='line_1_13' title="bbox 233 1804 1539 1887; baseline -0.002 -21"><span class='ocrx_word' id='word_1_134' title='bbox 233 1811 279 1866; x_wconf 82' lang='grc' dir='ltr'>τοῦ</span> <span class='ocrx_word' id='word_1_135' title='bbox 307 1807 403 1887; x_wconf 82' lang='grc' dir='ltr'>ἀρθροο</span> <span class='ocrx_word' id='word_1_136' title='bbox 432 1806 583 1866; x_wconf 81' lang='grc' dir='ltr'>ἀκολουθία</span> <span class='ocrx_word' id='word_1_137' title='bbox 609 1807 806 1881; x_wconf 77' lang='grc' dir='ltr'>τελεσθήσεται</span> <span class='ocrx_word' id='word_1_138' title='bbox 832 1807 903 1866; x_wconf 80' lang='grc' dir='ltr'>κατὰ</span> <span class='ocrx_word' id='word_1_139' title='bbox 929 1807 978 1880; x_wconf 80' lang='grc' dir='ltr'>τὴν</span> <span class='ocrx_word' id='word_1_140' title='bbox 1005 1810 1052 1866; x_wconf 81' lang='grc' dir='ltr'>τοῦ</span> <span class='ocrx_word' id='word_1_141' title='bbox 1079 1804 1238 1887; x_wconf 83' lang='grc' dir='ltr'>συναξαρίσυ</span> <span class='ocrx_word' id='word_1_142' title='bbox 1264 1805 1421 1886; x_wconf 79' lang='grc' dir='ltr'>περίληψιν.</span> <span class='ocrx_word' id='word_1_143' title='bbox 1468 1807 1539 1886; x_wconf 75' lang='grc' dir='ltr'>ὅπερ</span> 
     </span>
     <span class='ocr_line' id='line_1_14' title="bbox 236 1925 1539 2009; baseline -0.003 -20"><span class='ocrx_word' id='word_1_144' title='bbox 236 1929 269 2004; x_wconf 86' lang='grc' dir='ltr'>δὴ</span> <span class='ocrx_word' id='word_1_145' title='bbox 293 1925 450 2009; x_wconf 80' lang='grc' dir='ltr'>συναξάριον</span> <span class='ocrx_word' id='word_1_146' title='bbox 474 1926 604 2008; x_wconf 82' lang='grc' dir='ltr'>καὶπερὶ</span> <span class='ocrx_word' id='word_1_147' title='bbox 627 1933 675 2003; x_wconf 77' lang='grc' dir='ltr'>τῆς</span> <span class='ocrx_word' id='word_1_148' title='bbox 702 1933 756 1988; x_wconf 90' lang='grc' dir='ltr'>τῶν</span> <span class='ocrx_word' id='word_1_149' title='bbox 789 1927 873 2006; x_wconf 81' lang='grc' dir='ltr'>ἁγίων</span> <span class='ocrx_word' id='word_1_150' title='bbox 904 1933 1033 2004; x_wconf 63' lang='grc' dir='ltr'>νηστειῶν</span> <span class='ocrx_word' id='word_1_151' title='bbox 1064 1926 1231 2000; x_wconf 78' lang='grc' dir='ltr'>ἀκολουθίας</span> <span class='ocrx_word' id='word_1_152' title='bbox 1262 1926 1442 2008; x_wconf 72' lang='grc' dir='ltr'>ἀκριβέστατα</span> <span class='ocrx_word' id='word_1_153' title='bbox 1474 1928 1539 2003; x_wconf 75' lang='grc' dir='ltr'>ὑμῖν</span> 
     </span>
     <span class='ocr_line' id='line_1_15' title="bbox 235 2045 1538 2130; baseline -0.003 -20"><span class='ocrx_word' id='word_1_154' title='bbox 235 2050 374 2125; x_wconf 85' lang='grc' dir='ltr'>ὑποθήσει.</span> <span class='ocrx_word' id='word_1_155' title='bbox 405 2050 473 2110; x_wconf 84' lang='grc' dir='ltr'>καθδ</span> <span class='ocrx_word' id='word_1_156' title='bbox 493 2049 539 2109; x_wconf 87' lang='grc' dir='ltr'>καὶ</span> <span class='ocrx_word' id='word_1_157' title='bbox 565 2050 745 2130; x_wconf 87' lang='grc' dir='ltr'>διαπρακτὲον</span> <span class='ocrx_word' id='word_1_158' title='bbox 766 2051 801 2109; x_wconf 88' lang='grc' dir='ltr'>τά</span> <span class='ocrx_word' id='word_1_159' title='bbox 822 2069 852 2108; x_wconf 92' lang='grc' dir='ltr'>τε</span> <span class='ocrx_word' id='word_1_160' title='bbox 878 2049 955 2108; x_wconf 81' lang='grc' dir='ltr'>ἀλλα</span> <span class='ocrx_word' id='word_1_161' title='bbox 977 2047 1038 2124; x_wconf 78' lang='grc' dir='ltr'>1θμίν</span> <span class='ocrx_word' id='word_1_162' title='bbox 1061 2048 1107 2109; x_wconf 85' lang='grc' dir='ltr'>καὶ</span> <span class='ocrx_word' id='word_1_163' title='bbox 1132 2048 1166 2124; x_wconf 82' lang='grc' dir='ltr'>δὴ</span> <span class='ocrx_word' id='word_1_164' title='bbox 1189 2048 1236 2109; x_wconf 83' lang='grc' dir='ltr'>καὶ</span> <span class='ocrx_word' id='word_1_165' title='bbox 1258 2050 1309 2122; x_wconf 86' lang='grc' dir='ltr'>τὰς</span> <span class='ocrx_word' id='word_1_166' title='bbox 1331 2045 1483 2129; x_wconf 82' lang='grc' dir='ltr'>ἀγρυπνίας</span> <span class='ocrx_word' id='word_1_167' title='bbox 1507 2049 1538 2109; x_wconf 87' lang='grc' dir='ltr'>ἐν</span> 
     </span>
     <span class='ocr_line' id='line_1_16' title="bbox 235 2165 1539 2256; baseline -0.002 -25"><span class='ocrx_word' id='word_1_168' title='bbox 235 2173 309 2254; x_wconf 72' lang='grc' dir='ltr'>πάσῃ</span> <span class='ocrx_word' id='word_1_169' title='bbox 332 2176 448 2252; x_wconf 82' lang='grc' dir='ltr'>κυριακῇ</span> <span class='ocrx_word' id='word_1_170' title='bbox 472 2166 540 2256; x_wconf 84' lang='grc' dir='ltr'>[καί]</span> <span class='ocrx_word' id='word_1_171' title='bbox 559 2169 703 2252; x_wconf 80' lang='grc' dir='ltr'>δεσποτικῇ</span> <span class='ocrx_word' id='word_1_172' title='bbox 720 2171 800 2253; x_wconf 85' lang='grc' dir='ltr'>ἑορτῇ</span> <span class='ocrx_word' id='word_1_173' title='bbox 815 2168 863 2230; x_wconf 88' lang='grc' dir='ltr'>καί</span> <span class='ocrx_word' id='word_1_174' title='bbox 880 2165 921 2254; x_wconf 77' lang='grc' dir='ltr'>[ἐν</span> <span class='ocrx_word' id='word_1_175' title='bbox 937 2165 1006 2254; x_wconf 83' lang='grc' dir='ltr'>ταῖς]</span> <span class='ocrx_word' id='word_1_176' title='bbox 1020 2171 1038 2247; x_wconf 90' lang='lat'>¹)</span> <span class='ocrx_word' id='word_1_177' title='bbox 1055 2175 1108 2229; x_wconf 90' lang='grc' dir='ltr'>τῶν</span> <span class='ocrx_word' id='word_1_178' title='bbox 1123 2171 1228 2232; x_wconf 86' lang='grc' dir='ltr'>λοιπῶν</span> <span class='ocrx_word' id='word_1_179' title='bbox 1245 2169 1329 2250; x_wconf 80' lang='grc' dir='ltr'>ἁγίων</span> <span class='ocrx_word' id='word_1_180' title='bbox 1346 2173 1478 2250; x_wconf 79' lang='grc' dir='ltr'>μνήμαις,</span> <span class='ocrx_word' id='word_1_181' title='bbox 1503 2173 1539 2243; x_wconf 80' lang='grc' dir='ltr'>ἀς</span> 
     </span>
     <span class='ocr_line' id='line_1_17' title="bbox 238 2290 1538 2376; baseline 0 -24"><span class='ocrx_word' id='word_1_182' title='bbox 238 2290 349 2368; x_wconf 81' lang='grc' dir='ltr'>διέξεισι</span> <span class='ocrx_word' id='word_1_183' title='bbox 368 2295 399 2352; x_wconf 85' lang='grc' dir='ltr'>τδ</span> <span class='ocrx_word' id='word_1_184' title='bbox 423 2290 590 2371; x_wconf 83' lang='grc' dir='ltr'>συναξάριον.</span> <span class='ocrx_word' id='word_1_185' title='bbox 622 2292 696 2366; x_wconf 81' lang='grc' dir='ltr'>πλὴν</span> <span class='ocrx_word' id='word_1_186' title='bbox 720 2292 835 2351; x_wconf 77' lang='grc' dir='ltr'>ἐνταῦθα</span> <span class='ocrx_word' id='word_1_187' title='bbox 857 2291 1108 2370; x_wconf 80' lang='grc' dir='ltr'>συγ-καταβαίνουσα</span> <span class='ocrx_word' id='word_1_188' title='bbox 1130 2293 1148 2368; x_wconf 89' lang='grc' dir='ltr'>ή</span> <span class='ocrx_word' id='word_1_189' title='bbox 1172 2292 1303 2366; x_wconf 83' lang='grc' dir='ltr'>βασιλεία</span> <span class='ocrx_word' id='word_1_190' title='bbox 1325 2298 1425 2376; x_wconf 82' lang='grc' dir='ltr'>μουτῇ</span> <span class='ocrx_word' id='word_1_191' title='bbox 1449 2293 1538 2352; x_wconf 88' lang='grc' dir='ltr'>ἀσθε-</span> 
     </span>
     <span class='ocr_line' id='line_1_18' title="bbox 236 2411 1537 2497; baseline -0.001 -22"><span class='ocrx_word' id='word_1_192' title='bbox 236 2415 296 2497; x_wconf 84' lang='grc' dir='ltr'>νείᾳ</span> <span class='ocrx_word' id='word_1_193' title='bbox 318 2416 392 2490; x_wconf 78' lang='grc' dir='ltr'>ὑμῶν</span> <span class='ocrx_word' id='word_1_194' title='bbox 415 2413 462 2474; x_wconf 85' lang='grc' dir='ltr'>καὶ</span> <span class='ocrx_word' id='word_1_195' title='bbox 484 2411 546 2495; x_wconf 91' lang='grc' dir='ltr'>περὶ</span> <span class='ocrx_word' id='word_1_196' title='bbox 568 2419 621 2473; x_wconf 91' lang='grc' dir='ltr'>τῶν</span> <span class='ocrx_word' id='word_1_197' title='bbox 653 2414 805 2493; x_wconf 78' lang='grc' dir='ltr'>ἀγρυπνιῶν</span> <span class='ocrx_word' id='word_1_198' title='bbox 828 2415 1046 2495; x_wconf 81' lang='grc' dir='ltr'>συμπαθέστερόν</span> <span class='ocrx_word' id='word_1_199' title='bbox 1070 2435 1093 2474; x_wconf 93' lang='grc' dir='ltr'>τι</span> <span class='ocrx_word' id='word_1_200' title='bbox 1116 2415 1288 2490; x_wconf 79' lang='grc' dir='ltr'>ἐπινενάηκε·</span> <span class='ocrx_word' id='word_1_201' title='bbox 1321 2414 1458 2491; x_wconf 77' lang='grc' dir='ltr'>βούλομαι</span> <span class='ocrx_word' id='word_1_202' title='bbox 1480 2413 1537 2494; x_wconf 77' lang='grc' dir='ltr'>γὰρ</span> 
     </span>
     <span class='ocr_line' id='line_1_19' title="bbox 236 2534 1537 2618; baseline -0.002 -20"><span class='ocrx_word' id='word_1_203' title='bbox 236 2535 283 2598; x_wconf 84' lang='grc' dir='ltr'>καὶ</span> <span class='ocrx_word' id='word_1_204' title='bbox 307 2537 467 2617; x_wconf 78' lang='grc' dir='ltr'>διορίζομαι,</span> <span class='ocrx_word' id='word_1_205' title='bbox 497 2536 547 2606; x_wconf 80' lang='grc' dir='ltr'>τὰς</span> <span class='ocrx_word' id='word_1_206' title='bbox 570 2536 621 2611; x_wconf 87' lang='grc' dir='ltr'>μὲν</span> <span class='ocrx_word' id='word_1_207' title='bbox 645 2534 688 2596; x_wconf 84' lang='grc' dir='ltr'>ἐπὶ</span> <span class='ocrx_word' id='word_1_208' title='bbox 718 2539 777 2608; x_wconf 85' lang='grc' dir='ltr'>ταῖς</span> <span class='ocrx_word' id='word_1_209' title='bbox 805 2534 978 2609; x_wconf 79' lang='grc' dir='ltr'>δεσποτικαῖς</span> <span class='ocrx_word' id='word_1_210' title='bbox 1009 2538 1116 2618; x_wconf 82' lang='grc' dir='ltr'>ἑορταῖς</span> <span class='ocrx_word' id='word_1_211' title='bbox 1137 2541 1184 2597; x_wconf 79' lang='grc' dir='ltr'>τοῦ</span> <span class='ocrx_word' id='word_1_212' title='bbox 1212 2535 1303 2618; x_wconf 89' lang='grc' dir='ltr'>κυρίου</span> <span class='ocrx_word' id='word_1_213' title='bbox 1325 2536 1372 2598; x_wconf 87' lang='grc' dir='ltr'>καὶ</span> <span class='ocrx_word' id='word_1_214' title='bbox 1403 2539 1465 2598; x_wconf 86' lang='grc' dir='ltr'>θεοῦ</span> <span class='ocrx_word' id='word_1_215' title='bbox 1488 2535 1537 2598; x_wconf 87' lang='grc' dir='ltr'>καί</span> 
     </span>
     <span class='ocr_line' id='line_1_20' title="bbox 237 2655 1536 2738; baseline -0.001 -20"><span class='ocrx_word' id='word_1_216' title='bbox 237 2665 359 2738; x_wconf 79' lang='grc' dir='ltr'>σωτῆρος</span> <span class='ocrx_word' id='word_1_217' title='bbox 380 2660 459 2734; x_wconf 86' lang='grc' dir='ltr'>η’μῶν</span> <span class='ocrx_word' id='word_1_218' title='bbox 482 2656 528 2718; x_wconf 87' lang='grc' dir='ltr'>καί</span> <span class='ocrx_word' id='word_1_219' title='bbox 551 2664 600 2732; x_wconf 77' lang='grc' dir='ltr'>τῆς</span> <span class='ocrx_word' id='word_1_220' title='bbox 630 2655 769 2736; x_wconf 87' lang='grc' dir='ltr'>πανάγνου</span> <span class='ocrx_word' id='word_1_221' title='bbox 804 2657 947 2734; x_wconf 82' lang='grc' dir='ltr'>δεσποίνης</span> <span class='ocrx_word' id='word_1_222' title='bbox 970 2657 1016 2719; x_wconf 89' lang='grc' dir='ltr'>καὶ</span> <span class='ocrx_word' id='word_1_223' title='bbox 1046 2661 1175 2720; x_wconf 80' lang='grc' dir='ltr'>θεοτάκου</span> <span class='ocrx_word' id='word_1_224' title='bbox 1205 2660 1344 2720; x_wconf 83' lang='grc' dir='ltr'>τελεῖσθαι</span> <span class='ocrx_word' id='word_1_225' title='bbox 1373 2659 1536 2736; x_wconf 73' lang='grc' dir='ltr'>μελλούσας</span> 
     </span>
     <span class='ocr_line' id='line_1_21' title="bbox 237 2777 1535 2860; baseline -0.002 -22"><span class='ocrx_word' id='word_1_226' title='bbox 237 2779 385 2858; x_wconf 87' lang='grc' dir='ltr'>ἀγρυπνίας</span> <span class='ocrx_word' id='word_1_227' title='bbox 414 2783 505 2850; x_wconf 87' lang='grc' dir='ltr'>πάσας</span> <span class='ocrx_word' id='word_1_228' title='bbox 536 2777 708 2849; x_wconf 82' lang='grc' dir='ltr'>έλονυκτίους</span> <span class='ocrx_word' id='word_1_229' title='bbox 738 2780 859 2857; x_wconf 89' lang='grc' dir='ltr'>γίνεσθαι</span> <span class='ocrx_word' id='word_1_230' title='bbox 881 2777 928 2839; x_wconf 82' lang='grc' dir='ltr'>καὶ</span> <span class='ocrx_word' id='word_1_231' title='bbox 951 2781 1032 2856; x_wconf 83' lang='grc' dir='ltr'>αθτὴν</span> <span class='ocrx_word' id='word_1_232' title='bbox 1054 2781 1104 2856; x_wconf 81' lang='grc' dir='ltr'>τὴν</span> <span class='ocrx_word' id='word_1_233' title='bbox 1125 2783 1172 2840; x_wconf 84' lang='grc' dir='ltr'>τοῦ</span> <span class='ocrx_word' id='word_1_234' title='bbox 1199 2781 1326 2860; x_wconf 79' lang='grc' dir='ltr'>μεγάλου</span> <span class='ocrx_word' id='word_1_235' title='bbox 1349 2781 1466 2853; x_wconf 77' lang='grc' dir='ltr'>κανόνος</span> <span class='ocrx_word' id='word_1_236' title='bbox 1488 2778 1535 2838; x_wconf 85' lang='grc' dir='ltr'>καί</span> 
     </span>
     <span class='ocr_line' id='line_1_22' title="bbox 236 2899 1536 2982; baseline 0.001 -23"><span class='ocrx_word' id='word_1_237' title='bbox 236 2903 361 2976; x_wconf 82' lang='grc' dir='ltr'>τὴντῶν</span> <span class='ocrx_word' id='word_1_238' title='bbox 384 2901 468 2980; x_wconf 89' lang='grc' dir='ltr'>άγίων</span> <span class='ocrx_word' id='word_1_239' title='bbox 491 2902 594 2976; x_wconf 87' lang='grc' dir='ltr'>παθῶν,</span> <span class='ocrx_word' id='word_1_240' title='bbox 620 2901 657 2960; x_wconf 87' lang='grc' dir='ltr'>ἔτι</span> <span class='ocrx_word' id='word_1_241' title='bbox 679 2923 713 2980; x_wconf 88' lang='grc' dir='ltr'>γε</span> <span class='ocrx_word' id='word_1_242' title='bbox 736 2903 790 2976; x_wconf 79' lang='grc' dir='ltr'>μὴν</span> <span class='ocrx_word' id='word_1_243' title='bbox 816 2899 863 2960; x_wconf 87' lang='grc' dir='ltr'>καί</span> <span class='ocrx_word' id='word_1_244' title='bbox 886 2901 935 2977; x_wconf 81' lang='grc' dir='ltr'>τὴν</span> <span class='ocrx_word' id='word_1_245' title='bbox 957 2907 1006 2978; x_wconf 82' lang='grc' dir='ltr'>τῆς</span> <span class='ocrx_word' id='word_1_246' title='bbox 1029 2903 1159 2978; x_wconf 85' lang='grc' dir='ltr'>θψῶσεως</span> <span class='ocrx_word' id='word_1_247' title='bbox 1181 2905 1227 2962; x_wconf 79' lang='grc' dir='ltr'>τοῦ</span> <span class='ocrx_word' id='word_1_248' title='bbox 1249 2901 1337 2977; x_wconf 86' lang='grc' dir='ltr'>τιμίου</span> <span class='ocrx_word' id='word_1_249' title='bbox 1359 2905 1473 2982; x_wconf 84' lang='grc' dir='ltr'>σταυροῦ</span> <span class='ocrx_word' id='word_1_250' title='bbox 1489 2899 1536 2960; x_wconf 85' lang='grc' dir='ltr'>καὶ</span> 
     </span>
     <span class='ocr_line' id='line_1_23' title="bbox 237 3021 1536 3104; baseline 0 -24"><span class='ocrx_word' id='word_1_251' title='bbox 237 3023 285 3098; x_wconf 78' lang='grc' dir='ltr'>τὴν</span> <span class='ocrx_word' id='word_1_252' title='bbox 308 3029 361 3082; x_wconf 86' lang='grc' dir='ltr'>τῶν</span> <span class='ocrx_word' id='word_1_253' title='bbox 384 3022 469 3102; x_wconf 80' lang='grc' dir='ltr'>ἁγίων</span> <span class='ocrx_word' id='word_1_254' title='bbox 491 3021 538 3081; x_wconf 83' lang='grc' dir='ltr'>καί</span> <span class='ocrx_word' id='word_1_255' title='bbox 560 3023 711 3102; x_wconf 79' lang='grc' dir='ltr'>κορυφαίων</span> <span class='ocrx_word' id='word_1_256' title='bbox 734 3022 893 3082; x_wconf 70' lang='grc' dir='ltr'>ἀποστόλων</span> <span class='ocrx_word' id='word_1_257' title='bbox 917 3024 1021 3104; x_wconf 85' lang='grc' dir='ltr'>Πέτρου</span> <span class='ocrx_word' id='word_1_258' title='bbox 1043 3021 1091 3083; x_wconf 87' lang='grc' dir='ltr'>καὶ</span> <span class='ocrx_word' id='word_1_259' title='bbox 1106 3023 1229 3103; x_wconf 79' lang='grc' dir='ltr'>Παίλου,</span> <span class='ocrx_word' id='word_1_260' title='bbox 1252 3023 1303 3095; x_wconf 89' lang='grc' dir='ltr'>τάς</span> <span class='ocrx_word' id='word_1_261' title='bbox 1325 3023 1356 3082; x_wconf 89' lang='grc' dir='ltr'>δέ</span> <span class='ocrx_word' id='word_1_262' title='bbox 1371 3044 1406 3102; x_wconf 87' lang='grc' dir='ltr'>γε</span> <span class='ocrx_word' id='word_1_263' title='bbox 1422 3021 1536 3084; x_wconf 82' lang='grc' dir='ltr'>ἐπὶτῶν</span> 
     </span>
     <span class='ocr_line' id='line_1_24' title="bbox 237 3141 1534 3226; baseline -0.005 -20"><span class='ocrx_word' id='word_1_264' title='bbox 237 3144 373 3225; x_wconf 82' lang='grc' dir='ltr'>κυριακῶν</span> <span class='ocrx_word' id='word_1_265' title='bbox 396 3146 515 3224; x_wconf 84' lang='grc' dir='ltr'>ἡμερῶν,</span> <span class='ocrx_word' id='word_1_266' title='bbox 541 3141 563 3202; x_wconf 91' lang='grc' dir='ltr'>εί</span> <span class='ocrx_word' id='word_1_267' title='bbox 587 3146 625 3220; x_wconf 92' lang='grc' dir='ltr'>μή</span> <span class='ocrx_word' id='word_1_268' title='bbox 647 3165 699 3204; x_wconf 86' lang='grc' dir='ltr'>που</span> <span class='ocrx_word' id='word_1_269' title='bbox 720 3143 829 3216; x_wconf 74' lang='grc' dir='ltr'>ταύταις</span> <span class='ocrx_word' id='word_1_270' title='bbox 851 3142 897 3204; x_wconf 85' lang='grc' dir='ltr'>καί</span> <span class='ocrx_word' id='word_1_271' title='bbox 920 3149 972 3203; x_wconf 91' lang='grc' dir='ltr'>τῶν</span> <span class='ocrx_word' id='word_1_272' title='bbox 997 3145 1164 3206; x_wconf 84' lang='grc' dir='ltr'>δεσποτικῶν</span> <span class='ocrx_word' id='word_1_273' title='bbox 1187 3144 1237 3220; x_wconf 90' lang='grc' dir='ltr'>μία</span> <span class='ocrx_word' id='word_1_274' title='bbox 1259 3144 1398 3226; x_wconf 80' lang='grc' dir='ltr'>συνδράμῃ</span> <span class='ocrx_word' id='word_1_275' title='bbox 1421 3145 1534 3226; x_wconf 81' lang='grc' dir='ltr'>ἑορτῶν,</span> 
     </span>
     <span class='ocr_line' id='line_1_25' title="bbox 239 3263 1538 3347; baseline -0.002 -21"><span class='ocrx_word' id='word_1_276' title='bbox 239 3267 333 3346; x_wconf 85' lang='grc' dir='ltr'>θέρους</span> <span class='ocrx_word' id='word_1_277' title='bbox 356 3264 405 3341; x_wconf 83' lang='grc' dir='ltr'>μὲν</span> <span class='ocrx_word' id='word_1_278' title='bbox 429 3263 519 3345; x_wconf 81' lang='grc' dir='ltr'>τρίτης</span> <span class='ocrx_word' id='word_1_279' title='bbox 542 3268 625 3346; x_wconf 82' lang='grc' dir='ltr'>ὥρας,</span> <span class='ocrx_word' id='word_1_280' title='bbox 647 3271 786 3344; x_wconf 82' lang='grc' dir='ltr'>χειμῶνος</span> <span class='ocrx_word' id='word_1_281' title='bbox 810 3264 842 3326; x_wconf 84' lang='grc' dir='ltr'>δὲ</span> <span class='ocrx_word' id='word_1_282' title='bbox 863 3268 994 3345; x_wconf 82' lang='grc' dir='ltr'>τετάρτης</span> <span class='ocrx_word' id='word_1_283' title='bbox 1017 3265 1176 3347; x_wconf 85' lang='grc' dir='ltr'>ἀρχομένης</span> <span class='ocrx_word' id='word_1_284' title='bbox 1204 3266 1335 3327; x_wconf 84' lang='grc' dir='ltr'>ἐκτελεῖν.</span> <span class='ocrx_word' id='word_1_285' title='bbox 1383 3264 1408 3325; x_wconf 84' lang='grc' dir='ltr'>εἰ</span> <span class='ocrx_word' id='word_1_286' title='bbox 1430 3265 1463 3326; x_wconf 90' lang='grc' dir='ltr'>δέ</span> <span class='ocrx_word' id='word_1_287' title='bbox 1485 3287 1538 3326; x_wconf 90' lang='grc' dir='ltr'>που</span> 
     </span>
     <span class='ocr_line' id='line_1_26' title="bbox 238 3387 1538 3470; baseline 0 -22"><span class='ocrx_word' id='word_1_288' title='bbox 238 3389 315 3466; x_wconf 82' lang='grc' dir='ltr'>τύχοι</span> <span class='ocrx_word' id='word_1_289' title='bbox 345 3387 391 3446; x_wconf 86' lang='grc' dir='ltr'>δθο</span> <span class='ocrx_word' id='word_1_290' title='bbox 415 3387 444 3446; x_wconf 89' lang='grc' dir='ltr'>έν</span> <span class='ocrx_word' id='word_1_291' title='bbox 474 3388 524 3470; x_wconf 81' lang='grc' dir='ltr'>μιᾷ</span> <span class='ocrx_word' id='word_1_292' title='bbox 554 3387 687 3464; x_wconf 85' lang='grc' dir='ltr'>έβδομάδι</span> <span class='ocrx_word' id='word_1_293' title='bbox 717 3387 877 3467; x_wconf 83' lang='grc' dir='ltr'>συνδραμεῖν</span> <span class='ocrx_word' id='word_1_294' title='bbox 908 3387 1065 3468; x_wconf 85' lang='grc' dir='ltr'>ἀγρυπνίας,</span> <span class='ocrx_word' id='word_1_295' title='bbox 1096 3388 1161 3462; x_wconf 86' lang='grc' dir='ltr'>μίαν</span> <span class='ocrx_word' id='word_1_296' title='bbox 1191 3387 1241 3464; x_wconf 84' lang='grc' dir='ltr'>μὲν</span> <span class='ocrx_word' id='word_1_297' title='bbox 1274 3388 1435 3464; x_wconf 84' lang='grc' dir='ltr'>δεσποτικής</span> <span class='ocrx_word' id='word_1_298' title='bbox 1464 3409 1538 3460; x_wconf 89' lang='grc' dir='ltr'>τινος</span> 
     </span>
     <span class='ocr_line' id='line_1_27' title="bbox 240 3507 1537 3590; baseline 0 -22"><span class='ocrx_word' id='word_1_299' title='bbox 240 3511 346 3589; x_wconf 75' lang='grc' dir='ltr'>ἑορτῆς,</span> <span class='ocrx_word' id='word_1_300' title='bbox 371 3509 465 3588; x_wconf 85' lang='grc' dir='ltr'>έτέραν</span> <span class='ocrx_word' id='word_1_301' title='bbox 489 3508 520 3568; x_wconf 81' lang='grc' dir='ltr'>δέ</span> <span class='ocrx_word' id='word_1_302' title='bbox 543 3514 595 3568; x_wconf 93' lang='grc' dir='ltr'>τῶν</span> <span class='ocrx_word' id='word_1_303' title='bbox 620 3508 648 3568; x_wconf 85' lang='grc' dir='ltr'>ἐν</span> <span class='ocrx_word' id='word_1_304' title='bbox 670 3510 730 3578; x_wconf 83' lang='grc' dir='ltr'>ταῖς</span> <span class='ocrx_word' id='word_1_305' title='bbox 752 3511 893 3590; x_wconf 83' lang='grc' dir='ltr'>κυριακαῖς</span> <span class='ocrx_word' id='word_1_306' title='bbox 914 3511 1120 3589; x_wconf 80' lang='grc' dir='ltr'>πεπιττωμένων,</span> <span class='ocrx_word' id='word_1_307' title='bbox 1148 3509 1196 3584; x_wconf 81' lang='grc' dir='ltr'>τὴν</span> <span class='ocrx_word' id='word_1_308' title='bbox 1219 3507 1270 3584; x_wconf 83' lang='grc' dir='ltr'>μὲν</span> <span class='ocrx_word' id='word_1_309' title='bbox 1293 3507 1338 3568; x_wconf 76' lang='grc' dir='ltr'>οὖν</span> <span class='ocrx_word' id='word_1_310' title='bbox 1363 3509 1537 3584; x_wconf 80' lang='grc' dir='ltr'>δεσποτικὴν,</span> 
     </span>
     <span class='ocr_line' id='line_1_28' title="bbox 193 3628 1538 3712; baseline 0.001 -22"><span class='ocrx_word' id='word_1_311' title='bbox 193 3693 197 3702; x_wconf 68' lang='grc'>,</span> <span class='ocrx_word' id='word_1_312' title='bbox 240 3631 295 3690; x_wconf 83' lang='grc' dir='ltr'>εἴτε</span> <span class='ocrx_word' id='word_1_313' title='bbox 319 3629 352 3705; x_wconf 85' lang='grc' dir='ltr'>δὴ</span> <span class='ocrx_word' id='word_1_314' title='bbox 375 3633 570 3710; x_wconf 89' lang='grc' dir='ltr'>προηγήσεται,</span> <span class='ocrx_word' id='word_1_315' title='bbox 595 3629 650 3689; x_wconf 83' lang='grc' dir='ltr'>εἴτε</span> <span class='ocrx_word' id='word_1_316' title='bbox 672 3628 719 3690; x_wconf 84' lang='grc' dir='ltr'>καί</span> <span class='ocrx_word' id='word_1_317' title='bbox 742 3633 790 3712; x_wconf 87' lang='grc' dir='ltr'>μή,</span> <span class='ocrx_word' id='word_1_318' title='bbox 815 3631 970 3690; x_wconf 85' lang='grc' dir='ltr'>ὁλονθκτιον</span> <span class='ocrx_word' id='word_1_319' title='bbox 992 3629 1113 3708; x_wconf 87' lang='grc' dir='ltr'>γίνεσθαι</span> <span class='ocrx_word' id='word_1_320' title='bbox 1137 3630 1337 3710; x_wconf 76' lang='grc' dir='ltr'>ἐντελλόμεθα,</span> <span class='ocrx_word' id='word_1_321' title='bbox 1360 3631 1410 3706; x_wconf 77' lang='grc' dir='ltr'>τὴν</span> <span class='ocrx_word' id='word_1_322' title='bbox 1434 3629 1465 3691; x_wconf 87' lang='grc' dir='ltr'>δὲ</span> <span class='ocrx_word' id='word_1_323' title='bbox 1488 3637 1538 3708; x_wconf 80' lang='grc' dir='ltr'>τῆς</span> 
     </span>
     <span class='ocr_line' id='line_1_29' title="bbox 239 3747 1537 3833; baseline 0 -21"><span class='ocrx_word' id='word_1_324' title='bbox 239 3758 371 3833; x_wconf 82' lang='grc' dir='ltr'>κυριακῆς</span> <span class='ocrx_word' id='word_1_325' title='bbox 401 3754 483 3826; x_wconf 83' lang='grc' dir='ltr'>ἕκτης</span> <span class='ocrx_word' id='word_1_326' title='bbox 513 3747 587 3833; x_wconf 75' lang='grc' dir='ltr'>ὧρας</span> <span class='ocrx_word' id='word_1_327' title='bbox 618 3751 784 3832; x_wconf 72' lang='grc' dir='ltr'>ἀρχομένης,</span> <span class='ocrx_word' id='word_1_328' title='bbox 815 3751 848 3811; x_wconf 83' lang='grc' dir='ltr'>ἵν’</span> <span class='ocrx_word' id='word_1_329' title='bbox 861 3752 930 3812; x_wconf 81' lang='grc' dir='ltr'>οθτω</span> <span class='ocrx_word' id='word_1_330' title='bbox 962 3752 1058 3832; x_wconf 65' lang='grc' dir='ltr'>μικρὸν</span> <span class='ocrx_word' id='word_1_331' title='bbox 1088 3751 1311 3827; x_wconf 84' lang='grc' dir='ltr'>ἀναπαυσάμεναι</span> <span class='ocrx_word' id='word_1_332' title='bbox 1338 3753 1537 3832; x_wconf 77' lang='grc' dir='ltr'>προθυμέτεραι</span> 
     </span>
     <span class='ocr_line' id='line_1_30' title="bbox 239 3867 1537 3954; baseline 0.002 -22"><span class='ocrx_word' id='word_1_333' title='bbox 239 3877 295 3946; x_wconf 85' lang='grc' dir='ltr'>τοῖς</span> <span class='ocrx_word' id='word_1_334' title='bbox 319 3875 470 3953; x_wconf 86' lang='grc' dir='ltr'>ἔμπροσθεν</span> <span class='ocrx_word' id='word_1_335' title='bbox 492 3872 620 3954; x_wconf 84' lang='grc' dir='ltr'>γίνοισθε,</span> <span class='ocrx_word' id='word_1_336' title='bbox 644 3873 690 3934; x_wconf 85' lang='grc' dir='ltr'>καί</span> <span class='ocrx_word' id='word_1_337' title='bbox 714 3867 758 3934; x_wconf 81' lang='grc' dir='ltr'>ἐπὶ</span> <span class='ocrx_word' id='word_1_338' title='bbox 779 3871 818 3952; x_wconf 79' lang='grc' dir='ltr'>τῷ</span> <span class='ocrx_word' id='word_1_339' title='bbox 834 3873 923 3954; x_wconf 76' lang='grc' dir='ltr'>ἀρθρῳ</span> <span class='ocrx_word' id='word_1_340' title='bbox 940 3873 971 3932; x_wconf 83' lang='grc' dir='ltr'>δὲ</span> <span class='ocrx_word' id='word_1_341' title='bbox 985 3879 1035 3949; x_wconf 83' lang='grc' dir='ltr'>τῇς</span> <span class='ocrx_word' id='word_1_342' title='bbox 1051 3873 1120 3950; x_wconf 87' lang='grc' dir='ltr'>μετά</span> <span class='ocrx_word' id='word_1_343' title='bbox 1135 3873 1185 3949; x_wconf 77' lang='grc' dir='ltr'>τὴν</span> <span class='ocrx_word' id='word_1_344' title='bbox 1208 3873 1365 3934; x_wconf 85' lang='grc' dir='ltr'>δλονὺκττον</span> <span class='ocrx_word' id='word_1_345' title='bbox 1388 3874 1537 3954; x_wconf 83' lang='grc' dir='ltr'>ἀγρυπνίαν</span> 
     </span>
     <span class='ocr_line' id='line_1_31' title="bbox 239 3993 1538 4077; baseline -0.001 -22"><span class='ocrx_word' id='word_1_346' title='bbox 239 3997 346 4074; x_wconf 87' lang='grc' dir='ltr'>ἡμέρας</span> <span class='ocrx_word' id='word_1_347' title='bbox 370 3995 533 4076; x_wconf 76' lang='grc' dir='ltr'>βραδθτερον</span> <span class='ocrx_word' id='word_1_348' title='bbox 556 3997 626 4072; x_wconf 75' lang='grc' dir='ltr'>ὑμᾶς</span> <span class='ocrx_word' id='word_1_349' title='bbox 648 4000 693 4056; x_wconf 77' lang='grc' dir='ltr'>τοῦ</span> <span class='ocrx_word' id='word_1_350' title='bbox 716 3997 855 4076; x_wconf 90' lang='grc' dir='ltr'>συνήθους,</span> <span class='ocrx_word' id='word_1_351' title='bbox 882 3994 945 4055; x_wconf 79' lang='grc' dir='ltr'>ὡσεὶ</span> <span class='ocrx_word' id='word_1_352' title='bbox 969 3995 1033 4072; x_wconf 90' lang='grc' dir='ltr'>μίαν</span> <span class='ocrx_word' id='word_1_353' title='bbox 1057 3999 1130 4077; x_wconf 86' lang='grc' dir='ltr'>ῶραν</span> <span class='ocrx_word' id='word_1_354' title='bbox 1155 3993 1344 4068; x_wconf 83' lang='grc' dir='ltr'>ἐξανίστασθαι</span> <span class='ocrx_word' id='word_1_355' title='bbox 1366 3997 1384 4070; x_wconf 91' lang='grc' dir='ltr'>ή</span> <span class='ocrx_word' id='word_1_356' title='bbox 1408 3994 1538 4070; x_wconf 82' lang='grc' dir='ltr'>βασιλεία</span> 
     </span>
     <span class='ocr_line' id='line_1_32' title="bbox 241 4115 1537 4198; baseline 0.001 -21"><span class='ocrx_word' id='word_1_357' title='bbox 241 4139 292 4194; x_wconf 90' lang='grc' dir='ltr'>μου</span> <span class='ocrx_word' id='word_1_358' title='bbox 315 4117 444 4193; x_wconf 85' lang='grc' dir='ltr'>βοθλεται</span> <span class='ocrx_word' id='word_1_359' title='bbox 466 4115 513 4178; x_wconf 88' lang='grc' dir='ltr'>καί</span> <span class='ocrx_word' id='word_1_360' title='bbox 536 4117 674 4198; x_wconf 80' lang='grc' dir='ltr'>ἀρθρίζειν,</span> <span class='ocrx_word' id='word_1_361' title='bbox 698 4118 742 4177; x_wconf 81' lang='grc' dir='ltr'>ἵνα</span> <span class='ocrx_word' id='word_1_362' title='bbox 763 4119 797 4176; x_wconf 89' lang='grc' dir='ltr'>τά</span> <span class='ocrx_word' id='word_1_363' title='bbox 820 4119 935 4193; x_wconf 83' lang='grc' dir='ltr'>σώματα</span> <span class='ocrx_word' id='word_1_364' title='bbox 957 4117 1032 4193; x_wconf 90' lang='grc' dir='ltr'>ὑμῶν</span> <span class='ocrx_word' id='word_1_365' title='bbox 1055 4119 1107 4179; x_wconf 87' lang='grc' dir='ltr'>ἀπδ</span> <span class='ocrx_word' id='word_1_366' title='bbox 1124 4121 1169 4179; x_wconf 79' lang='grc' dir='ltr'>τοῦ</span> <span class='ocrx_word' id='word_1_367' title='bbox 1185 4119 1269 4180; x_wconf 76' lang='grc' dir='ltr'>κίπου</span> <span class='ocrx_word' id='word_1_368' title='bbox 1292 4115 1482 4195; x_wconf 83' lang='grc' dir='ltr'>ἀνακτηθέντα</span> <span class='ocrx_word' id='word_1_369' title='bbox 1499 4117 1537 4190; x_wconf 86' lang='grc' dir='ltr'>εἰς</span> 
     </span>
    </p>
   </div>
   <div class='ocr_carea' id='block_1_3' title="bbox 239 4235 869 4316">
    <p class='ocr_par' dir='ltr' id='par_1_3' title="bbox 239 4235 869 4316">
     <span class='ocr_line' id='line_1_33' title="bbox 239 4235 869 4316; baseline 0.005 -19"><span class='ocrx_word' id='word_1_370' title='bbox 239 4243 288 4313; x_wconf 81' lang='grc' dir='ltr'>την</span> <span class='ocrx_word' id='word_1_371' title='bbox 311 4237 414 4299; x_wconf 80' lang='grc' dir='ltr'>οἰκείαν</span> <span class='ocrx_word' id='word_1_372' title='bbox 439 4235 514 4312; x_wconf 81' lang='grc' dir='ltr'>αὖθις</span> <span class='ocrx_word' id='word_1_373' title='bbox 536 4238 760 4306; x_wconf 76' lang='grc' dir='ltr'>ἀποκαταστῷσιν</span> <span class='ocrx_word' id='word_1_374' title='bbox 785 4237 869 4316; x_wconf 78' lang='grc' dir='ltr'>ἰσχύν.</span> 
     </span>
    </p>
   </div>
   <div class='ocr_carea' id='block_1_4' title="bbox 347 4497 581 4566">
    <p class='ocr_par' dir='ltr' id='par_1_4' title="bbox 347 4497 581 4566">
     <span class='ocr_line' id='line_1_34' title="bbox 347 4497 581 4566; baseline -0.009 -16"><span class='ocrx_word' id='word_1_375' title='bbox 347 4499 365 4563; x_wconf 87' lang='lat'>¹)</span> <span class='ocrx_word' id='word_1_376' title='bbox 385 4497 581 4566; x_wconf 73' lang='lat' dir='ltr'>supplevimus.</span> 
     </span>
    </p>
   </div>
   <div class='ocr_carea' id='block_1_5' title="bbox 1572 251 1595 338">
    <p class='ocr_par' dir='ltr' id='par_1_5' title="bbox 1572 251 1595 338">
     <span class='ocr_line' id='line_1_35' title="bbox 1572 251 1595 338; baseline 0 0"><span class='ocrx_word' id='word_1_377' title='bbox 1572 251 1595 338; x_wconf 67' lang='grc' dir='ltr'>«ί</span> 
     </span>
    </p>
   </div>
   <div class='ocr_carea' id='block_1_6' title="bbox 0 0 1618 5284">
    <p class='ocr_par' dir='ltr' id='par_1_6' title="bbox 0 0 1618 5284">
     <span class='ocr_line' id='line_1_36' title="bbox 0 0 1618 5284; baseline 0 0"><span class='ocrx_word' id='word_1_378' title='bbox 0 0 1618 5284; x_wconf 95' lang='lat' dir='ltr'> </span> 
     </span>
    </p>
   </div>
  </div>
 </body>
</html>
