3194 5298
856 898 945 970 VII.

406 1092 574 1184 Diplomata
597 1099 625 1164 ιι
649 1099 718 1164 acta
742 1091 886 1164 ecelesiae
910 1099 938 1162 οι
960 1092 1095 1164 civitatis
1113 1090 1392 1165 Mouembasiensis.

515 1317 540 1380 I.
566 1315 789 1398 &Tim—1284,
814 1338 924 1380 menso
947 1325 1093 1400 augusto,
1117 1315 1183 1379 ind.
1208 1315 1283 1380 XII.

257 1501 410 1570 Imperator
426 1501 596 1553 Λιιάτοπίσαο
612 1500 653 1552 ΙΙ.
670 1499 850 1570 Ιάίασοίοφιιν
870 1500 973 1552 civibus
990 1499 1191 1586 Μοιιεωθααίασ
1211 1499 1352 1568 σοτηίινααί
1367 1505 1553 1571 possessiones

426 1675 428 1680 Ι
505 1611 530 1658 τί
545 1605 722 1674 exemptiones
738 1605 775 1658 eis
798 1621 935 1658 σοπαεσοσσ
950 1621 969 1658 α
984 1603 1117 1658 Μὶσίιαᾶσ
1132 1604 1303 1676 Ραὶασοίοφο.
1591 1581 1592 1592 ³

527 1807 787 1886 Χρυσδβσυλλον
810 1813 866 1881 τῆς
888 1809 1000 1886 χώρας
1023 1806 1275 1880 Μονεμβασίας.
1591 1833 1592 1860 ι

360 1989 376 2059 γ
400 1983 460 2042 Οὺκ
482 1979 515 2056 ἦν
539 1983 591 2062 ἀρα
613 1980 659 2040 καί
682 1983 730 2056 τὴν
752 1986 801 2056 τῆς
817 1979 1013 2054 Μονεμβαοίας
1036 1981 1116 2039 πόλιν
1138 1987 1192 2039 τῶν
1216 1982 1249 2040 ἐκ
1270 1987 1315 2042 τοῦ
1338 1985 1439 2062 χρόνου
1462 1989 1551 2059 μεῖναι

255 2107 285 2164 τδ
307 2108 434 2184 παράπαν
458 2102 612 2184 ἀπείρατον,
636 2103 692 2162 οὐδ’
707 2100 749 2162 ἐπί
771 2100 825 2161 τῶν
845 2104 931 2161 αὑτῶν
948 2103 1066 2180 ἑστάναι,
1090 2109 1142 2161 τῶν
1158 2102 1253 2162 ἀλλων
1269 2107 1376 2163 πάντων
1393 2103 1552 2180 δεξαμένων

258 2227 416 2302 μεταβολὴν
447 2226 493 2285 καί
520 2227 706 2304 γευσαμένων,
737 2231 785 2299 τῆς
807 2226 899 2283 τούτου
926 2225 1122 2304 παλινστρίφου
1143 2227 1278 2299 κινήσεως
1315 2229 1466 2306 μέντοιγε
1490 2227 1552 2286 οὐδὲ

255 2357 305 2427 τῆς
332 2351 411 2409 αὺτοῦ
433 2350 599 2408 παντάπασιν
628 2345 681 2419 ἕξω
704 2349 851 2425 γεγένηται
874 2348 987 2429 φύσεως,
1019 2347 1086 2406 ἀλλ’
1100 2348 1209 2406 ἅπτεται
1232 2344 1279 2406 καί
1301 2349 1410 2428 ταύτης,
1442 2351 1482 2419 ὡς
1507 2349 1551 2408 καὶ

255 2475 372 2551 πάντων,
401 2471 544 2546 μεταβολὴ
566 2472 676 2550 χρόνοις
697 2471 826 2551 πρίτερον
849 2471 902 2546 ἤδη
926 2473 1034 2547 συχνοῖς
1056 2468 1103 2529 καί
1125 2472 1236 2529 κινεῖται
1258 2471 1332 2546 πλὴν
1355 2473 1404 2546 τὴν
1427 2474 1497 2552 πρὸς
1518 2472 1551 2529 τά
1591 2535 1592 2546 ,

256 2593 343 2674 χείρω
366 2587 478 2672 κίνησιν,
503 2594 541 2664 ὡς
565 2593 603 2668 μὴ
627 2592 732 2672 ὤφελε·
756 2593 872 2672 λαμπρὰ
893 2593 946 2672 γάρ
967 2590 1033 2652 οθσα
1048 2595 1078 2652 τδ
1093 2591 1153 2671 πρὶν
1169 2589 1215 2651 καὶ
1231 2592 1349 2664 πολλοῖς
1366 2595 1548 2670 εὐθηνουμένη

256 2720 312 2788 τοῖς
334 2715 448 2794 ἀγαθοῖς
469 2716 519 2774 θπδ
541 2715 575 2773 τά
591 2715 734 2788 Ῥωμαίων
758 2722 881 2796 σκῆπτρα
902 2721 951 2790 τῆς
968 2716 1140 2790 εὐδαιμονίας
1156 2715 1304 2796 ἀπέλαυεν,
1329 2715 1423 2776 ἀλλ“δ
1438 2721 1548 2797 χρόνος,

254 2841 344 2917 ὥσπερ
367 2837 416 2896 οδκ
439 2837 560 2916 ἐνεγκὼν
582 2842 696 2912 τηρῆσαι
718 2837 766 2914 τὴν
789 2839 1003 2918 περιφάνειανί),
1035 2843 1084 2913 τῆς
1108 2837 1157 2913 μὲν
1180 2835 1256 2922 [τῶν]
1283 2839 1426 2913 Ῥωμαίων
1449 2841 1547 2913 ταύτην
1591 2861 1592 2922 γ

254 2961 409 3021 ἀποσπάσαι
433 2960 505 3036 ἔγνω
527 2961 631 3039 χειρίς,
655 2958 782 3030 δουλείας
806 2959 837 3018 δέ
860 2962 947 3039 φέρων
972 2958 1096 3035 ίταλικῆς
1120 2961 1199 3036 ζυγδν
1224 2960 1290 3041 αὐτῇ
1316 2959 1471 3036 ἐπιτίθησιν.
1502 2960 1545 3020 ἐν·
1591 3041 1592 3046 ¹

254 3085 346 3142 τεῡθεν
373 3081 420 3142 καὶ
442 3087 495 3142 πάν
518 3083 586 3157 ὁμοῦ
608 3071 666 3158 τῆς
678 3081 790 3154 πόλεως
811 3084 841 3141 τδ
864 3083 991 3162 λαμπρδν
1008 3079 1182 3157 ἀποσβέννυσι
1198 3081 1244 3141 καὶ
1260 3084 1308 3157 τὴν
1325 3083 1440 3160 ἀντωςί)
1455 3083 1545 3164 πρῴην

254 3205 405 3281 καλλίστην
434 3204 462 3263 ἐν
489 3204 601 3264 πόλεσιν
631 3204 701 3277 μετὰ
729 3204 816 3284 βραχὺ
843 3205 950 3264 πολλοῦ
977 3209 1022 3264 τοῦ
1053 3205 1163 3283 αἴσχους
1194 3204 1370 3280 ἐμπίπλησιν.
1412 3207 1480 3266 ἀλλ’
1500 3209 1545 3265 οὐκ

254 3325 286 3404 ἦν
318 3324 356 3397 εἰς
386 3325 468 3398 τέλος
498 3326 558 3396 τοδς
589 3327 670 3400 αὐτῆς
698 3327 814 3398 πολίτας
844 3327 911 3385 οθτω
941 3333 990 3400 τῆς
1013 3333 1065 3385 τῶν
1088 3329 1192 3406 τρόπων
1214 3331 1398 3406 χρηστότητος
1422 3329 1543 3406 ἔχοντας,

255 3449 323 3507 οθτω
347 3451 453 3525 συχνοῖς
476 3450 700 3522 κεκοσμημένους
722 3451 777 3519 τοῖς
800 3449 913 3525 ἀγαθοῖς
935 3449 1109 3528 περιοφθῆναι
1130 3449 1203 3529 παρά
1226 3452 1288 3510 θεοῦ
1309 3449 1356 3509 καί
1378 3452 1427 3525 τὴν
1447 3453 1543 3511 ταλαι-

253 3565 357 3651 πωρίαν
384 3572 473 3650 φέρειν
498 3569 541 3629 ἐπὶ
563 3573 631 3629 πάνυ
656 3573 769 3649 μακρόν.
806 3569 899 3630 οὔκουν
923 3571 986 3630 οὐδὲ
1009 3572 1084 3642 θείας
1107 3572 1262 3651 ἀμοιροῦσιν
1287 3572 1445 3652 ἐπισκοπῆς,
1481 3573 1542 3632 ἀλλ’

255 3693 338 3774 ἐφορᾷ
360 3690 406 3751 καί
429 3693 511 3751 πάλιν
533 3691 618 3752 ἵλεων
643 3693 683 3751 ἐπ’
694 3693 787 3763 αὐτοὺς
810 3693 825 3751 δ
847 3695 934 3752 πάντα
958 3693 1059 3771 ἐφορῶν
1084 3693 1223 3771 δφθαλμδς
1246 3691 1292 3753 καί
1314 3700 1364 3769 τῆς
1386 3697 1439 3777 μὲν
1456 3697 1542 3754 ἀλλο-

253 3819 350 3894 γενοῦς
374 3815 467 3874 αδτίκα
490 3815 617 3885 ουλδείας
641 3815 767 3892 δέχονται
788 3818 835 3890 τὴν
860 3815 1038 3894 ἀπαλλαγήν,
1061 3817 1129 3895 προς
1146 3817 1176 3874 δὲ
1192 3817 1240 3892 τὴν
1256 3817 1422 3898 προτέρανθ)
1441 3817 1541 3889 ἐκείνην

254 3937 331 4008 εδθδς
354 3937 525 4014 εὐδαιμονίαν
549 3935 720 4016 ἀναχωροῦσι
743 3938 789 3998 καί
811 3941 983 4019 περιφάνειαν
1008 3941 1056 3998 ὺπδ
1072 3933 1218 4014 Ῥωμαίοις
1242 3939 1315 4011 αὖθις
1336 3939 1382 3999 καί
1398 3947 1431 4022 τῇ
1447 3943 1541 4000 τούτων

254 4062 326 4141 ἀρχῇ
348 4061 439 4120 τελεῖν
462 4063 500 4131 ὡς
527 4057 620 4142 πρῴην
649 4063 887 4139 ἐπευτυχήσαντες.
921 4064 965 4120 δτε
989 4063 1022 4135 δὴ
1046 4064 1113 4142 πρδς
1138 4063 1236 4133 ἀλλοις
1258 4069 1312 4120 τῶν
1336 4064 1448 4140 ἀγαθιῖιν
1474 4061 1540 4140 (οὐδ’

254 4185 326 4254 ὅσοις
349 4181 440 4263 ῥᾴδιον
457 4182 590 4266 ἀριθμεῖν)
615 4183 660 4244 καί
684 4185 891 4264 χρυσοβούλλσυ
916 4185 958 4242 ἐπί
981 4185 1071 4243 τοῖσδε
1094 4189 1253 4262 τυγχάνσυσι
1273 4185 1347 4264 παρὰ
1362 4191 1408 4243 τοῦ
1424 4186 1541 4259 ἀοιδίμου

254 4306 392 4380 βασιλέως
414 4311 459 4364 τοῦ
483 4307 609 4365 αθθέντου
632 4305 677 4365 καί
701 4308 803 4386 πατρδς
826 4311 874 4380 τῆς
899 4306 1041 4378 βασιλείοις
1062 4327 1122 4383 μου,
1147 4303 1183 4382 τῷ
1199 4327 1229 4364 τε
1246 4307 1355 4382 δηλαδὴ
1374 4304 1540 4378 ἐξκουοσείτς

256 4481 459 4488 ———-————-

359 4594 379 4658 ¹)
393 4589 454 4658 ἐπιφ.
473 4593 530 4642 cod.
544 4600 571 4642 et
580 4593 658 4643 Zach.
730 4593 751 4658 ²)
765 4589 833 4641 οθπω
844 4593 899 4642 uod.
912 4601 937 4642 υι
949 4594 1027 4643 Zach.
1043 4595 1198 4643 bontionem
1213 4589 1288 4652 ὅντως
1302 4597 1440 4659 proposuit
1450 4595 1539 4644 Miller.

256 4690 276 4755 ³)
295 4689 350 4756 πρίν
369 4690 426 4740 cod.
440 4695 467 4739 et
479 4688 558 4738 Ζασίι.
