3486 5282
383 298 444 364 198

382 491 534 572 ἀναγκαίας
566 493 600 552 νόι
631 489 739 575 ἐκδώση
770 491 810 566 εἰς
839 493 888 568 τὴν
918 492 1084 574 προθεσμίαν
1116 511 1171 568 μας
1200 481 1268 572 πρός
1296 492 1468 573 παρηγορίαν
1490 497 1544 556 τῶν
1564 490 1675 552 ἱκετῶν.

382 613 481 690 ἐδόθη
506 613 605 693 ἐντῷ
628 614 775 694 δουκικῷ
799 613 962 691 οἰκήματι
982 621 1020 697 τῇ
1044 613 1067 674 ε’
1091 615 1290 695 σεπτεβρίου
1313 612 1375 676 ίνδ.
1398 611 1470 694 i'·¹)

927 765 1103 844 Ἀντώνιος
1125 771 1233 848 Ζῆνος
1255 771 1316 834 κτλ.

923 893 1146 972 Αὐγουστῖνος
1169 891 1381 964 Γαδαλδῖνσς
1402 893 1632 972 γραμματεὺς.

486 1067 532 1150 Τῇ
558 1066 593 1128 ια’
616 1067 840 1148 ρεβρουαρίου
864 1063 948 1130 1693
971 1064 1081 1152 (ἔτους
1103 1065 1192 1152 νέου)
1216 1069 1249 1128 ἐν
1273 1068 1432 1148 Πάτραις.

486 1190 701 1280 Ἐπαρουσιάσδη
732 1187 771 1260 εἰς
800 1191 897 1268 χεῖρας
927 1193 972 1250 τοῦ
1004 1189 1231 1270 ἐκλαμπρατάτου
1260 1187 1307 1250 καὶ
1339 1188 1514 1270 ἑξοχωτάτου
1537 1185 1677 1248 Ἀντωνίου

381 1313 480 1392 Ζηνου,
507 1315 616 1388 γενικοῦ
646 1311 782 1388 διοικητοῦ
811 1318 864 1372 τῶν
894 1314 1100 1390 στρατευμάτων
1132 1313 1160 1372 ἐν
1193 1310 1318 1395 ἐνεργείᾳ
1348 1312 1422 1392 παρὰ
1451 1315 1498 1372 τοῦ
1525 1312 1678 1390 ἡγουμένου

382 1437 431 1510 τῆς
460 1437 548 1510 μονῆς
578 1439 628 1510 τῆς
657 1432 806 1514 ὑπεραγίοις
838 1436 882 1493 τοῦ
906 1433 1041 1512 Μεγάλου
1064 1433 1214 1509 Σκτηλαίου.
1260 1431 1419 1512 παρεδέχθη
1451 1433 1533 1510 αυτὴν
1564 1428 1606 1492 διὰ
1627 1433 1676 1506 τὴν

383 1555 598 1636 ἀπαράλλακτον
623 1554 763 1616 ἐκτέλεσίν
785 1575 844 1630 της.
933 1591 1102 1661 Ἀντώνιος
1123 1592 1231 1665 Ζῆνος
1252 1589 1316 1652 κτλ,

927 1713 1151 1791 Αυγουστῖνος
1173 1711 1385 1784 Γαδαλδῑνσς
1406 1710 1633 1792 γραμματεὺς.

491 1881 574 1946 1693
602 1883 825 1966 ρεβρουαρίου
856 1883 896 1960 ιβ’
920 1883 1027 1969 (ἔτους
1053 1881 1143 1968 νέου)
1168 1885 1201 1944 ἐν
1226 1885 1382 1964 Πάτραις.
1427 1883 1612 1964 κατεχωρίσίίη
1639 1879 1677 1951 εἰς

381 2007 412 2066 τό
436 2005 543 2080 βιβλίον
566 2011 614 2084 τῆς
638 2006 849 2084 συλλογιστικῆς
871 2007 941 2087 ὑπηρ

944 2005 1027 2079 εσίας·
1068 2043 1224 2118 Ἰωάννης
1247 2041 1384 2122 Ἀγορᾶς
1405 2039 1632 2122 γραμματεύς.

653 2385 697 2452 V.
719 2385 945 2474 7282-1713,
969 2387 998 2452 3.
1022 2387 1141 2452 mensis
1163 2385 1240 2470 iulii,
1263 2383 1331 2450 ind.
1355 2383 1412 2450 VI.

383 2571 499 2625 Ιυαιιπαι
518 2565 664 2640 Οωηοίίυε,
685 2573 742 2626 dux
767 2571 931 2640 Venetorum,
948 2571 1088 2642 ρταισίρόι
1107 2570 1313 2642 τπαράοίπαίίδιιι
1328 2569 1428 2628 venetis
1444 2569 1473 2622 ιἰι
1489 2567 1673 2638 Peloponneso,

465 2681 496 2729 υί
506 2681 653 2746 ρσοιαρααι
663 2677 845 2745 possessiones
860 2677 1020 2732 πιοιιαυίενάί
1032 2681 1127 2730 contra
1141 2675 1259 2730 latrones
1269 2674 1442 2744 ρυιιόαιιιηυε
1456 2672 1598 2742 maleficos.

936 2879 1125 2957 Διάταγμα.

487 3054 649 3129 Ἰωάννης
678 3054 885 3134 Κορνήλιος,
918 3056 1030 3134 χάριτι
1063 3051 1138 3133 θείᾳ
1174 3050 1312 3131 ἡγεμὼν
1345 3055 1407 3108 τῶν
1438 3051 1590 3111 Βενετῶν
1620 3047 1673 3110 καὶ

382 3177 456 3248 ἑνός
483 3176 623 3235 ἑκάστου
649 3175 738 3251 ὑμῶν
764 3173 820 3236 καί
846 3178 1038 3256 σοφώτατος
1065 3175 1158 3255 ἀνήρ,
1186 3174 1351 3234 διατάσσου
1373 3173 1456 3253 πρός
1477 3174 1548 3244 τοὺς
1569 3194 1670 3253 γραμ-

382 3302 508 3377 ματεῖς,
532 3297 784 3377 όπλαρχηγοός,
808 3295 1050 3378 εἰσπράκτορας
1072 3289 1129 3358 καὶ
1150 3295 1289 3366 λοιποὺς
1311 3295 1476 3370 ὑπηκόους
1494 3299 1670 3374 πάσηςγῆς

383 3417 439 3480 καὶ
461 3419 560 3479 τόπου
581 3425 639 3494 τῆς
663 3416 816 3491 ἐξουσίας
839 3440 899 3494 μου
920 3418 975 3478 καὶ
998 3421 1077 3498 πρός
1091 3419 1166 3492 τοὺς
1182 3420 1364 3500 διαδόχους
1380 3443 1440 3498 μου
1454 3421 1530 3492 τους
1544 3417 1671 3488 πιστοὺς

382 3539 437 3602 καὶ
459 3541 670 3620 άγαπητσός,
695 3541 922 3620 ἐπευχόμενος
944 3541 1058 3622 ὑγείαν
1080 3539 1136 3602 καί
1158 3542 1299 3621 ἀγάπην.

486 3665 543 3736 Σάς
565 3668 810 3744 γνωστοποιοῡμεν,
834 3667 873 3726 ότι
895 3670 929 3746 τῇ
951 3663 992 3725 κδ’
1016 3666 1108 3747 ἡμέρᾳ
1129 3670 1175 3726 τοῦ
1199 3665 1360 3738 ἐκπνέοντας
1383 3667 1468 3744 μηνός
1492 3665 1522 3726 ἐν
1544 3663 1584 3745 τῷ
1605 3665 1668 3742 ἡγε-

383 3783 485 3866 μονικῷ
508 3787 588 3860 ἡμῶν
611 3785 769 3866 συμβουλίῳ
791 3787 806 3846 ό
830 3785 874 3846 ἐπὶ
896 3793 946 3863 τῆς
970 3785 1180 3865 ἐγκληματικῆς
1211 3785 1365 3861 ἐξετάσεως
1390 3788 1566 3868 διωρισμένος
1589 3788 1669 3866 κύριος

383 3909 512 3985 Ἰωάννης
536 3911 701 3983 Λεπομάνος
725 3908 806 3985 Ἀνὲμ
834 3910 923 3984 κόμης
953 3909 1146 3983 καθυπέβαλεν
1172 3911 1238 3986 ἡμῖν
1268 3912 1405 3992 πρότασιν,
1436 3913 1496 3986 ἥτις
1525 3907 1574 3970 καὶ
1603 3927 1667 3987 παρ-

383 4030 485 4110 εδέχθη
509 4032 548 4103 ὼς
569 4033 708 4112 πρέπουσα
731 4030 771 4104 εἰς
793 4031 841 4108 τὴν
866 4031 1035 4108 δικαιοσύνην
1058 4029 1104 4091 καὶ
1128 4028 1320 4111 ἀξιοπρέπειαν
1342 4037 1392 4110 τῆς
1414 4032 1554 4112 ἡμετέρας
1569 4049 1667 4111 κυριαρ

382 4153 456 4232 χίας,
479 4153 524 4212 ίνα
545 4153 722 4235 προβληθῶσι
750 4153 798 4214 καὶ
829 4153 995 4232 διαταχθῶσι
1024 4153 1058 4214 τὰ
1089 4157 1162 4231 μέσα
1190 4160 1240 4232 τῆς
1263 4154 1443 4234 δικαιοσύνης,
1471 4157 1542 4215 ὥστε
1566 4155 1667 4220 ἕκαστος

383 4273 422 4346 εἰς
443 4275 492 4352 τὴν
516 4275 663 4356 ἐλευθέραν
685 4277 765 4351 ἡμῶν
789 4275 960 4356 ἐπικράτειαν
982 4275 1016 4335 νόι
1038 4274 1145 4336 δίιναται
1168 4275 1202 4335 νὰ
1224 4278 1257 4358 ζῇ
1281 4275 1424 4358 εἰρηνικῶς
1446 4275 1494 4336 καὶ
1512 4275 1547 4336 νόι
1567 4279 1666 4352 νέμεται

382 4395 429 4456 καί
450 4396 534 4478 χαίρῃ
563 4401 597 4456 τὰ
626 4385 718 4476 ἀγαθά
746 4419 803 4478 του,
833 4399 867 4457 νά
897 4403 1066 4479 τιμωρῶνται
1097 4397 1128 4458 δὲ
1158 4397 1203 4457 διὰ
1225 4403 1278 4458 τῶν
1301 4397 1459 4474 άνηκουσῶν
1489 4405 1590 4458 ποινῶν
1610 4399 1666 4476 πρός

383 4555 542 4564 -ι-...η

488 4659 506 4726 ¹)
524 4659 604 4709 Error
622 4659 651 4708 in
670 4657 830 4710 indictione:
849 4673 937 4708 annus
958 4659 1023 4708 1693
1042 4659 1123 4710 habet
1140 4659 1195 4708 ind.
1214 4659 1235 4708 1.
