3208 5310
251 317 290 380 18

253 507 402 586 ἐξάμπελα
424 510 454 568 τδ
477 509 602 588 ἀποπέρα
623 512 669 568 τοῦ
695 511 818 582 ποταμοῦ
840 508 1006 580 κατενάντης
1027 508 1074 566 τοῦ
1097 500 1256 580 έξαμπέλου
1274 505 1320 562 τοῦ
1335 499 1414 580 άγίου
1430 503 1561 570 Λέοντος

250 633 280 692 τδ
303 631 375 692 κατὰ
397 631 536 702 ἀνατολάς
557 631 684 706 κείμενον
706 633 752 688 τοῦ
775 629 953 709 διερχομένου
975 630 1085 708 τράρου,
1115 628 1166 687 ὅσα
1188 624 1234 686 καὶ
1257 619 1301 684 οἷά
1324 623 1400 704 εἰσιν,
1428 624 1478 683 σὺν
1503 629 1561 682 τῶν

250 753 352 834 ἀγρίων
376 751 422 813 καὶ
444 753 556 834 ἡμέρων
580 745 734 836 [δένδρωνλ
759 747 917 824 ἐξάμπελσν
939 751 970 809 τδ
986 749 1140 828 λεγόμενον
1156 749 1174 824 ἡ
1193 749 1351 827 Μοριάκονα
1375 743 1415 829 (ί)
1431 747 1464 805 τδ
1482 746 1560 820 πλη-

249 873 304 934 σίον
336 872 494 950 ἑξάμπελον
520 873 607 934 Πάθου
633 875 680 930 τοῦ
702 871 829 949 Βαρδοίνη
856 871 887 930 τδ
908 871 1037 944 κείμενον
1063 871 1147 943 μέσον
1169 874 1222 928 τῶν
1246 867 1294 928 δύο
1319 873 1463 946 ποταμῶν,
1490 869 1561 928 ὅσον

248 995 295 1056 καὶ
323 987 378 1056 οίάν
407 996 486 1056 ἐστιν.
516 997 608 1076 ἕτερον
631 995 769 1075 χωράριον
792 996 838 1052 τοῦ
861 993 980 1070 Σταυροῦ
1003 989 1120 1066 πλησίον
1142 989 1280 1070 χωραρίσυ
1303 993 1349 1050 τοῦ
1372 989 1560 1069 Μονοκήθου,

248 1117 352 1194 μοδίων
374 1115 417 1192 ς’.
441 1119 579 1196 χωράριον
602 1118 632 1176 τδ
656 1116 760 1174 ἀνωθεν
782 1118 829 1174 τοῦ
853 1114 931 1191 ἁγίου
954 1113 1095 1174 Νικολάου
1117 1113 1148 1171 το
1172 1111 1371 1187 ἐπιλεγόμενον
1393 1117 1448 1168 τῶν
1466 1111 1559 1170 Μάν-

248 1239 319 1318 δρων
342 1238 389 1298 σὺν
411 1244 464 1298 τῶν
487 1238 690 1316 λακκωμάτων,
715 1238 766 1296 ὅσα
787 1235 834 1295 καὶ
858 1228 901 1296 σίά
918 1233 992 1296 εἰσιν.
1017 1237 1108 1314 ἕτερον
1130 1235 1268 1314 χωρσίριον
1290 1236 1336 1292 τοῦ
1356 1232 1476 1292 Κλάδου
1503 1253 1559 1306 μο-

249 1359 307 1422 δίου
331 1357 368 1421 α’.
398 1361 536 1440 χωράριον
563 1363 609 1418 τοῦ
632 1359 780 1437 Δρυμῦνος
807 1357 837 1416 τ“ο
862 1355 980 1428 πλησίον
1007 1353 1053 1416 καί
1080 1355 1151 1414 κατά
1177 1354 1315 1426 ἀνατολὰς
1340 1353 1483 1434 χωραρίου
1509 1361 1561 1415 τοῦ

249 1480 391 1557 Ἀθηναίου
415 1479 510 1555 μοδίου
533 1476 585 1556 ς”.
609 1481 747 1558 χωράριον
770 1484 819 1553 τῆς
834 1477 1026 1552 Χαμεκέλλας
1047 1477 1077 1536 τδ
1099 1476 1215 1550 πλησίον
1238 1481 1289 1550 τῆς
1303 1474 1367 1536 ὁδοῦ
1383 1473 1481 1550 μοδίου
1499 1475 1556 1551 ς”.

248 1607 336 1680 κάρτος
357 1607 408 1678 τῆς
431 1603 602 1676 Βουστάστης
622 1598 738 1676 πλησίον
759 1597 899 1678 χωραφίου
920 1602 966 1658 τοῦ
981 1599 1106 1678 Δρόγγου
1128 1596 1174 1656 καὶ
1197 1601 1243 1658 τοῦ
1266 1595 1428 1677 Σμαριδιάρι
1451 1597 1558 1672 μοδίου

250 1721 304 1802 ς”.
333 1723 468 1801 λαχίδηον
497 1723 588 1800 ἕτερον
614 1720 730 1796 πλησίον
756 1724 803 1780 τοῦ
826 1722 915 1794 κήπου
941 1722 988 1780 τοῦ
1011 1718 1168 1800 Ἐρυθραίου
1199 1721 1292 1799 ἕτερον
1315 1720 1358 1778 ἕν’
1389 1717 1500 1778 ἵσταται
1527 1719 1557 1778 ἐν

250 1843 323 1924 αὐτῷ
351 1846 505 1924 συκομορέα
528 1841 646 1919 μίακαὶ
674 1839 748 1914 αὖθις
776 1841 804 1900 ἑν
827 1846 860 1922 τῇ
883 1845 1000 1922 περιοχῇ
1022 1845 1068 1900 τοῦ
1090 1842 1202 1911 Βάτζων
1224 1843 1362 1921 χωράριον
1385 1845 1440 1900 τῶν
1462 1842 1556 1919 Λαγ-

246 1965 349 2028 καδίων
381 1967 411 2026 τδ
441 1966 564 2026 κάτωθεν
593 1969 639 2024 τοῦ
668 1962 745 2042 ἁγίου
776 1963 886 2022 Παύλου
917 1961 1012 2038 μοδίου
1039 1960 1076 2022 α’·
1109 1963 1200 2044 ἓτερον
1227 1964 1365 2043 χωράριον
1391 1966 1438 2022 τοῦ
1469 1962 1557 2040 ἁγίου

250 2088 361 2148 Παύλου
383 2088 413 2146 τδ
435 2085 563 2162 κείμενον
585 2084 700 2162 πλησίον
722 2083 860 2165 χωραρίου
882 2088 928 2144 τοῦ
943 2083 1074 2157 Κανάβου
1088 2082 1135 2144 καὶ
1149 2088 1195 2144 τοῦ
1213 2082 1380 2144 Γουλολέσου
1396 2082 1498 2158 μοδίου
1516 2083 1555 2144 α’.

248 2211 386 2288 χωράριον
408 2213 459 2283 τῆς
473 2206 617 2285 Μεσαρίας
638 2207 669 2266 τδ
691 2205 846 2284 λεγόμενον
868 2207 898 2264 τδ
914 2207 1104 2286 Τζαπποριάτο
1127 2205 1172 2265 σὺν
1195 2208 1240 2264 τοῦ
1263 2206 1385 2266 κάτωθεν
1405 2207 1556 2287 χωραφίου

247 2333 294 2390 τοῦ
316 2327 363 2388 καὶ
384 2326 502 2403 πλησίον
524 2331 570 2387 τοῦ
592 2331 670 2386 παπά
686 2327 822 2400 Μανσυὴλ
845 2328 928 2406 μέχρι
949 2329 996 2384 τοῦ
1017 2329 1140 2402 ποταμοῦ
1163 2325 1264 2401 μοδίων
1286 2324 1324 2404 γ’.
1347 2329 1479 2406 χωράρια
1504 2333 1555 2390 τοῦ

250 2450 412 2529 Ποῦρτουχα
434 2447 481 2507 δίο
499 2447 615 2524 πλησίον
630 2447 769 2527 χωραρίσυ
784 2451 832 2508 τοῦ
847 2449 1014 2528 Βαρυπρώτη
1031 2447 1124 2523 μοδίου
1140 2445 1192 2523 ς”.
1218 2450 1309 2528 ἕτερον
1324 2453 1370 2508 τοῦ
1385 2448 1464 2528 ἁγίου
1483 2451 1555 2511 Ἰω-

246 2572 325 2630 άννου
348 2572 378 2630 τδ
399 2568 515 2643 πλησίον
537 2569 676 2649 χωραρίου
698 2574 743 2629 τοῦ
762 2575 839 2630 παπαί
856 2569 991 2644 Μανουὴλ
1006 2569 1101 2644 μοδίου
1117 2567 1170 2644 ς”.
1196 2569 1288 2649 ἕτερον
1303 2573 1348 2630 τοῦ
1363 2569 1439 2649 Λαρν
1450 2565 1553 2657 [ἀκη].

246 2693 338 2771 ἕτερον
367 2689 408 2762 είς
433 2693 479 2750 τὀν
507 2691 586 2750 αίπδν
612 2693 693 2751 τόπον
716 2694 852 2772 χωράριον
874 2695 921 2752 τοῦ
941 2699 1019 2751 παπᾱ
1042 2691 1178 2766 Μανουὴλ
1201 2690 1296 2766 μοδίου
1318 2689 1371 2767 ς”.
1403 2691 1554 2773 χωράριον

246 2816 293 2874 τοῦ
308 2812 454 2893 Βαρυπλοῦ
475 2815 506 2872 τδ
528 2813 650 2874 κάτωθεν
673 2813 813 2892 χωραρίου
834 2817 880 2874 τοῦ
901 2818 979 2873 παπά
994 2813 1131 2888 Μανσυὴλ
1151 2807 1198 2874 καί
1211 2813 1327 2889 πλησίον
1343 2813 1485 2896 χωραρίσυ
1503 2823 1555 2877 τοῦ

246 2935 326 2994 αυτοῦ
347 2939 425 2994 παπά
447 2933 493 3000 καὶ
517 2936 598 3014 μέχρι
620 2937 667 2994 τοῦ
683 2934 860 3013 διερχομένου
884 2929 1055 3019 [χειμάρρου]
1073 2933 1174 3010 μοδίων
1191 2933 1224 2994 δ’.
1250 2937 1342 3015 ἕτερον
1357 2937 1504 3015 χωράριον
1521 2941 1554 2999 τ“σ

245 3056 368 3116 κάτωθεν
390 3054 437 3114 καὶ
460 3057 590 3134 πίνεγγυς
611 3059 658 3116 τοῦ
680 3055 819 3136 χωραρίου
841 3059 886 3114 τοῦ
910 3055 1083 3132 Ἀβαστάγου
1106 3057 1189 3136 μέχρι
1210 3061 1257 3116 τοῦ
1280 3055 1460 3136 διερχομένου
1481 3080 1554 3135 χει-

245 3181 349 3258 μάρρου
372 3176 474 3253 μοδίων
489 3175 530 3250 ς’.
555 3179 694 3256 χωράρισν
713 3179 761 3237 τοῦ
784 3178 903 3256 Σταυροῦ
925 3180 956 3236 οδ
978 3178 1101 3238 κάτωθεν
1123 3177 1262 3258 χωραφίου
1284 3183 1330 3239 τοῦ
1351 3178 1480 3260 Ἰσαβέρη
1501 3181 1553 3242 καὶ

244 3297 361 3373 πλησίον
376 3297 514 3378 χωραρίου
528 3303 575 3358 τοῦ
590 3299 756 3378 Ματροίγκα,
779 3299 829 3358 ὅσα
844 3296 892 3358 καὶ
907 3290 951 3358 οἶά
967 3296 1027 3372 είσι,
1050 3300 1249 3378 παρεικάζοντα
1259 3302 1377 3378 γράμμα
1390 3299 1422 3360 τίν
1437 3299 1468 3381 Γ,
1492 3322 1553 3376 μο-

245 3419 308 3479 δίων
321 3416 364 3494 ς’.
389 3419 480 3498 ἕτερον
502 3421 532 3478 οδ
554 3414 670 3495 πλησίον
690 3419 829 3498 χωραρίου
844 3423 890 3478 τοῦ
906 3419 1080 3498 Στρσγκυλοῦ
1098 3420 1193 3494 μοδίου
1209 3418 1245 3480 α’.
1264 3422 1355 3501 ἕτερον
1370 3425 1421 3496 τῆς
1437 3421 1554 3502 Πέτρας

243 3541 274 3600 τδ
288 3541 418 3616 Κίλισμα
434 3542 464 3600 τδ
479 3540 596 3614 πλησίον
610 3539 749 3619 χωραρίσυ
761 3539 863 3619 Δρίσου
878 3544 924 3600 τοῦ
937 3539 1105 3616 Ἀνατολάτη
1122 3541 1216 3618 μοδίου
1228 3539 1279 3617 ς”.
1296 3543 1433 3623 χωράριον
1449 3547 1499 3603 τοῦ
1513 3547 1552 3606 ά-

244 3659 304 3739 γίου
321 3660 452 3740 Ἀνδρέου
467 3662 497 3720 τδ
514 3661 712 3740 ἐπιλεγόμενον
727 3667 777 3736 τῆς
792 3662 930 3742 Παλαιάς,
951 3662 1044 3734 καθὼς
1059 3662 1201 3738 ἀναβαίνει
1216 3664 1268 3724 ἀπδ
1283 3667 1330 3724 τοῦ
1344 3663 1484 3743 χωραρίου
1502 3673 1552 3728 τοῦ

244 3783 347 3862 Δρόσου
358 3780 405 3842 καὶ
416 3781 531 3858 πλησίον
542 3782 680 3862 χωραρίου
692 3786 737 3842 τοῦ
747 3783 888 3855 Κώνωπος
899 3780 946 3844 καὶ
958 3783 1073 3857 πλησίον
1085 3785 1224 3865 χωραρίου
1235 3789 1281 3845 τοῦ
1293 3787 1438 3862 Τιμοθέου,
1450 3789 1552 3861 καθὼς

244 3902 383 3976 ἀναβαίνει
398 3904 448 3978 τὴν
461 3904 597 3964 Παλαισίν.
616 3905 708 3984 ἕτερον
719 3907 858 3983 χωράριον
874 3905 956 3983 μέχρι
972 3909 1018 3964 τοῦ
1029 3906 1200 3982 Λαγκαδήου
1215 3905 1262 3966 καί
1275 3905 1393 3980 πλησίον
1404 3912 1552 3987 χωραρίου

243 4027 289 4086 τοῦ
301 4023 379 4103 ἀγίου
389 4023 516 4104 Ἐσδροίς,
529 4026 579 4084 ὅσα
590 4024 637 4084 καὶ
649 4017 693 4084 οίά
706 4023 766 4102 εἰσι,
779 4025 825 4086 σὺν
837 4022 890 4086 τῶν
899 4025 1075 4104 Λαγκαδηων
1088 4027 1190 4102 μοδίων
1198 4025 1236 4105 γ’.
1250 4029 1342 4108 ἕτερον
1354 4025 1394 4100 εἰς
1404 4029 1451 4088 τδν
1464 4029 1551 4092 αὺτδν

242 4148 325 4206 τόπον
337 4146 382 4204 τδν
395 4147 498 4206 ἀνωθεν
508 4150 555 4206 τοῦ
568 4147 648 4206 αὺτοῦ
656 4144 794 4226 χωραρίου
806 4146 923 4222 πλησίον
931 4147 1070 4228 χωραφίου
1081 4152 1127 4210 τοῦ
1139 4144 1343 4235 Μανδρίακίου]
1356 4149 1402 4210 σὺν
1413 4155 1460 4212 τοῦ
1473 4151 1551 4234 διερ-

246 4267 369 4344 χομένου
380 4269 531 4347 χειμάρρου
543 4266 645 4343 μοδίων
655 4266 688 4328 δ’.
703 4269 794 4346 ἕτερον
805 4273 852 4328 τοῦ
863 4268 941 4345 ἁγίου
950 4267 1082 4348 Ἀνδρέου
1093 4269 1209 4344 πλησίον
1219 4271 1359 4351 χωραρίου
1369 4275 1416 4332 τοῦ
1427 4273 1550 4352 Χριστοῦ

243 4386 339 4462 μοδίου
348 4386 385 4448 α’.
399 4389 490 4470 ἕτερον
501 4390 531 4447 τ“ο
544 4390 649 4450 ἀνωθεν
661 4394 707 4450 τοῦ
716 4391 808 4464 Χηνοῦ
821 4389 974 4466 μοδίους”.
989 4393 1080 4470 ἕτερον
1090 4389 1130 4462 εἰς
1141 4392 1186 4452 τδν
1196 4393 1275 4452 ουἀοδν
1284 4395 1368 4454 τόπον
1376 4396 1406 4454 τδ
1417 4392 1485 4477 τεμ(
1503 4394 1548 4478 >5-

243 4529 325 4584 μενον
340 4509 415 4588 παρά
430 4515 479 4584 τῆς
495 4509 677 4590 διερχομένης
694 4509 757 4572 ὁδοῦ
771 4508 873 4583 ἔξωθεν
885 4516 934 4587 τῆς
945 4511 1041 4584 λιθέας
1054 4511 1100 4572 καὶ
1111 4513 1230 4588 πλησίον
1241 4515 1380 4595 χωραρίου
1392 4519 1438 4576 τοῦ
1453 4517 1548 4580 Χοιδᾱ

243 4629 344 4704 μοδίων
360 4630 396 4706 β’.
413 4634 552 4712 χωράριον
568 4639 617 4707 τῆς
634 4633 779 4705 Μελίσυας
794 4632 840 4694 καὶ
855 4633 971 4710 πλησίον
986 4635 1126 4715 χωραρίου
1141 4641 1187 4696 τοῦ
1201 4636 1374 4715 Ἀβαστάγου
1390 4637 1487 4713 μοδίου
1505 4640 1545 4703 α’.

861 4809 992 4816 .---.
