3240 5286
1300 359 1364 428 265

70 561 167 618 τούτων
190 563 292 638 καιρῶν
315 557 409 636 όντων,
433 556 542 637 εἰρήνης
566 558 675 632 δηλαδὴ
699 555 901 635 καὶπολέμου,
924 557 972 617 καί
992 578 1027 635 γε
1048 562 1102 616 τῶν
1120 559 1289 637 πραγμάτων
1303 555 1365 636 περὶ

69 685 150 740 ταᾶτα
175 687 267 757 σαφῶς
290 680 493 760 διαιρουμένων,
522 680 683 758 ἀμφοτέροις
706 680 836 754 βασιλεὺς
858 676 941 752 ἀξίως
963 679 1121 758 ἀπαντήσει,
1144 680 1241 750 καλῶς
1265 679 1365 740 διελὼν

70 801 111 862 καὶ
134 803 287 883 παρασχὼν
309 805 339 862 τό
367 803 520 878 ἐπιβάλλον
543 803 683 880 ἑκατέροις
704 800 750 860 καὶ
773 803 931 882 πρόσφορον,
963 800 1057 882 εἰρήνῃ
1081 803 1131 878 μέν
1156 799 1185 862 εὖ
1210 803 1309 880 έχοντα
1332 802 1366 862 τό

70 925 198 986 πολιτικά
222 925 336 1004 δεικνύς,
366 927 422 996 τοῖς
450 923 482 984 δέ
509 923 645 998 πολέμοις
671 926 771 1001 κράτος
792 925 932 1004 πόρρωθεν
955 925 1121 1000 μελετήσας.
1158 925 1188 984 οδ
1211 924 1265 1000 μὴν
1288 919 1366 984 ἀλλὰ

69 1046 129 1124 περὶ
160 1046 212 1122 μὲν
241 1047 340 1134 τούτων
371 1047 472 1118 σθτως·
501 1047 636 1106 ποιεῖσθαι
660 1045 691 1104 δὲ
713 1043 760 1104 καί
781 1049 909 1124 πρόνοιαν
932 1051 1037 1123 ψυχῶν,
1068 1051 1156 1105 πάσαν
1178 1047 1227 1121 τὴν
1249 1045 1365 1120 σπουδὴν

69 1170 135 1248 πρός
157 1167 302 1252 οδρανόνί)
326 1170 448 1244 θεμένων
470 1167 517 1228 καὶ
540 1172 587 1242 ζῆν
610 1169 681 1230 κατὰ
703 1169 764 1230 θεόν
787 1165 917 1240 καθάπαξ
940 1168 1091 1249 ἑλομένων,
1114 1167 1182 1248 φημὶ
1201 1177 1301 1250 χρῆναι
1320 1172 1365 1230 τ’σν

71 1293 101 1352 ἐκ
130 1294 195 1352 θεοῦ
225 1291 405 1368 βασιλεύοντα
428 1291 514 1367 μηδὲν
538 1289 652 1351 ἔλαττον
676 1291 763 1368 ἑαυτῷ
784 1297 921 1372 προσῆκον
945 1286 1018 1368 εἶναιΙ
1035 1291 1163 1369 νομίζειν,
1196 1292 1234 1351 ότι
1258 1293 1296 1366 μὴ
1319 1289 1365 1351 καί

71 1415 181 1489 μᾶλλον
207 1417 395 1494 φροντιστήρια
419 1415 519 1472 τοθτων
541 1412 589 1474 καὶ
611 1413 698 1490 σεμνά
719 1415 883 1492 καταγώγια
905 1413 935 1473 ἐν
959 1401 1130 1488 ἐπιμελείαις
1151 1415 1261 1494 τιθέναι,
1292 1413 1365 1473 συνί-

71 1535 184 1596 στσσθαί
212 1555 241 1594 τε
268 1539 350 1595 ταῦτα
372 1537 421 1610 τὴν
444 1535 531 1615 ἀρχὴν
554 1533 600 1594 καὶ
624 1537 801 1610 συνιστάμενα
823 1534 944 1610 βεβαίως
967 1535 1013 1594 καὶ
1036 1535 1167 1614 ἀσφαλῶς
1188 1537 1363 1616 παραμένειν.

69 1655 139 1728 τίνος
163 1657 199 1734 δή
221 1660 315 1737 χάριν,
347 1659 385 1717 δτι
409 1657 442 1731 δὴ
469 1655 515 1716 καὶ
538 1657 563 1716 σί
586 1659 615 1715 ἐν
639 1660 694 1730 τοῖς
715 1658 843 1729 τσισίιτσις
851 1657 876 1733 ²)
897 1659 997 1737 τρόπον
1020 1659 1050 1716 δν
1074 1657 1176 1736 ἔφημεν
1203 1661 1298 1736 κόσμῳ
1319 1655 1367 1717 καί

69 1781 123 1850 τοῖς
156 1781 186 1838 ἐν
217 1781 313 1858 κόσμῳ
343 1785 422 1839 πᾶσιν
446 1778 647 1854 άποταξάμενσι
670 1778 717 1840 καὶ
739 1780 795 1860 θεῷ
818 1781 893 1860 μόνῳ
917 1779 962 1840 διὰ
984 1781 1042 1855 βίου
1064 1782 1164 1852 παντός
1186 1779 1366 1858 προσανέχειν

71 1901 260 1981 ἐπεγνωκότες
282 1898 481 1977 ἐξευμενίζσυσι
504 1904 555 1976 μέν
578 1905 656 1962 αὐτόν
678 1901 725 1962 καὶ
747 1903 832 1962 ἵλεων
854 1904 932 1976 ήμῶν
955 1900 1152 1982 ἀπεργάζονται
1168 1905 1227 1974 ταῖς
1243 1902 1365 1980 ἱκεσίαις,

70 2025 302 2102 παρασκευάζουσι
331 2024 362 2084 δέ
388 2022 436 2084 καὶ
460 2027 543 2102 χεῖρα
566 2024 696 2101 βοηθείας
717 2025 766 2100 τὴν
789 2025 920 2104 κραταιὰν
943 2024 1049 2104 ὀρέγειν
1074 2023 1117 2084 ἐπὶ
1139 2027 1195 2096 τοῖς
1217 2025 1278 2084 καθ’
1291 2025 1367 2097 ἡμᾶς

68 2151 132 2205 πάσι
154 2149 308 2225 πράγμασι.
338 2145 386 2206 καὶ
408 2150 472 2224 γοῦν
496 2148 550 2206 ἐστι
572 2146 651 2207 παντὶ
673 2147 711 2228 τῷ
733 2149 830 2219 καλῶς
854 2149 1029 2227 σκοπουμένῳ
1052 2146 1099 2207 καὶ
1121 2145 1159 2227 τῷ
1175 2167 1210 2225 γε
1226 2147 1366 2226 δυναμένῳ

70 2275 187 2340 συνετῶς
214 2267 313 2348 κρίνειν
342 2270 429 2329 ἐκεῖνο
458 2269 491 2344 δὴ
520 2269 566 2328 καὶ
589 2271 693 2349 λέγειν,
724 2271 762 2341 ῶς
786 2270 836 2330 όσα
857 2269 898 2341 τὶς
921 2272 1009 2350 φέρων
1031 2268 1119 2352 τσῖςί)
1144 2251 1279 2345 σεμνείοίς
1301 2269 1365 2329 θεο-

71 2393 156 2469 φιλῶς
180 2390 328 2469 ἀνατίθησι,
351 2397 404 2450 τῶν
429 2392 509 2472 ταύτῃ
531 2413 572 2452 τοι
596 2392 669 2466 βιοῦν
693 2392 859 2470 αἱρουμένων
881 2391 930 2461 τὰς
954 2391 1111 2466 σωματικάς
1127 2392 1250 2469 ἀνάγκας
1266 2390 1366 2451 ὡσανεὶ

70 2516 114 2572 τὀν
137 2516 237 2592 τρόπον
260 2517 351 2572 τοῦτον
374 2515 616 2593 παραμυθούμενος
638 2515 685 2573 καί
707 2533 740 2592 γε
756 2520 885 2594 χορηγῶν
900 2515 1049 2594 πράγματά
1066 2508 1107 2598 [τε
1123 2509 1212 2598 wip)
1229 2516 1367 2592 κτήματα,

70 2629 107 2694 ὧν
129 2633 178 2695 καί
208 2633 291 2714 σφίσιν
320 2637 409 2708 αθτοϊς
437 2635 480 2696 διὰ
502 2636 551 2711 τἠν
574 2637 751 2716 φθειρσμένην
775 2638 846 2712 ζωὴν
869 2635 1051 2716 ἀπαραίτητος
1074 2637 1163 2715 χρεία,
1186 2636 1273 2697 πλέον
1296 2657 1366 2710 συμ-

71 2757 209 2830 βάλλεται
231 2755 278 2816 καί
301 2757 386 2837 ῥοπήν
411 2757 454 2816 ἐπὶ
477 2759 506 2817 τό
529 2761 650 2838 κρεῖττον
671 2761 731 2828 ταῖς
754 2761 857 2829 κοιναῖς
880 2757 974 2818 δίδωσι
996 2758 1172 2836 συντελείαις,
1203 2761 1221 2832 ἡ
1245 2757 1289 2817 ἐπὶ
1311 2761 1368 2830 ταῖς

71 2880 141 2939 κατὰ
162 2882 267 2954 κόσμον
289 2879 441 2939 λυσιτελεῖν
465 2879 597 2956 δοκοῦσιν,
630 2878 652 2938 εἰ
675 2885 757 2940 ταῦτα
782 2881 914 2958 ἐτύγχανε
938 2881 1113 2960 συνεισφέρων
1135 2877 1182 2939 καὶ
1205 2879 1365 2958 προστιθείς.

70 3001 155 3080 χωρὶς
178 3000 211 3060 δέ
233 3004 332 3061 τούτων
356 3002 416 3079 έχει
438 3021 462 3061 τι
485 3000 531 3061 καὶ
553 2999 653 3081 κέρδος
668 3001 797 3075 βασιλεὺς
817 3001 884 3062 ἴδιον
898 3007 948 3077 τῆς
964 3001 1055 3078 καλῆς
1069 3003 1168 3077 ταύτης
1182 3003 1368 3081 προαιρέσεως

72 3127 174 3184 ἕνεκεν.
223 3121 247 3183 εἰ
269 3124 322 3203 γὰρ
346 3125 435 3196 αὺτοῖς
458 3125 491 3198 δὴ
513 3125 616 3196 τοίπσις
637 3127 693 3196 τοῖς
715 3125 781 3204 ὑπὲρ
803 3125 852 3200 τὴν
875 3126 951 3184 κάτω
973 3126 1133 3202 γενομένοις
1154 3123 1222 3200 ὓλην
1245 3122 1367 3184 καὶτῶν

70 3247 159 3324 χαμαί
180 3249 352 3326 πραγμάτων
375 3249 529 3326 συρομένων
552 3247 737 3306 άπασπάσασιν
761 3247 871 3318 ἐαυτοὶις
893 3245 941 3306 καὶ
963 3246 1040 3317 όλοις
1056 3247 1112 3305 άνω
1126 3266 1160 3324 γε
1175 3245 1368 3326 πορευομένοις

71 3369 219 3447 συναίρσιτο
249 3368 296 3428 καὶ
328 3371 516 3448 συνεφάπτοιτο
547 3369 666 3444 σπουδῆς
695 3369 741 3428 καὶ
771 3371 816 3428 τόν
847 3369 934 3428 καλόν
964 3369 1052 3440 αὺτοῖς
1075 3364 1235 3442 ἐξομαλίζσι
1258 3368 1368 3449 δρόμον,

69 3491 189 3568 γίγνοιτο
221 3493 253 3550 δν
283 3494 391 3562 πάντως
422 3491 522 3562 τούτοις
552 3489 598 3550 καὶ
629 3492 748 3568 μέτοχος
777 3495 830 3550 τῶν
861 3491 1049 3566 ἀποκειμένων
1080 3491 1113 3550 ἐκ
1135 3489 1198 3549 θεοῦ
1221 3488 1367 3570 βραβείων,

69 3614 138 3690 πρὸς
159 3615 189 3672 όν
212 3611 259 3672 καὶ
282 3611 315 3672 δι’
329 3615 357 3671 δν
382 3613 408 3671 οἵ
428 3633 458 3672 τε
481 3613 593 3692 ἱδρῶτες
614 3611 661 3672 καὶ
682 3613 716 3671 τὰ
739 3611 936 3687 σπουδάσματα
957 3611 1004 3672 καί
1026 3613 1044 3686 ή
1066 3615 1113 3672 τοῦ
1136 3615 1263 3688 σώματος
1278 3614 1368 3684 αὺτοῖς

69 3735 202 3815 τυραννίς,
233 3733 354 3811 αἴσθησιν
377 3735 428 3809 μὲν
451 3734 498 3794 καὶ
519 3736 569 3809 τήν
591 3735 652 3794 κατ’
666 3735 747 3809 αυτὴν
770 3741 859 3795 πᾶσαν
881 3735 982 3810 ἡδονὴν
1004 3739 1138 3814 φνγσῶσιν,
1171 3735 1200 3806 ἐς
1223 3733 1254 3794 δέ
1278 3735 1367 3812 ψυχὴν

70 3860 210 3938 στραφεῑσι
241 3855 287 3917 καὶ
318 3855 421 3927 όλικῶς
451 3859 518 3939 αὐτη
547 3857 751 3937 προσθεμένας.
782 3858 812 3916 σθ
841 3857 895 3932 μὴν
918 3856 996 3915 ἀλλὰ
1017 3860 1101 3915 ταῦτα
1124 3855 1174 3930 μὲν
1197 3855 1290 3934 οὓτως,
1321 3854 1369 3915 καὶ

72 3979 245 4058 ἀμφιβάλλει
267 3985 320 4038 τῶν
343 3977 468 4038 ἁπάντων
491 3977 590 4058 σὐδείς,
614 3977 717 4062 όστιςῧ)
743 3978 805 4038 οὺδέ
827 3999 862 4057 γε
886 3977 985 4056 διπλῆν
1005 3977 1076 4056 ἴσχει
1096 3979 1220 4057 γνώμην,
1243 3979 1282 4049 ῶς
1298 3975 1368 4036 ἐστὶν

74 4101 172 4172 ἄλλως
196 4105 215 4175 ἢ
231 4103 270 4173 ῶς
287 4101 389 4180 είρηται
404 4100 476 4160 ταῦτ’
490 4102 575 4179 ἔχειν,
598 4105 616 4176 ή
632 4099 693 4182 περὶ
710 4102 796 4160 αὐτῶν
813 4101 883 4180 ἐρεῖν
901 4099 998 4172 άλλως
1012 4101 1057 4158 τόν
1073 4119 1102 4158 τε
1118 4099 1215 4171 καλῶς
1230 4099 1368 4174 ἐπεσκεμ-

76 4227 161 4298 μένον
182 4223 230 4283 καὶ
252 4223 360 4299 τάληθῆ
385 4223 553 4298 βουλόμενον
576 4225 679 4302 λέγειν.
712 4225 773 4282 ότου
796 4222 922 4282 δὲταῦτα
936 4223 1027 4301 χάριν,
1050 4219 1095 4281 καὶ
1112 4223 1179 4302 πρός
1194 4223 1224 4280 ὃν
1240 4221 1273 4296 δὴ
1289 4219 1369 4281 τείνει

74 4347 175 4404 σκοπόν
198 4345 212 4403 ό
235 4346 335 4426 λόγος,
359 4347 377 4420 ἡ
399 4345 466 4425 πρός
489 4347 527 4405 έω
550 4343 588 4422 τῷ
610 4349 656 4405 τοῦ
672 4345 691 4404 Γ
694 4345 808 4420 αλησίσυ
831 4347 904 4423 τόπῳ
928 4342 1063 4419 σεβασμία
1079 4345 1148 4419 μονὴ
1167 4349 1216 4420 τής
1231 4363 1369 4425 πανυπερ-

179 4633 199 4696 ¹)
221 4627 335 4698 σῦρανσύς
360 4633 388 4682 Ζ.
461 4632 482 4696 ²)
506 4633 549 4682 sio
574 4632 716 4698 legendum
737 4635 875 4698 proposuit
898 4631 926 4680 Z.
951 4647 997 4696 pro
1025 4629 1126 4687 τούτοις.
1197 4631 1218 4696 ³)
1241 4626 1320 4686 αὐτοῖς
1340 4631 1368 4680 Ζ.

73 4731 93 4793 ⁸)
112 4727 154 4776 καὶ
171 4728 253 4793 suppl.
274 4729 310 4789 Z„
329 4743 353 4776 τε
371 4728 529 4778 addidimus.
601 4728 622 4792 ⁵)
641 4722 706 4785 ὅστις
725 4723 802 4784 σῦδείς
821 4727 848 4777 Z.
