3166 5298
244 331 287 394 92

243 525 329 598 πάντη
353 520 399 582 καὶ
422 523 607 602 ἀδιασείστως,
638 523 823 602 ἀναραιρέτως
845 541 876 580 τε
898 519 945 581 καὶ
967 520 1191 600 ἀναποοπάστως,
1222 519 1314 589 καθίυς
1338 518 1455 600 εἴρηται,
1479 513 1535 602 [ὡς]

245 644 394 724 εὑρίσκεται
416 644 573 721 κατέχουσα
594 641 641 702 καὶ
663 645 803 720 νεμομένη
825 646 908 702 ταῦτα
931 644 1014 722 μέχρι
1035 647 1082 702 τοῦ
1104 646 1149 702 νῦν
1165 641 1211 702 διὰ
1224 647 1278 702 τῶν
1292 641 1448 720 προσόντων
1465 642 1535 720 αλτῇ,

244 767 283 837 ὡς
306 763 472 844 δεδήλωται,
497 764 698 846 δικαιωμάτων,
721 762 768 824 καὶ
792 765 844 842 οὺχ
865 763 973 845 εὑρήσει
982 760 1005 844 1)
1029 761 1089 824 οὔτε
1110 762 1185 843 παρὰ
1205 768 1259 822 τῶν
1281 762 1353 823 κατὰ
1374 762 1486 840 καιροὶις
1506 761 1536 822 τό

243 891 289 946 τοῦ
317 885 447 962 δημοσίου
470 884 687 966 διενεργοίιντων,
717 883 778 945 οὔτε
809 885 872 964 παρ’
886 885 978 965 ἑτέρου
1000 886 1072 958 τινός
1093 880 1147 943 τῶν
1170 883 1296 944 ἁπάντων
1320 880 1364 944 ἐπὶ
1384 887 1418 965 τῇ
1441 883 1536 942 τούτων

243 1012 349 1088 κατοχῇ
376 1005 423 1066 καὶ
450 1012 522 1088 νομῇ
554 1002 660 1066 ἀδικίαν
694 1005 963 1081 ἠκαταδυναστείαν
985 1004 1031 1066 καὶ
1055 1006 1227 1084 διενόχληοιν
1250 1003 1414 1080 οίανδῇτινα.
1450 1005 1537 1064 τούτου

243 1129 298 1208 γὰρ
320 1130 401 1207 χάριν
423 1125 471 1186 καὶ
493 1127 508 1185 ό
529 1127 623 1207 παρὼν
645 1126 854 1206 χρυσόβουλλος
876 1127 961 1204 λόγος
983 1131 1033 1201 τῇς
1053 1126 1195 1202 βασιλείας
1215 1145 1267 1201 μου
1284 1125 1480 1205 ἐπεχορηγήθη
1494 1124 1537 1184 καὶ

244 1249 432 1329 έπεβραβείιθη
454 1255 487 1329 τῇ
511 1247 688 1330 διοληρθείση
704 1247 840 1330 σεβασμίᾳ
856 1253 926 1329 μονῇ
941 1251 987 1307 τοῦ
1001 1247 1089 1322 τιμίου
1105 1247 1274 1328 Προδρόμου,
1293 1245 1442 1319 ἀπολυθεὶς
1458 1246 1538 1307 κατὰ

244 1375 331 1444 μῆνα
361 1367 487 1429 ίοόλιον
517 1373 575 1446 τῆς
596 1373 650 1428 νῦν
679 1370 864 1450 τρεχοόσης
895 1366 1043 1445 ἑβδόμης
1066 1366 1291 1449 ίνδιιιτιῶνος,
1321 1374 1377 1430 τοῦ
1404 1366 1536 1442 ἑξακισ-

243 1491 417 1568 χιλιοστοῦ
440 1490 702 1552 όιιτακοσιοστοῦ
720 1491 802 1551 έπτόι
823 1487 878 1550 καὶ
902 1490 1043 1550 δεκάτου
1067 1491 1169 1570 ἔτους,
1194 1490 1223 1550 ἐν
1246 1485 1268 1571 ᾧ
1291 1487 1338 1550 καὶ
1359 1493 1390 1550 τό
1405 1491 1537 1570 ἡμέτερον

245 1610 356 1684 εῑισεβὲς
378 1610 424 1670 καὶ
448 1613 652 1692 θεοπρόβλητον
674 1613 866 1688 ὑπεσημήνατο
888 1614 989 1692 κράτος
1010 1617 1036 1688 †.

347 1736 363 1808 †
384 1725 469 1810 Εἶχε
492 1733 528 1793 δέ
550 1731 606 1794 καὶ
622 1733 662 1794 δι’
675 1734 819 1814 ἑρυθρῶν
835 1735 1041 1814 γραμμάτων
1056 1735 1105 1792 τό·
1130 1732 1343 1813 Ἀνδρόνικος
1360 1731 1392 1792 έν
1408 1731 1537 1813 Χριστῷ

244 1853 287 1935 τῷ
310 1851 374 1935 θεῷ
396 1854 511 1927 πιστός
534 1854 694 1928 βασιλεὺς
715 1853 772 1914 καὶ
795 1856 1008 1935 αἰντοκράτωρ
1025 1854 1210 1936 Ῥωμαίων,
1231 1853 1537 1933 ΔοόκαςἌγγελος

244 1976 421 2052 Κομνηνδς
443 1975 457 2035 ό
482 1976 722 2056 Παλαισλόγος
744 1976 774 2054 †.

348 2101 450 2157 Sathas
467 2105 490 2158 I.
503 2121 535 2174 p.
554 2105 735 2159 211—214.

522 2369 580 2434 IV.
605 2369 830 2454 6829-1321,
854 2391 965 2436 mense
987 2372 1084 2454 iunio,
1107 2369 1174 2436 ind.
1199 2371 1256 2436 1v.

246 2537 398 2606 Imperator
413 2537 583 2591 Andronicus
599 2537 640 2591 II.
658 2538 838 2608 Ραίαοοίομιισ
859 2539 956 2592 iterum
975 2538 1116 2608 confirmat
1135 2539 1296 2592 κιοκαείοτίο
1311 2539 1495 2610 possessiones
1515 2543 1537 2590 et

797 2643 983 2712 exemptiones.

349 2831 363 2902 †
388 2825 465 2886 Ἐπεὶ
488 2828 503 2884 ό
524 2827 705 2905 περιπόθητος
727 2825 783 2897 υίος
805 2824 852 2884 καί
873 2827 999 2904 γαμβρός
1021 2831 1071 2901 τῆς
1093 2825 1237 2902 βασιλείας
1252 2847 1313 2905 μου,
1337 2825 1538 2902 όὺψηλότατος

244 2949 351 3029 κράλης
367 2948 492 3026 Σερβίας,
516 2944 563 3006 καὶ
585 2949 603 3023 ἠ
623 2948 802 3026 περιπόθητος
817 2949 935 3026 θυγάτηρ
953 2953 1000 3022 τῇς
1016 2947 1158 3020 βασιλείας
1174 2968 1235 3022 μου,
1258 2948 1276 3022 ῇ
1292 2947 1451 3024 ὑψηλοτάτη
1468 2949 1538 3026 κρά-

243 3069 327 3130 λαινα
342 3068 467 3149 Σερβίας,
492 3066 684 3144 διεμηνόσαντσ
699 3070 768 3148 πρός
783 3069 832 3142 τὴν
849 3067 990 3139 βασιλείαν
1007 3089 1058 3142 μου
1075 3067 1144 3143 μετὰ
1159 3073 1205 3128 τοῦ
1221 3070 1380 3144 τιμιωτάτου
1395 3070 1536 3146 καθηγου-

244 3193 326 3265 μένου
347 3196 395 3266 τῇς
414 3189 495 3270 ἐντῷ
512 3189 582 3269 ἁγίῳ
598 3191 654 3270 όρει
670 3185 720 3275 [τῷ
735 3186 818 3275 Ἄθῳ]
826 3186 850 3273 ²)
868 3191 1043 3264 διακειμένης
1059 3189 1212 3265 σεβασμίας
1228 3195 1313 3265 μονῆς
1329 3196 1378 3264 τῇς
1395 3187 1435 3260 είς
1451 3190 1537 3264 όνομα

242 3313 400 3386 τιμωμένης
415 3317 465 3385 τῇς
480 3311 629 3392 όπεραγίας
641 3309 779 3372 Θεοτόκου
794 3309 841 3371 καί
854 3311 1074 3388 ἐπικαλουμένης
1085 3317 1131 3372 τοῦ
1144 3311 1340 3391 Χελανταρίου,
1357 3311 1537 3391 ἱερομονάχου

242 3435 323 3512 κυροῦ
342 3429 498 3511 Γερβοοίου,
520 3430 654 3512 περὶτῆς
676 3429 715 3502 εἰς
737 3432 786 3503 τός
801 3433 906 3511 Σέρρας
930 3432 958 3490 ἐν
980 3429 1019 3512 τῷ
1042 3432 1099 3512 όρει
1121 3437 1167 3491 τοῦ
1185 3432 1344 3504 Μενοικέως
1360 3432 1537 3508 διακειμένης

244 3552 395 3627 σεβασμίας
422 3559 507 3628 μονῆς
535 3558 585 3627 τῇς
609 3551 647 3625 είς
670 3553 758 3628 ὄνομα
778 3555 936 3628 τιμωμένης
958 3557 1003 3614 τοῦ
1026 3553 1112 3628 τιμίου
1134 3554 1268 3634 προφήτου
1293 3553 1465 3634 Προδρόμου,
1497 3555 1537 3612 ἵνα

244 3671 391 3752 διορίσηται
414 3675 432 3749 ἡ
456 3673 583 3747 βασιλεία
606 3695 658 3750 μου
680 3675 727 3734 καί
749 3675 861 3754 γένηται
883 3675 1088 3755 χρυσόβουλλον
1112 3675 1225 3757 αυτῇςθ)
1250 3673 1293 3734 ἐπὶ
1315 3680 1380 3735 πάσι
1396 3678 1453 3746 τοῖς
1468 3697 1536 3736 κοτ-

244 3795 387 3872 εχομένοις
416 3795 490 3874 παρὰ
511 3800 561 3871 τῆς
583 3797 666 3872 αδπῇς
696 3801 782 3871 μονῇς
810 3795 855 3856 διὰ
877 3796 1067 3871 δικαιωμάτων
1091 3796 1223 3878 διαφόρων
1247 3798 1328 3874 μέχρι
1350 3800 1396 3856 τοῦ
1418 3801 1464 3856 νῦν
1488 3799 1537 3857 ἀπό

242 3911 428 3996 προσενέξεως
450 3913 497 3976 καί
520 3915 668 3997 ἀγορασίας
690 3916 878 3998 περιελθοόοιν
903 3917 979 3998 αότῇ,
1004 3919 1080 3976 ἅτινα
1094 3918 1150 3997 καί,
1175 3919 1212 3989 ὡς
1235 3917 1364 3997 ἀνέφερον
1381 3917 1407 3976 οί
1422 3917 1537 3996 μοναχά

243 4036 336 4116 σὐπῇς,
360 4034 409 4096 εἰσί
423 4039 521 4096 ταῦτα·
545 4033 666 4118 όγρίδιον
686 4040 716 4098 τό
733 4039 911 4116 Μονόσπητον
926 4039 1078 4117 λεγόμενον
1095 4039 1166 4114 μετὰ
1180 4045 1229 4115 τῇς
1244 4045 1330 4114 νομῆς
1345 4037 1391 4098 καὶ
1406 4047 1537 4119 περιοχῆς

242 4155 289 4216 καὶ
310 4163 364 4216 τῶν
388 4157 498 4217 δικαίων
522 4160 614 4218 αὺτοῦ·
639 4161 832 4238 ζευγηλατεῖον
856 4157 895 4231 εἰς
916 4161 965 4235 τὴν
986 4161 1171 4240 παραλιμνίαν
1193 4165 1239 4220 τοῦ
1253 4165 1376 4236 ποταμοῦ
1390 4165 1437 4220 τοῦ
1453 4162 1537 4242 Στρυ-

243 4281 335 4359 μόνος,
357 4281 387 4338 τό
410 4284 456 4340 τοῦ
472 4281 660 4360 Ἐοροιγμένου
681 4283 845 4364 λεγόμενον,
869 4282 939 4357 μετὰ
954 4289 1007 4342 τῶν
1023 4283 1113 4342 ἐκεῖσε
1129 4277 1260 4363 βιβαρίων
1275 4281 1321 4344 καὶ
1337 4283 1477 4344 αὐλτκίων
1494 4283 1536 4345 καί

242 4399 401 4458 όλιευτικῶν
421 4401 575 4462 οανδαλίων
590 4401 637 4462 καὶ
652 4404 756 4463 λοιπῶν
773 4403 884 4463 δικαίων
900 4405 993 4463 αὐτοῦ·
1018 4405 1160 4485 μονόδριον
1177 4405 1266 4464 έκεῖσε
1282 4401 1469 4490 [διακείμενον
1481 4403 1536 4490 καὶ]

347 4661 366 4724 ¹)
386 4657 490 4728 εὑρίσκει
508 4662 534 4712 S.
607 4663 626 4726 ²)
646 4662 715 4712 vide
734 4677 849 4728 vequous
868 4663 932 4730 dipl.
1003 4663 1024 4727 ί)
1044 4661 1123 4722 αὐτοῖς
1143 4665 1170 4715 S.
