3194 5298
1294 354 1355 418 149

71 551 162 619 τεύτοις
186 548 325 628 προρανης
351 550 369 622 ἡ
394 547 523 628 ἀκοσμία,
557 547 715 622 κατάδηλος
744 549 763 623 ἠ
790 547 874 626 φθορὰ
907 547 954 607 καί
978 546 1021 607 ἐπὶ
1042 553 1121 608 πᾶσιν
1144 549 1162 623 ό,
1185 553 1238 606 τῶν
1261 553 1355 626 ψυχῶν

73 670 199 730 ότῶλεια·
235 667 258 728 εί
282 671 346 749 γάρ,
369 670 493 749 καθάπερ
516 668 539 728 οἱ
562 666 624 749 περὶ
645 675 701 728 τῶν
722 669 784 728 καθ’
798 671 899 728 έκαστα
923 669 1079 745 ἐκκλησιῶν
1101 671 1188 744 νόμοι,
1217 669 1286 728 σῦτω
1309 666 1356 729 καὶ

72 793 92 852 τί
112 791 170 870 περὶ
190 797 243 850 τῶν
266 797 507 871 σταυρσττηγιακῶν
531 790 717 871 μοναστηρίων
738 796 792 850 τῶν
815 792 864 850 ίατό
886 791 925 869 τῷ
948 792 1010 851 καθ’
1022 793 1097 867 ἡμᾶς
1120 790 1293 870 όιποττσλικῷ
1309 790 1355 850 καί

72 913 239 992 σίκσυμενικῷ
262 915 349 994 θρόνῳ
371 915 570 994 ἀπαράτρεπτοι
593 913 802 992 διαρυλτίττσντσ
829 912 876 974 καί
909 919 958 990 τῆς
980 913 1052 974 κατὰ
1073 916 1171 989 νόμους
1195 907 1357 988 ἐπιμελείας

71 1037 112 1096 καί
131 1036 291 1116 προστασίας
313 1037 428 1096 κάκεῖνα
449 1033 571 1112 ἠξιοῦντο
593 1035 667 1117 παρὰ
689 1041 742 1095 τῶν
766 1034 809 1095 ἀεὶ
831 1037 1092 1116 πατριαρχευόντων,
1116 1037 1164 1096 σῦκ
1186 1038 1219 1095 άν
1240 1040 1357 1098 τοσαῦτα

72 1157 112 1218 καί
135 1160 284 1233 τηλικαῦτα
310 1157 345 1218 τὰ
372 1158 449 1218 δεινὰ
474 1161 530 1228 τοῖς
553 1156 744 1238 μοναστηρίοις
766 1158 932 1234 συνέβαινεν.
971 1157 1039 1216 ἀλλ’
1052 1157 1147 1233 ἐπειδὴ
1171 1159 1220 1218 σῦκ
1243 1157 1356 1234 οἴδαμεν

72 1283 137 1354 όπως
157 1287 210 1340 τῶν
231 1280 313 1362 ίερῶν
334 1281 576 1361 παρημελημένων
599 1281 690 1354 νόμιον
713 1277 753 1350 εἰς
775 1279 904 1355 τοσαύτην
928 1280 1066 1361 προῆλθον
1090 1279 1287 1340 ἀκαταστασίαν
1310 1278 1357 1340 καί

74 1404 187 1478 ἐλεεινὴν
210 1402 353 1462 ἀπώλειαν
375 1402 409 1461 τὰ
431 1401 491 1482 ίερόι
513 1405 597 1461 ταῦτα
618 1397 792 1480 καταγώγια,
823 1401 869 1460 διὰ
890 1405 974 1460 ταῦτα
998 1402 1073 1474 εῦθίις
1096 1401 1269 1479 ἀνειληφόσιν
1291 1402 1357 1476 ἡμῖν

73 1527 125 1597 τοῦς
146 1525 241 1598 σίοκας
263 1529 309 1584 τοῦ
330 1523 479 1602 παγκοίνου
500 1515 603 1584 τουτουίΙ
625 1526 742 1602 σκάρους
766 1520 847 1595 ἔδοξε
868 1525 935 1603 πρός
957 1525 1014 1595 τοῖς
1036 1523 1136 1616 ἄλλοις
1155 1521 1202 1582 καί
1217 1523 1251 1581 τά
1265 1543 1358 1603 παρη-

75 1649 209 1724 μελημένα
231 1647 300 1707 αῦτά
323 1648 408 1725 εῦαγῆ
426 1647 592 1726 μοναοτηρια
608 1645 814 1725 διορθώσασθαι,
839 1645 956 1726 ἀφορῶσι
971 1647 1038 1726 πρός
1052 1645 1083 1703 τό
1098 1645 1210 1705 ἐκείνων
1226 1646 1358 1726 ουμρέρσν

73 1771 112 1829 καί
134 1771 204 1846 μέλη
227 1773 327 1848 γνήσια
348 1770 412 1830 όντα
433 1773 483 1844 τῆς
505 1768 568 1827 καθ’
580 1770 655 1843 ἡμᾶς
678 1767 759 1846 ἁγίας
781 1771 827 1826 τοῦ
851 1767 964 1848 Χριστοῦ
988 1768 1117 1846 μεγάλης
1140 1767 1290 1843 ἐκκλησίας
1311 1765 1359 1828 καὶ

72 1892 105 1972 τῲ
126 1891 348 1974 σταυρσπηγιακῷ
370 1889 416 1950 καί
437 1888 624 1971 πατριαρχικῷ
646 1888 785 1970 προνομίῳ
805 1892 982 1969 τετιμημένα,
1006 1891 1104 1961 ἄλλως
1125 1911 1155 1949 τε
1171 1889 1235 1950 οῦδὲ
1249 1891 1358 1962 καινούς

72 2037 138 2088 τινας
158 2017 312 2096 ἀρ’ἐοωτῶν
336 2017 434 2089 νόμους
456 2015 588 2094 φέρουσιν,
612 2012 679 2072 ἀλλ’
690 2012 820 2093 ἀρχαίους
842 2012 1056 2087 ἀνανεσυμένους
1078 2010 1124 2070 καί
1139 2012 1286 2092 γεραρούς·
1310 2011 1359 2086 τὴν

72 2138 119 2218 γὰρ
146 2145 197 2198 τῶν
224 2137 460 2212 ἐκκλησιαστικῶν
486 2138 654 2216 πραγμάτων
680 2135 844 2215 προστασίαν
866 2137 922 2206 τοῖς
945 2134 1103 2206 ἐπισκόποις
1126 2133 1310 2215 ἐπιτρέπουσιν
1333 2134 1359 2192 σί

74 2261 134 2320 θεῖσι
154 2258 198 2320 καί
220 2259 287 2340 ἱεροί
310 2261 389 2334 νόμοι
411 2256 458 2318 καί
480 2261 596 2330 κανόνες
617 2258 663 2316 τδν
686 2261 732 2316 τοῦ
755 2258 817 2316 θεοῦ
840 2255 922 2336 φόβον
937 2256 1107 2336 προτίθεσθαι
1124 2256 1358 2333 διακελευόμενοι,

72 2383 119 2462 ἵνα,
147 2383 226 2461 εἴγε
250 2381 363 2461 δέοιντο,
388 2379 434 2441 καί
457 2379 531 2441 οῦτσί
554 2381 797 2459 ἀπολαμβάνωσιν,
821 2381 851 2438 όν
873 2381 970 2481 τρόπον
993 2381 1008 2438 ό
1030 2377 1078 2454 λη’
1101 2385 1154 2439 τῶν
1178 2377 1263 2456 ἁγίων
1287 2378 1358 2438 ἀπσ-

72 2507 168 2566 στόλων
198 2505 289 2566 κανὼν
319 2501 366 2564 καὶ
388 2505 403 2562 ό
426 2501 470 2578 με’
494 2509 544 2580 τῆς
568 2503 596 2562 ἐν
620 2502 769 2584 Ἀντιοχείᾳ
792 2501 869 2581 ἱεροῖς
892 2501 1001 2561 συνόδου
1023 2500 1070 2562 καὶ
1092 2503 1110 2576 ἠ
1134 2501 1163 2558 ἐν
1187 2501 1358 2578 Χαλκηδόνι,

73 2628 100 2686 οῦ
129 2629 178 2704 μὴν
210 2628 289 2688 ἀλλὰ
316 2623 362 2687 καὶ
386 2631 434 2702 τῆς
458 2626 487 2685 ἐν
510 2625 613 2708 Νικαίᾳ
635 2627 649 2685 ό
671 2646 701 2685 τε
725 2624 759 2684 ια’
783 2625 830 2684 καί
853 2626 868 2684 ό
891 2624 925 2699 ιβ’
949 2623 997 2684 καί
1019 2630 1069 2700 τῆς
1092 2625 1121 2683 ἐν
1145 2625 1265 2705 Ἀγκύρᾳ
1286 2625 1302 2682 ό
1326 2621 1357 2682 ιε’

12 2729 13 2800 s
72 2749 115 2809 καί
138 2753 152 2809 ό
174 2751 220 2826 μθ’
242 2757 291 2826 τῆς
320 2750 348 2809 ἐν
371 2749 508 2830 Τροῦλλῳ
531 2747 577 2808 καὶ
605 2748 690 2808 ἁλλοι
713 2749 845 2828 πλεῖστοι,
881 2749 939 2806 όοσι
961 2745 1053 2806 σεπτσί
1074 2749 1153 2822 νόμοι
1175 2743 1222 2805 καί
1244 2748 1359 2816 κανόνες
1414 2779 1417 2790 ·

71 2879 154 2951 τορῶς
182 2873 319 2952 φαίνονται
348 2872 396 2946 τὴν
426 2877 480 2930 τῶν
503 2870 582 2951 ίερῶν
605 2871 790 2950 μοναστηρίων
818 2868 940 2944 ἐξουσίαν
962 2872 1018 2941 τοῖς
1049 2869 1205 2939 ἐπισκόποις
1228 2867 1358 2946 διδόντες,

72 2999 133 3055 ῶττε
155 2993 380 3072 μεταλαμβάνειν
403 2992 454 3070 μέν
477 2991 523 3053 καὶ
545 2993 640 3065 αἰετοὺς
662 2999 715 3052 τῶν
740 2993 867 3072 δεόντων,
891 2991 918 3051 εί
938 3013 972 3070 γε
995 2991 1109 3071 δέοιντο,
1133 2988 1172 3062 είς
1192 2989 1241 3061 τὰς
1256 2989 1358 3048 ἑαυτῶν

72 3118 167 3198 γρείας,
194 3120 245 3194 τὴν
268 3117 300 3176 δέ
322 3115 383 3196 περὶ
407 3117 500 3176 ἐκεῖνα
523 3116 683 3191 ἐπιμέλειαν
707 3115 837 3193 μεγίστην
860 3135 890 3174 τε
912 3112 960 3174 καί
982 3116 1044 3173 θεοῦ
1067 3114 1217 3192 ἐρορῶντσς
1239 3115 1358 3188 ποιῆσαι,

72 3239 110 3298 ἵνα
129 3240 341 3320 προστατεύουσιν
365 3239 461 3318 αύτῶν,
484 3235 532 3300 καί
554 3237 713 3314 οἰκονόμους
736 3235 782 3298 καί
807 3235 966 3317 ἐπιτρόπους
987 3233 1034 3295 καί
1056 3236 1226 3313 ἡγουμένους
1249 3228 1358 3292 ἀποκα-

73 3362 183 3422 θιστῶσιν
207 3363 236 3422 ἐν
260 3364 359 3442 αὐτοῖς,
382 3362 479 3432 καλῶς
501 3359 562 3441 περὶ
585 3365 634 3437 τῆς
656 3359 798 3434 αὐξήσεως
820 3357 867 3418 καί
889 3359 1062 3434 βελτιώσεως
1086 3358 1185 3418 τούτων
1210 3355 1358 3431 ἐπιμελού-

74 3505 150 3564 μενοι,
171 3485 215 3546 ίνα
237 3485 277 3560 μὴ
301 3484 335 3544 δι’
348 3484 483 3561 ἀμέλειαν
507 3485 598 3561 ἔνοχοι
620 3485 752 3562 γένωνται
774 3485 830 3553 τοῖς
854 3482 961 3542 ἐκτῶν
985 3483 1075 3556 νόμων
1100 3478 1252 3553 ἐπιτιμίοις.
1287 3477 1312 3538 σί
1328 3477 1359 3536 δέ

73 3605 210 3688 οἰκονόμοι,
233 3607 383 3685 ἡγούμενοί
403 3626 434 3664 τε
455 3604 502 3666 καί
523 3605 659 3686 ἐπίτροποι
680 3606 842 3681 διαμένωσιν
858 3605 908 3664 ῦπό
923 3605 972 3678 τὴν
988 3601 1111 3676 ἐξουσίαν
1127 3607 1181 3661 τῶν
1197 3601 1359 3678 ἐπισκόπων,

73 3729 112 3788 καί
133 3729 196 3808 δίχα
218 3735 269 3807 τῆς
291 3729 386 3802 ἀδείας
409 3729 495 3788 αῦτῶν
519 3732 588 3804 μήτε
610 3728 725 3788 πωλῶσι
748 3729 964 3808 μονασιηριακόν
986 3747 1011 3784 τι
1032 3729 1135 3805 κτῆμα,
1169 3723 1237 3783 ἀλλ’
1250 3720 1359 3783 οίκσνσ-

76 3859 136 3924 μῶσι
156 3853 254 3924 καλῶς
275 3853 344 3932 πρός
366 3852 415 3926 τἠν
439 3849 549 3912 ἐκείνων
573 3852 687 3930 όδηγίαν
709 3850 756 3910 καί
779 3851 884 3930 ἄδειαν,
915 3851 991 3921 όπως
1015 3848 1053 3926 μὴ
1075 3846 1122 3908 καὶ
1145 3845 1220 3907 αὐτσί
1242 3845 1268 3906 οί
1290 3842 1359 3906 ἀνα-

74 3977 206 4052 τρέποντες
236 3975 299 4047 τσύς
322 3974 564 4050 ἐκκλησιαστικοὺς
585 3974 693 4046 τούτους
716 3975 796 4055 όρσυς
817 3972 865 4033 καί
887 3975 1005 4044 κανόνας
1028 3971 1186 4050 βαρυτάταις
1208 3969 1360 4028 ύττοττέσωσι

74 4102 121 4170 τοῖς
149 4097 291 4175 ἐπιτιμίοις
320 4096 367 4158 καί
396 4097 546 4177 τιμωρίαις.
585 4099 668 4157 ταῦτα
698 4096 748 4172 μέν
776 4094 820 4156 σύν
849 4096 874 4156 τί
896 4097 962 4155 θεῖοι
985 4096 1064 4169 νόμοι
1087 4091 1277 4172 ἀποφαίνονται
1298 4088 1359 4170 περί

75 4226 119 4279 τῶν
139 4222 217 4302 ίερῶν
241 4220 439 4304 μοναστηρίων,
461 4223 561 4280 τούτων
584 4219 616 4280 δέ
638 4219 670 4278 τὰ
694 4222 744 4294 μὲν
767 4221 822 4289 τοῖς
845 4219 916 4278 κατὰ
938 4217 1019 4277 τόοτσν
1041 4215 1280 4295 ἐπιτετραμμένσις
1296 4213 1359 4272 ἐνο-

77 4344 146 4419 ριακά
166 4351 216 4420 τῆς
237 4345 426 4423 προσηκούσης
449 4343 651 4423 ἀρχιερατικῆς,
676 4344 715 4414 ῶς
738 4339 821 4420 εἰκός,
847 4341 890 4400 ἐπ’
900 4335 1010 4414 αῦξητει
1033 4339 1163 4415 τυγχάνει
1187 4334 1358 4415 ἐπιμελείας,

78 4467 136 4537 μόνα
164 4467 195 4527 δέ
226 4467 260 4526 τθι
286 4473 319 4548 τῇ
347 4471 568 4546 σταυραπηγιακῄ
595 4462 659 4546 ἀξίᾳ
684 4465 853 4540 τετιμημένα
875 4461 925 4522 σῦκ
947 4459 1060 4536 οἴδαμεν
1084 4461 1158 4530 όπως
1179 4459 1231 4540 πρό
1253 4459 1359 4538 χρόνων

77 4587 178 4650 πολλῶν
200 4587 394 4669 παρημέληται
416 4585 463 4646 καὶ
486 4587 549 4646 δέον
572 4583 619 4645 καί
641 4586 703 4645 θεοῦ
728 4585 879 4665 ἐφορῶντος
895 4583 1053 4644 διοικεῖσθαι
1068 4579 1136 4641 αὐτόι
1150 4577 1197 4640 καὶ
1213 4581 1247 4640 ἐκ
1260 4581 1361 4652 παντός

78 4713 161 4791 τρόπου
185 4709 346 4789 ἐπιμελείας
367 4715 417 4785 της
440 4709 578 4788 ἀναλόγου
601 4704 750 4786 ἀξιοῦσθαι,
774 4707 849 4778 όπως
871 4705 961 4776 αῦτοίς
982 4710 1037 4763 τῶν
1059 4703 1170 4783 ἀγαθῶν
1193 4703 1227 4762 τόι
1243 4701 1292 4779 μὲν
1308 4703 1361 4761 ῦπ-
