3222 5284
198 341 263 408 340

198 537 380 616 ἐπανόρθωσιν
402 541 456 596 τῶν
479 537 623 616 ἀκινήτων,
646 535 693 598 καί
715 537 777 596 τότε
793 535 825 596 δέ
840 537 883 608 ἵνα
898 539 965 617 πρός
981 534 1062 616 ἀγίας
1083 535 1234 612 ἐκκλησίας
1249 535 1295 596 καὶ
1311 535 1401 608 θείους
1416 534 1508 606 ναούς

195 661 212 734 ἡ
238 660 377 735 ἐκποίησις
399 659 515 739 γίνηται,
539 662 610 720 ὥστε
634 663 724 736 μεῖναι
747 660 780 718 τά
803 658 863 740 ἱερά
884 661 969 720 πάλιν
983 660 1045 740 ῖερά
1059 657 1107 719 καί
1123 658 1161 734 μὴ
1184 659 1347 733 κοινωθῆναι
1362 659 1397 716 τά
1415 659 1503 734 ἅγια·

194 783 229 841 τά
250 783 305 862 γάρ
322 778 395 854 ἅπαξ
418 783 602 862 ἀφιερωθέντα
625 779 663 858 μὴ
680 782 736 842 δεῖν
759 783 911 842 κοινοῦσθαι
926 785 983 854 τοῖς
998 787 1062 841 ποῖσι
1078 783 1231 856 καθέστηκε
1246 783 1393 861 γνώριμον.
1424 801 1504 861 προ-

197 905 343 985 αιρούμεθα
366 903 398 963 δὲ
420 905 469 979 τήν
491 910 545 963 τῶν
568 911 683 979 κινητῶν
708 903 847 979 ἐκποίησιν
870 904 915 964 διά
938 904 986 979 τήν
1010 909 1063 964 τῶν
1087 905 1221 978 ἀκινήτων
1246 903 1429 983 ἐπανόρθωσιν
1448 903 1505 979 ούχ

196 1027 293 1098 ἁπλῶς
315 1025 361 1086 καὶ
385 1027 423 1097 ὡς
447 1026 551 1106 ἔτυχεν,
576 1027 614 1096 ὡς
637 1027 670 1085 ἀν
694 1024 798 1101 οἰηθείη
821 1047 871 1105 τις,
895 1026 1015 1086 ἀλλ’ὅτι
1037 1025 1138 1104 πολλῷ
1160 1026 1271 1100 μᾶλλον
1287 1020 1361 1084 οἶδεν
1378 1024 1503 1103 ὠφελεῖν

196 1148 244 1224 τήν
273 1149 358 1224 μονήν
385 1149 480 1222 ἡτῶν
508 1148 641 1222 ἀκινήτων
667 1147 802 1228 πρόσοδος
828 1147 875 1208 καὶ
904 1149 944 1208 δτι
973 1148 1005 1208 ἐκ
1033 1147 1083 1222 μὲν
1105 1153 1154 1222 τῆς
1176 1152 1229 1206 τῶν
1259 1142 1393 1221 ἀκινήτων
1420 1147 1502 1223 ὠφε-

196 1271 276 1342 λείας
299 1271 420 1349 δυνατόν,
445 1271 514 1330 ἔστιν
537 1271 582 1328 ότε
605 1269 701 1344 κινητὰ
725 1269 928 1348 ἐπικτήσασθαι,
951 1270 981 1328 τό
1005 1267 1030 1328 δ’
1044 1269 1163 1328 ἐναντῖον
1187 1266 1242 1328 ἐστὶ
1265 1269 1404 1348 δυσχερές.
1449 1265 1500 1327 καὶ

195 1393 295 1467 ταύτην
318 1390 349 1450 δὲ
364 1392 412 1466 τὴν
436 1389 573 1467 έκποίησιν
597 1391 646 1451 ούκ
668 1387 854 1462 ἀνεξετάστως
875 1391 960 1462 ούτως
981 1393 1185 1470 συγχωροῦμεν,
1209 1389 1304 1450 ούδ’ἐν
1320 1389 1500 1470 παραβύστῳ,

196 1512 297 1573 οὔδ’έν
319 1513 406 1594 γωνίᾳ
429 1511 562 1592 γίνεσθαι,
594 1512 656 1572 ούδὲ
680 1515 758 1592 μέρει
780 1511 830 1572 τινί
853 1518 905 1571 τῶν
929 1512 958 1571 ἐν
981 1517 1014 1594 τῇ
1038 1518 1108 1593 μονῇ
1130 1514 1346 1591 γινωσκομένην,
1377 1513 1499 1590 ἀγνοου·

197 1637 282 1710 μένην
298 1635 328 1694 δὲ
349 1637 407 1705 ταῖς
422 1635 542 1710 λοιπαῖς,
566 1633 644 1694 ἀλλά
658 1639 708 1709 πής
721 1629 905 1714 προεστώσης,
929 1637 975 1693 τού
991 1631 1144 1713 οἰκονόμου,
1167 1641 1217 1710 τής
1234 1633 1499 1713 ἑκκλησιοιρχίσσης,

196 1763 246 1833 τὴς
269 1755 518 1836 σκευοφυλακίσσης
540 1753 659 1816 καὶτῶν
682 1753 787 1815 λοιπῶν
806 1755 955 1837 προκρίτων
979 1755 1175 1835 διακονητριῶν
1195 1753 1311 1815 καὶτῶν
1334 1755 1429 1835 ἱερέων
1445 1763 1500 1832 τῆς

196 1884 284 1954 μονὴς
312 1876 355 1936 ἐπὶ
378 1879 408 1937 τό
436 1878 500 1938 αάτδ
528 1879 669 1938 συνιόντων
692 1876 738 1937 καὶ
764 1875 826 1956 περὶ
849 1883 898 1953 τής
924 1879 1108 1958 προκειμένης
1137 1875 1232 1948 ἐξόδου
1261 1877 1498 1956 διαγινωσκόντων

195 1998 325 2080 καὶπερὶ
347 2004 393 2060 τοῖν
416 2001 665 2076 ἐκποιηθησομένου
693 1999 782 2070 εῖδους
810 1999 1059 2077 διασκοπουμένων,
1092 2000 1186 2058 ἔπειτά
1208 2019 1287 2058 τινων
1315 1999 1499 2073 μετακαλου-

197 2124 286 2198 μένων
309 2121 412 2196 εἴδησιν
436 2122 555 2200 ἐχόντων
580 2121 678 2201 ἀκριβῆ
701 2125 747 2180 τοῦ
763 2120 1076 2198 ἀπεμποληθησομένου,
1099 2121 1247 2198 πρακτικόν
1264 2120 1296 2178 δὲ
1312 2119 1499 2194 διατιμήσεως

198 2243 378 2318 ἐκτιθεμένων
400 2245 445 2302 τόν
461 2243 506 2302 σύν
522 2246 578 2312 τοῖς
600 2243 721 2322 χαρτίοις
742 2248 793 2317 τὴς
815 2247 902 2318 μονῆς
924 2242 1088 2318 ἀποτεθὴναι
1102 2241 1150 2300 καί
1170 2242 1354 2320 διατηρεῖσθαι
1375 2241 1499 2320 ἀφεῖλον,

196 2367 304 2424 πάντων
328 2365 359 2424 δὲ
386 2365 486 2425 τούτων
514 2363 584 2438 μετά
611 2361 744 2438 είδὴσεως
766 2369 815 2439 τὴς
837 2369 886 2438 τῆς
913 2369 999 2439 μονῆς
1029 2363 1305 2439 ἀντιλαμβανομένης
1332 2364 1499 2442 γινομένων.

301 2488 378 2564 Κεφ.
403 2484 451 2546 ια’.
479 2483 558 2564 Περὶ
580 2489 635 2544 τού
656 2492 725 2556 πῶς
748 2485 799 2544 δεῖ
822 2485 1041 2564 ἐπιλέγεσθαι
1063 2484 1119 2544 καί
1141 2484 1415 2565 προχειρίζεσθαι
1437 2484 1500 2560 τὴν

196 2609 463 2686 καθηγουμένην.
495 2605 562 2686 Περί
579 2606 610 2666 δὲ
635 2606 770 2684 ἑπιλογὴς
785 2605 831 2666 καί
853 2607 1049 2686 προχειρίσεως
1069 2607 1225 2686 ἡγουμένης
1240 2606 1295 2682 ἡδη
1312 2605 1498 2678 διαληπτέον·

197 2733 241 2788 νῦν
265 2729 315 2804 μὲν
338 2729 392 2808 γὰρ
425 2728 534 2804 ἐποίησε
564 2729 812 2806 καθηγουμένηνὴ
842 2727 970 2802 βασιλεία
1001 2749 1062 2806 μου,
1092 2731 1126 2804 ἡν
1150 2727 1270 2806 ἐποίησε,
1300 2726 1348 2788 καὶ
1372 2726 1447 2799 αὖθις
1473 2727 1499 2786 εί

197 2851 290 2926 δεήσει
315 2851 482 2928 ἡγουμένης,
514 2851 567 2920 ἕως
589 2851 622 2908 ἀν
644 2851 692 2928 ζῶ,
723 2849 869 2929 παρ’ἐμοῦ
895 2852 1051 2928 γενήσεται,
1081 2849 1152 2925 μετὰ
1175 2849 1206 2909 δέ
1228 2851 1277 2923 τήν
1306 2849 1376 2925 ἐμὴν
1404 2853 1498 2926 μετέ-

194 2993 283 3031 στασιν
306 2973 436 3052 κρατήσει
457 2970 491 3028 τά
513 2977 561 3044 τῆς
584 2971 722 3050 παρούσης
744 2990 797 3045 μου
820 2967 984 3041 διατάξεως·
1016 2969 1167 3050 διορίζομαι
1188 2973 1252 3048 γάρ,
1283 2969 1307 3029 εί
1331 2971 1384 3045 μὲν
1406 2991 1497 3050 προσ-

194 3094 307 3167 δόκιμος
329 3090 376 3152 κσιί
398 3093 611 3170 προεγνωσμένη
634 3093 651 3166 ἡ
674 3097 724 3166 τὴς
747 3091 818 3150 κατά
839 3092 888 3165 τὴν
912 3093 1019 3170 ἡμέραν
1041 3092 1200 3170 ἡγουμένης
1228 3094 1342 3170 γένηται
1365 3093 1496 3172 τελευτή,

192 3215 391 3294 προσέρχεσθαι
415 3214 480 3294 αύτῄ
503 3218 591 3272 πᾶσαν
613 3214 663 3288 τὴν
686 3212 859 3291 ἀδελφότητα
881 3211 1027 3294 καὶκοινῇ
1050 3215 1148 3296 γνώμη
1170 3215 1270 3272 τούτων
1293 3235 1323 3272 τε
1346 3212 1394 3272 καὶ
1410 3215 1498 3288 αὐτῆς

194 3338 233 3408 ὡς
264 3336 365 3412 εἴδησιν
396 3335 514 3412 ἐχούσης
540 3341 590 3410 πὴς
621 3335 738 3408 ἑκάστης
760 3340 813 3394 τῶν
845 3335 1018 3409 μοναζουσῶν
1047 3335 1191 3406 πολιτείας
1213 3355 1243 3394 τε
1275 3335 1321 3394 καὶ
1351 3335 1497 3414 διαγωγῆς

196 3458 370 3537 ἐπιλέγεσθαι
389 3461 462 3536 τρεῖς
484 3456 533 3528 τὰς
556 3456 607 3536 βίῳ
629 3457 842 3531 κεκοσμημένας
864 3455 911 3515 καί
933 3457 1012 3536 λόγῳ
1032 3455 1079 3516 καὶ
1102 3459 1228 3536 φρονήσει
1252 3455 1431 3536 διαφερούσας
1445 3457 1497 3516 καὶ

194 3577 234 3650 είς
255 3579 417 3658 προστασίαν
449 3584 545 3656 ψυχῶν
567 3575 614 3637 καὶ
638 3575 757 3658 ἰατρείαν
780 3579 935 3657 σοφωτέρας
956 3599 988 3637 τε
1010 3578 1057 3638 καὶ
1089 3579 1284 3658 ἐμπειροτέρας
1305 3585 1360 3638 τῶν
1383 3579 1495 3657 ἀλλων,

193 3703 396 3781 γνωριζομένοις
418 3698 465 3760 καί
488 3700 715 3778 ὁμολογουμένας
738 3699 793 3760 εἴτε
816 3699 869 3760 ἀπδ
892 3705 945 3759 τῶν
969 3699 1163 3780 διακονητριῶν
1186 3698 1305 3760 τοιαῦταί
1323 3721 1395 3771 τινες
1418 3700 1494 3780 εύρί-

193 3841 312 3900 σκονται,
338 3823 392 3882 εἴτε
415 3821 461 3882 καὶ
485 3821 538 3882 ἀπό
560 3827 614 3882 τῶν
636 3823 741 3882 λοιπῶν
765 3829 904 3901 μοναχῶν.
951 3821 973 3882 εἰ
998 3823 1029 3882 δὲ
1053 3822 1197 3898 ἀδοκήτως
1221 3824 1306 3895 ούτως
1329 3823 1420 3904 συμβῇ
1442 3824 1496 3898 τὴν

193 3951 366 4025 προεστῶσαν
389 3945 435 4003 τόν
458 3943 516 4017 βίον
546 3944 717 4022 καταλιπεῖν,
747 3943 808 4025 περὶ
837 3944 967 4022 διαδόχου
999 3944 1085 4020 μηδὲν
1109 3949 1179 4021 μήτε
1203 3948 1389 4024 σκοπήσασαν,
1422 3949 1494 4020 μήτε

193 4066 376 4147 γνωρίσασαν,
403 4069 549 4140 τηνικαῦτα
570 4071 659 4126 πάσαν
682 4066 745 4126 καθ’
759 4067 856 4141 ἑαυτὴν
879 4067 1059 4144 συναχθεῖσαν
1081 4067 1129 4142 τήν
1153 4066 1335 4146 ἀδελφότητα,
1358 4069 1494 4127 ποιεῖσθαι

193 4189 241 4266 τήν
264 4194 317 4247 τῶν
340 4195 419 4266 τριῶν
451 4187 584 4265 έπιλογὴν
613 4187 746 4270 παρουσίᾳ
767 4186 815 4247 καί
837 4193 887 4266 τὴς
909 4189 979 4248 κατὰ
1006 4189 1116 4268 καιρούς
1144 4189 1422 4264 ἀντιλαμβανομένης
1443 4195 1496 4265 τῆς

196 4315 292 4387 μονῆς,
317 4309 484 4380 διαστάσεως
507 4309 538 4368 δέ
561 4309 750 4389 ἀναφυομένης
764 4307 811 4369 καὶ
831 4309 997 4388 φιλονεικίας
1020 4310 1225 4389 διεγειρομένης
1246 4309 1274 4368 έν
1295 4311 1389 4382 αύταῖς
1412 4309 1495 4392 (ὅπερ

194 4431 361 4509 ἀπεύχομαι)
384 4429 445 4511 περί
467 4433 516 4506 τὴν
540 4432 682 4510 έπιλογὴν,
714 4433 731 4505 ἡ
755 4437 804 4506 τής
828 4437 914 4506 μονῆς
945 4431 1204 4507 ἀντιλαμβανομένη
1232 4431 1308 4492 λύσει
1335 4434 1385 4507 τὴν
1407 4431 1494 4511 ἀμφι-

193 4553 300 4630 βολίαν,
323 4553 372 4627 τήν
394 4552 478 4632 κρίσιν
500 4555 692 4631 προτιμωμένη
715 4557 762 4612 τού
784 4553 868 4634 ἀρετή
884 4552 931 4612 καί
946 4556 1109 4614 καταστάσει
1124 4563 1292 4639 πνευματικῇ
1311 4555 1495 4634 ὑπερέχοντος

193 4677 303 4756 μέρους,
332 4675 450 4750 μελήσει
474 4674 504 4732 δὲ
530 4676 595 4757 αὐτὴ
618 4678 726 4746 πάντως
748 4679 794 4734 τού
818 4675 972 4756 ἐλευθέρως
994 4675 1040 4734 καὶ
1064 4677 1176 4747 ἀπαθῶς
1201 4679 1333 4736 ποιεῖσθαι
1357 4679 1405 4752 τὴν
1429 4677 1494 4737 διά-
