3166 5298
228 326 288 393 118

224 528 274 598 τῆς
294 521 418 595 τοιαίτης
439 521 544 599 χώρας,
567 520 605 591 ὡς
627 521 659 578 ἀν
681 517 862 599 παροιδιίνσωσι
883 518 950 594 πρδς
973 517 1051 576 αυτόν
1073 518 1122 592 τἠν
1143 515 1289 591 ποσότητα.
1318 514 1360 574 διδ
1383 513 1414 574 δὲ
1437 513 1518 574 οὐδὲν

226 643 323 720 ἔφθασε
346 641 472 718 γενέσθαι
495 643 571 700 τοῦτο
592 641 656 720 παρ’
671 641 766 720 αθτῶν,
790 638 886 715 συνέβη
911 636 942 698 δὲ
963 636 1011 697 καί
1033 635 1073 710 εἰς
1093 637 1127 696 τά
1141 639 1290 718 πράγματα
1305 637 1441 714 σύγχυσις,
1465 634 1518 694 ἀν-

227 763 329 844 έδραμε
351 763 434 823 πόλιν
457 763 472 820 ό
495 763 574 834 αθτδς
589 763 727 842 Μαρτίνος
748 757 827 846 [πρδς
848 761 897 836 τήν
921 759 1062 832 βασιλείαν
1078 755 1140 846 μου]
1163 757 1210 846 καί
1233 760 1347 836 ἐζήτησε
1367 756 1414 818 καί
1429 778 1519 838 παρε-

225 885 330 946 κάλεσε
355 881 402 944 καί
432 883 513 959 ἐδόθη
542 885 609 963 πρός
638 885 716 943 αθτδν
746 883 776 943 τό
805 885 923 943 τοιοῦτον
952 881 1082 962 ἀγριδιον,
1114 881 1212 962 ἀρτίως
1234 879 1266 940 δέ
1289 881 1447 963 ἀπητησοιτο
1468 879 1520 952 την

227 1009 335 1082 ζήτησιν
361 1003 408 1066 καί
436 1005 564 1084 διαφορὰν
591 1002 652 1085 περὶ
677 1008 723 1064 τοῦ
747 1002 867 1084 ἀγριδίου
878 1002 901 1085 ¹)
924 1003 939 1062 ὁ
962 1001 1120 1082 διαληφθεὶς
1141 1003 1349 1082 θεοφιλέστατος
1372 998 1522 1072 ἐπίσκοπος

227 1130 343 1206 Ζιχνῶν,
368 1126 515 1207 ἐμφανίσας
536 1128 603 1206 προς
626 1128 706 1202 αὐτὴν
727 1127 759 1186 τό
782 1126 991 1206 ἐπιχορηγηθέν,
1015 1127 1053 1198 ὡς
1076 1125 1188 1204 είρητοιι,
1210 1124 1368 1207 τῇτοιαιίτη
1383 1122 1522 1204 σεβασμίφι

229 1256 298 1332 μονῇ
327 1247 531 1328 χρυσόβσυλλον
560 1247 608 1308 καί
636 1246 835 1329 παρεκάλεσεν,
866 1249 905 1318 ὡς
932 1249 965 1306 ἂν
996 1245 1039 1306 διά
1068 1247 1117 1321 τὴν
1141 1244 1215 1325 ἰσχίιν
1236 1243 1284 1305 καί
1304 1245 1451 1324 περίληψιν
1473 1249 1522 1303 τοῦ

229 1371 430 1450 διαληφθέντοςΙ
444 1368 648 1450 χρυσοβοίιλλου
671 1367 817 1449 διορίσηται
838 1370 856 1442 ἡ
881 1367 1007 1442 βασιλεία
1030 1389 1081 1443 μου
1104 1365 1151 1426 καὶ
1166 1366 1342 1448 ίκανοτοιηθη
1358 1365 1523 1444 ἀλλαχόθεν

229 1494 243 1551 ό
274 1491 432 1570 διαληφθεὶς
454 1487 608 1577 σεβίαστος]
630 1492 767 1571 Μαρτίνος
788 1492 818 1550 τό
842 1489 1018 1570 ὀφειλόμενον
1040 1493 1116 1550 τοῦτο
1140 1489 1333 1570 διαπρακτικδν
1355 1489 1437 1549 ποσόν
1461 1486 1523 1546 ἀντὶ

228 1617 274 1674 τοῦ
302 1613 496 1694 ἀναληφθέντος
525 1611 646 1693 ἀγριδίου
672 1613 743 1673 κατὰ
763 1613 794 1672 τό
817 1612 1002 1692 ἀνυστέρητον,
1031 1612 1062 1670 τό
1085 1609 1116 1670 δέ
1138 1613 1255 1670 τοιοῦτον
1279 1608 1399 1690 ἀγρίδιον
1422 1609 1523 1668 Μονό-

230 1755 329 1812 οπητον
351 1735 501 1812 κατέχηται
522 1733 605 1794 πόλιν
627 1733 702 1813 παρὰ
723 1739 772 1810 της
796 1733 940 1813 εἰρημένης
963 1731 1112 1808 σεβασμίας
1135 1738 1229 1811 μονῆς,
1252 1732 1336 1808 ἤγουν
1358 1731 1523 1806 ἡβασιλεία

230 1877 281 1933 μου
305 1856 350 1916 διὰ
371 1856 419 1930 τὴν
441 1855 520 1932 τιμὴν
542 1856 749 1935 προηγουμένης
773 1849 919 1939 [πράξεως]
928 1849 954 1938 ²)
976 1853 1023 1912 καὶ
1044 1854 1075 1912 τό
1098 1853 1267 1912 ἀκατάλυτον
1286 1856 1332 1911 τοῦ
1348 1851 1524 1927 δηλωθέντος

229 1976 446 2059 χρυσοβοθλλου,
470 1978 508 2038 ἔτι
532 1977 562 2037 δὲ
584 1975 631 2038 καὶ
654 1977 698 2037 διὰ
719 1978 767 2054 την
790 1975 851 2057 περὶ
872 1977 964 2036 τούτου
988 1977 1094 2052 ζήτησιν
1113 1973 1161 2035 καὶ
1174 1974 1347 2054 παράκλησιν
1361 1977 1407 2034 τοῦ
1423 1973 1523 2050 δηλω-

230 2100 323 2172 θέντος
353 2100 558 2178 θεοφιλεστάτου
585 2099 730 2159 ἐπισκόπου
752 2099 858 2177 Ζιχνῶν
889 2097 991 2158 δίκαιον
1022 2093 1069 2156 καὶ
1096 2095 1211 2173 είιλογον
1239 2096 1410 2174 λογισαμένη
1433 2100 1523 2174 τοῦτο,

233 2223 293 2300 ἔχει
315 2220 425 2298 θέλημα
448 2223 495 2282 καί
517 2221 660 2300 διορίζεταί
682 2241 723 2280 σοι
745 2216 841 2306 [οἰκείε
863 2225 896 2302 τῇ
920 2217 1047 2301 βασιλείᾳ
1069 2239 1130 2297 μου,
1157 2217 1266 2296 κεφαλὴ
1288 2211 1430 2301 Βολεροθ].
1464 2215 1524 2276 ἐπεὶ

232 2342 381 2423 εὑρίσκεται
403 2341 464 2422 περὶ
486 2343 534 2415 τὰς
549 2343 653 2423 Σέρρας
674 2343 692 2416 ἡ
714 2339 866 2420 οἰκονομία,
889 2343 922 2415 ἣν
944 2335 1020 2418 εἶχεν
1043 2341 1058 2398 ό
1081 2339 1148 2420 ἀνὴρ
1170 2345 1220 2415 της
1239 2339 1371 2418 θυγατρός
1385 2342 1432 2398 τοῦ
1448 2339 1523 2398 Ῥω-

233 2463 313 2541 μαίου
337 2463 441 2524 ἐκείνου
463 2466 478 2523 ό
501 2465 660 2544 Σαρακηνδς
682 2463 844 2543 λεγόμενος,
866 2463 1015 2538 ποσότητος
1037 2458 1111 2542 οθσο,
1139 2462 1178 2534 ὡς
1201 2460 1360 2539 ἀνηγγέλθη
1381 2465 1416 2542 τῇ
1440 2459 1523 2534 βασι-

232 2585 297 2668 λείᾳ
320 2607 381 2665 μου,
413 2583 583 2662 νομισμοίτων
605 2583 644 2664 π’,
675 2588 708 2661 ἣν
734 2586 848 2663 κατέχει
871 2583 968 2664 ἀρτίως
989 2583 1007 2658 ἡ
1030 2584 1097 2662 γυνὴ
1122 2582 1235 2661 ἐκείνου,
1265 2580 1327 2662 παρ’
1341 2581 1451 2662 ὁρισμόν
1473 2589 1525 2658 τῆς

234 2707 377 2782 βασιλείας
399 2729 460 2788 μου,
483 2707 659 2788 προλαβοῦσα
680 2705 727 2768 καί
749 2705 789 2779 εἰς
811 2705 959 2780 συνοίκησιν
982 2705 1109 2780 ἀθέσμως
1131 2703 1284 2788 ὑποχείριον
1308 2705 1399 2781 αὑτῆς,
1430 2724 1524 2783 παρα-

234 2830 330 2904 δώσεις
360 2831 413 2890 ἀπό
440 2831 537 2907 ταθτης
558 2831 626 2911 πρὸς
647 2831 692 2888 τόν
716 2828 875 2905 δηλωθέντα
897 2821 1051 2913 [σεβαστόν]
1074 2827 1212 2906 Μαρτίνον
1235 2824 1364 2906 ἀκεραίαν
1386 2823 1434 2884 καί
1456 2825 1524 2884 ἀνυ-

234 2955 361 3033 οτέρητον
385 2951 418 3012 ἐκ
438 2959 487 3029 τῆς
510 2947 585 3037 [τῶν]
608 2949 637 3030 χ’
654 2953 824 3027 νομισμάτων
839 2951 995 3029 ποσότητος,
1020 2947 1059 3021 εἰς
1072 2951 1107 3024 ἣν
1120 2946 1333 3029 καταγροίφεται,
1356 2947 1395 3018 ὡς
1410 2946 1524 3026 εἴρηται,

235 3074 281 3136 διὰ
301 3077 448 3153 πρακτικοῦ
471 3077 549 3134 αὺτοῦ
572 3073 602 3132 τό
624 3071 748 3150 θηλωθὲν
771 3072 901 3152 ἀγρίδιον,
928 3072 977 3146 τὴν
1000 3070 1032 3130 δέ
1055 3072 1149 3150 ἑτέραν
1170 3072 1306 3145 ποσότητα
1328 3070 1376 3144 την
1400 3070 1453 3128 ἀπδ
1474 3076 1526 3145 τῆς

235 3197 359 3272 τοιαύτης
381 3191 537 3270 οἰκονομίας
558 3197 701 3275 κρατήσεις
722 3191 769 3254 καί
789 3193 996 3273 περιορίσειςί),
1019 3193 1097 3269 λέγω
1112 3195 1157 3252 τοῦ
1173 3190 1310 3270 δημοσίου,
1334 3191 1389 3250 ἔστ’
1401 3194 1433 3250 ἀν
1448 3191 1525 3272 ὁρίσῃ

234 3315 295 3396 περὶ
318 3319 400 3394 αὐτῆς
422 3319 440 3391 ἡ
464 3316 590 3392 βασιλεία
613 3337 674 3396 μου,
698 3316 759 3375 όσον
783 3315 911 3394 διακρίνει
932 3312 981 3374 καὶ
1003 3314 1062 3392 ἔχει
1084 3313 1204 3392 θέλημα,
1225 3314 1293 3392 πρός
1313 3311 1344 3373 δέ
1362 3314 1412 3388 τὴν
1428 3313 1525 3389 δηλω-

236 3441 327 3501 θείσαν
350 3439 498 3516 σεβοσμίαν
521 3439 606 3514 μονὴν
630 3437 781 3509 ἀποδώσεις
802 3438 833 3496 τ“ο
854 3440 971 3496 τοιοῦτον
994 3434 1115 3514 ἀγρίδιον
1137 3436 1166 3494 τ“ο
1183 3435 1372 3514 Μονόοπητον,
1393 3433 1441 3493 καὶ
1455 3455 1525 3494 κατ-

237 3566 334 3640 έχηται
355 3560 402 3622 καὶ
424 3562 538 3638 νέμηται
561 3561 624 3620 αθτό
643 3562 720 3619 τοῦτο
736 3557 929 3637 ἀνενοχλήτως
944 3555 991 3618 καί
1006 3556 1181 3630 ἀδιασείοτως
1195 3558 1266 3616 κατὰ
1280 3561 1369 3616 πᾶσαν
1384 3558 1433 3631 τὴν
1450 3553 1526 3634 ἰσχυν

236 3683 282 3745 καὶ
303 3685 447 3764 περιληψιν
468 3687 513 3743 τοῦ
528 3683 827 3763 προεπιχορηγηθέντος
843 3683 918 3763 αὐτῇ,
941 3681 1033 3752 καθὼς
1048 3679 1161 3761 εἴρηται,
1184 3677 1390 3760 χρυσοβοίιλλου
1405 3685 1456 3756 τῆς
1472 3677 1525 3752 βα-

237 3807 342 3880 σιλείας
357 3827 418 3888 μου,
440 3805 488 3866 καὶ
501 3805 612 3882 ποίησον
627 3803 697 3864 κατὰ
712 3805 741 3864 τό
756 3805 841 3882 παρὀν
856 3805 1026 3884 πρόσταγμα,
1047 3801 1124 3862 όκαί
1139 3801 1311 3882 ἀντίοτρεψον
1328 3798 1372 3861 ἐπὶ
1388 3799 1425 3881 τῷ
1440 3821 1526 3880 προο-

239 3933 307 3990 είνοιι
328 3935 361 4010 τη
385 3927 539 4009 δηλωθείση
559 3925 693 4008 οεβαομίφι
714 3932 782 4008 μονῇ
799 3923 838 3997 εἰς
853 3925 1013 4003 ἀσφάλειαν.
1037 3925 1089 3984 ἀπό
1105 3923 1135 3984 δὲ
1150 3929 1200 4000 της
1216 3922 1356 3984 ἐπιλοίπου
1372 3920 1527 3997 οἰκονομίας

238 4060 287 4130 τῆς
310 4051 480 4128 δηλωθείσης
495 4049 635 4125 Ῥωμαίος
657 4048 767 4125 θέλημα
790 4049 843 4128 ἔχη
865 4049 883 4122 ἡ
908 4047 1034 4121 βασιλειοι
1056 4067 1117 4126 μου,
1141 4047 1179 4118 ὡς
1201 4045 1247 4106 καὶ
1271 4046 1397 4125 ἀνωτέρω
1414 4043 1525 4126 εἴρηται,

237 4175 282 4235 ίνα
304 4173 390 4250 μηδὲν
413 4173 548 4254 ἐπιδώσης
566 4175 633 4251 πρός
652 4191 710 4230 τινα
731 4173 813 4250 μέχρι
831 4167 879 4229 καί
898 4174 943 4230 τοῦ
959 4164 1138 4254 [ἑλαχίσισυ],
1156 4167 1250 4243 ἐπειδὴ
1265 4166 1394 4248 γνωρίσαι
1411 4167 1527 4244 μέλλεις

240 4296 274 4357 δι’
287 4297 378 4376 ἑτέρου
399 4292 606 4375 προστάγματος
625 4295 656 4352 τό
674 4291 736 4370 περὶ
755 4293 852 4368 τοιίτης
866 4293 978 4368 θέλημα
992 4289 1038 4350 καί
1052 4291 1083 4350 τ“ο
1099 4291 1196 4371 όρισμα
1211 4297 1260 4366 τῆς
1275 4288 1419 4366 βασιλείας
1434 4283 1492 4365 μου
1500 4294 1525 4366 †.

240 4473 343 4480 -η-..κ-

345 4581 364 4646 ¹)
382 4581 415 4630 In
433 4579 584 4647 apographo
603 4579 623 4629 Ι.
643 4579 686 4628 hie
708 4579 834 4628 inseritur
851 4573 910 4643 πρὸς
928 4573 970 4640 τὴν
988 4573 1113 4641 βασιλείαν
1133 4591 1189 4642 μου,
1212 4574 1284 4640 quod
1302 4575 1425 4640 superius
1444 4575 1524 4626 habes

239 4679 268 4728 in
287 4681 423 4728 contextu.
494 4676 514 4740 ²)
534 4673 729 4740 Supplevimus.
800 4673 821 4738 ¹)
839 4669 989 4740 περιορήσεις
1008 4671 1030 4721 Ι.
