3166 5298
1270 353 1331 418 119

148 546 164 617 γ
191 537 274 619 Είχε
302 540 359 602 καὶ
390 542 428 604 δι’
446 542 588 624 ἐρυθρῶν
616 548 823 624 γραμμάτων
853 554 911 622 τῆς
941 545 1123 623 βασιλικῆς
1152 546 1208 608 καί
1237 547 1332 618 θείας

62 663 160 742 χειρός
178 665 226 722 τό·
250 661 328 740 μηνὶ
350 660 520 744 άπριλλίῳ
542 664 587 737 κς’
694 670 719 742 †.

148 791 288 846 Ιοατιωιὶίεε
304 792 356 846 Nr.
375 793 402 847 6.

216 1031 222 1055 t

320 1043 415 1108 XXI.
439 1041 515 1108 Sine
538 1065 632 1130 anno,
661 1043 690 1108 9.
714 1046 833 1110 mensis
857 1044 1050 1111 decembris.

60 1207 108 1261 ίίοο
122 1207 270 1279 Stephanus
288 1209 386 1264 Dutan
407 1211 503 1265 iterum
517 1211 612 1266 οσνοίιτδ
626 1211 658 1264 de
673 1210 840 1265 restitutione
855 1211 918 1283 αρτί
932 1211 999 1266 dicti
1014 1211 1174 1282 Μοιιοορίία
1189 1213 1228 1266 ad
1241 1229 1330 1266 σκοπο-

365 1319 368 1326 ’
621 1315 740 1368 sterium.

335 1481 539 1560 Πρόσταγμα
561 1479 584 1553 ζ’
608 1479 652 1554 εἰς
674 1481 727 1558 τὴν
750 1482 850 1556 αδτὴν
873 1481 1036 1541 ὑπόθεσιν.

145 1636 278 1716 γθίκεῑε
302 1642 334 1718 τῇ
358 1635 486 1720 βασιλείᾳ
509 1658 570 1714 μου,
594 1638 737 1714 δομέοτικε
757 1641 807 1718 κόρ
823 1638 936 1712 Ἰωάννη
952 1637 1142 1717 Ταρχανιιότη.
1166 1636 1330 1712 ἡβαοιλεία

59 1779 99 1832 μου
113 1757 248 1838 δισρίζεταί
270 1780 321 1820 σοι.
344 1761 396 1840 πρδ
418 1761 523 1839 χρόνων
547 1759 592 1820 διά
612 1759 819 1840 χρυοσβσθλλου
842 1759 894 1818 ἀπό
918 1757 1055 1834 μεσιτείας
1077 1763 1127 1836 τῆς
1148 1760 1329 1840 περιποθήτου

59 1881 171 1961 θυγατρός
196 1888 245 1957 τῆς
273 1880 416 1956 βασιλείας
439 1903 499 1960 μου,
522 1887 571 1958 τῆς
594 1882 767 1958 θψηλοτάτης
788 1880 940 1961 κραλαίνης
962 1886 1012 1956 τῆς
1035 1881 1252 1954 αθθεντοποθλας
1273 1903 1331 1962 σου,

58 2004 113 2080 πρός
136 2004 182 2077 την
208 2003 280 2064 κατὰ
301 2005 331 2064 τό
359 2005 421 2084 όρος
444 2004 603 2064 Μενσίκεων
630 2003 804 2079 διακειμένην
826 2002 980 2079 σεβασμίαν
1003 2003 1087 2079 μονὴν
1109 2003 1158 2078 τὴν
1181 2001 1222 2075 εἰς
1243 2003 1332 2079 ὄνομα

59 2129 194 2202 τιμωμένην
218 2129 266 2185 τοῦ
292 2125 379 2200 τιμίου
404 2128 539 2205 προφήτου
562 2125 723 2206 Προδρόμσυ
745 2121 792 2184 καὶ
814 2125 963 2186 Βαπτιοτσό
985 2125 1112 2184 Ἰωάννου
1134 2126 1165 2184 τό
1186 2123 1259 2205 παρὰ
1282 2129 1332 2202 τῆς

59 2247 163 2324 τοιαίτης
184 2253 270 2322 μονῆς
292 2248 481 2326 εὑρισκόμενον
504 2247 634 2328 οἰγρίδιον,
656 2248 687 2306 τό
710 2247 863 2325 λεγόμενον
886 2247 1076 2328 Μονόοπητον,
1100 2248 1165 2327 όπερ
1187 2245 1331 2325 κατείχετο

59 2371 169 2448 πρότερον
190 2369 234 2430 διὰ
256 2377 403 2450 πρακτικοῦ
426 2369 465 2442 εἰς
488 2368 643 2445 οἰκονομίαν
664 2369 739 2448 παρὰ
760 2373 807 2428 τοῦ
829 2367 929 2430 οἰκείου
950 2375 984 2452 τῇ
1005 2369 1133 2452 βασιλείᾳ
1148 2390 1210 2450 μου,
1234 2375 1331 2432 οεπτσδ

59 2489 133 2569 κρίσι
146 2491 300 2572 Νικηφόρον
321 2496 367 2552 τοῦ
382 2491 530 2574 Μαρτίνου,
554 2490 610 2552 ἀντὶ
632 2492 780 2568 ποσότητος
802 2494 975 2568 νομισμάτων
990 2491 1019 2552 λ’
1036 2538 1043 2553 .
1062 2539 1069 2554 .
1088 2539 1094 2554 .
1110 2493 1176 2571 πρός
1199 2491 1278 2552 αἰντδν
1300 2489 1332 2552 δὲ

58 2612 94 2670 τὀν
114 2615 203 2674 οεπτόν
219 2615 357 2694 Μαρτῖνσν
381 2612 471 2674 ἐδίδου
493 2615 523 2674 τό
546 2615 596 2688 μὲν
618 2616 748 2693 πρότερον
772 2609 830 2674 ἀντὶ
852 2614 944 2674 τοὺτου
965 2616 1046 2694 χάριν
1061 2609 1203 2693 προσοδίου
1220 2615 1299 2674 αὐτοῦ
1310 2611 1331 2694 ¹)

59 2729 216 2821 νσμίίορατα]
246 2784 281 2798 ..
305 2783 312 2799 .
335 2739 387 2817 πρό
409 2757 480 2808 τινος
509 2736 598 2811 δ’ἤδη
626 2740 720 2816 καιροῦ
747 2735 888 2817 διωρίσατο
917 2737 936 2814 ἡ
963 2735 1091 2810 βασιλεία
1107 2757 1168 2816 μου,
1199 2735 1243 2795 ίνα
1266 2733 1331 2818 δοθῇ

59 2853 89 2931 τῷ
107 2858 210 2937 τοιούτῳ
234 2857 363 2938 Μαρτίνῳ
386 2851 444 2918 ἀντὶ
466 2861 513 2918 τοῦ
536 2858 709 2933 δηλωθέντσς
737 2859 857 2940 άγριδίου
880 2857 933 2918 σίπδ
955 2863 1005 2934 τῆς
1027 2857 1184 2934 οἰκονομίας
1205 2851 1240 2933 ἧς
1262 2877 1331 2916 κατ-

60 2979 108 3053 εῖχε
126 2977 183 3058 περὶ
204 2979 254 3050 τὰς
276 2981 380 3061 Σέρρας
401 2981 419 3055 ἡ
443 2981 561 3060 θυγάτηρ
583 2985 629 3040 τοῦ
653 2979 794 3058 Ῥωμαίου
818 2980 931 3052 ἐκείνου,
954 2983 1071 3056 ποσότης
1094 2982 1267 3056 νομισμάτων
1291 2977 1330 3058 λ’,

60 3094 94 3154 διὰ
112 3101 139 3158 τό
160 3101 202 3159 ἵνα
216 3103 368 3178 κατέχηται
386 3103 416 3162 τδ
433 3101 558 3177 δηλωθὲν
575 3101 695 3182 ἀγρίδιον
710 3101 784 3183 παρὰ
798 3108 848 3178 τῆς
864 3099 1010 3182 εἰρημένης
1026 3106 1111 3176 μονῆς
1127 3100 1331 3180 ἀνενοχλήτως,

60 3217 204 3298 ἰσυγχητως
225 3221 272 3282 καὶ
293 3223 470 3296 ἀδιασείστως
487 3223 543 3282 οἰντί
558 3225 716 3304 ποσότητος,
740 3226 778 3296 ὡς
795 3223 960 3303 δεδήλωται,
983 3225 1155 3299 νομισμάτων
1171 3221 1210 3284 λ’.
1234 3221 1333 3304 ἀρτίως

60 3338 83 3399 δὲ
104 3341 241 3424 ἐγνώρισεν
263 3346 282 3420 ἡ
306 3345 435 3414 βασιλεία
458 3366 509 3420 μου
534 3343 564 3418 ἐξ
587 3346 723 3428 ἀναφορᾶς
744 3349 791 3406 τοῦ
813 3345 1020 3426 θεοφιλεστάτου
1044 3345 1191 3406 ἐπισκόπου
1213 3346 1330 3426 Ζιχνῶν,

58 3462 81 3533 ός
100 3469 272 3541 συνεστήσατο
294 3468 343 3542 τἠν
365 3469 486 3544 τοιαύτην
511 3469 595 3544 μονὴν
619 3467 649 3542 ἐξ
671 3467 777 3529 οἰκείων
800 3469 892 3528 κόπων
913 3465 960 3528 καί
976 3462 1176 3546 ἀναλωμάτων,
1200 3468 1240 3526 ότι
1256 3465 1333 3526 οἰιδὲν

56 3587 159 3648 πείθεται
181 3591 196 3649 ό
220 3588 357 3664 δηλωθεὶς
378 3591 516 3670 Μαρτῑνσς
538 3587 721 3662 ἀναδέξασθαι
745 3591 778 3650 ἐκ
798 3595 848 3666 τῆς
870 3589 996 3670 ῥηθείσης
1019 3587 1176 3664 οἰκονομίας
1197 3591 1243 3647 τοῦ
1260 3587 1333 3649 Ῥω-

57 3708 123 3781 μαίου
152 3713 256 3772 ἐκείνου
282 3713 330 3787 την
359 3713 531 3789 δηλωθεϊσσιν
553 3715 690 3787 ποσότητα
711 3717 764 3771 τῶν
786 3711 815 3772 λ’
839 3715 1010 3788 νομισμάτων
1033 3709 1080 3770 καί
1103 3709 1147 3769 διὰ
1168 3713 1245 3769 τοῦτο
1269 3709 1333 3770 οὐδὲ

57 3833 80 3890 τό
100 3837 178 3914 μέρος
199 3841 250 3911 τῆς
273 3834 445 3910 δηλωθείσης
468 3841 554 3911 μονῆς
578 3833 688 3914 ἐγένετο
712 3833 802 3911 ἀκμὴν
826 3835 855 3894 ἐν
878 3841 985 3916 κατοχῇ
1007 3837 1053 3894 τοῦ
1068 3832 1196 3913 ῥηθέντος
1211 3831 1333 3913 οἰγριδίου

58 3957 94 4010 τιό
108 3955 292 4034 θίονοσπήτου,
315 3955 362 4016 καὶ
384 3957 560 4036 παρεκάλεσε
582 3955 630 4018 καὶ
653 3957 768 4032 ἐζήτησε
790 3954 837 4018 καὶ
860 3953 944 4036 αὖθις,
968 3957 1006 4027 ὡς
1029 3957 1061 4014 ἂν
1084 3953 1189 4037 δισρίοη
1210 3955 1229 4029 ἡ
1252 3953 1333 4028 βασι-

59 4073 113 4134 λεία
132 4099 182 4152 μου
204 4075 251 4138 καὶ
276 4077 399 4160 ἀπολυθῇ
421 4080 585 4158 πρόσταγμα
608 4077 647 4152 εἰς
669 4079 717 4156 τὴν
740 4076 801 4159 περὶ
822 4080 914 4138 τοὺτου
937 4077 1104 4157 δερέντευσιν
1127 4075 1174 4138 καί
1190 4071 1333 4138 ἀποκατά-

58 4216 133 4256 στασιν
154 4206 202 4275 της
227 4197 373 4280 εἰρημένης
395 4205 492 4276 μονῆς.
526 4201 575 4276 την
597 4205 662 4279 γοῦν
683 4199 856 4282 παράκλησιν
879 4202 958 4260 αδτοό
979 4197 1187 4279 προεδεξαμένη
1209 4199 1228 4276 ἠ
1252 4199 1333 4274 βασι-

58 4314 110 4376 λεία
130 4341 178 4394 μου
201 4321 262 4398 ἔχει
285 4320 396 4398 θέλημα
417 4320 464 4382 καὶ
487 4322 631 4402 διορίζεταί
653 4344 703 4403 σοι,
735 4324 774 4394 ὡς
797 4325 839 4401 ἂν,
862 4322 953 4394 καθὼς
976 4321 1138 4404 διακομισθῄ
1160 4321 1229 4402 πρός
1251 4320 1281 4380 σὲ
1303 4321 1334 4382 τό

58 4441 129 4518 τυρόν
148 4446 319 4524 πρόσταγμα,
343 4444 377 4504 ἐκ
397 4448 443 4504 τοῦ
464 4443 617 4525 παραυτίκα
637 4445 804 4527 παραδώοης
826 4444 857 4504 σθ
877 4445 945 4523 πρός
967 4444 1015 4519 τἠν
1038 4445 1167 4521 τσυαίιτην
1183 4442 1269 4520 μονὴν
1284 4443 1333 4520 την

147 4705 166 4769 η
184 4699 255 4762 ποιὸς
273 4705 294 4754 1.
