3194 5298
1266 358 1324 421 131

63 552 123 625 μόνος
141 551 357 631 καθηγούμενος,
382 549 550 631 ἐξηπόρησεν
572 552 590 628 ἡ
612 551 720 627 τοιαύτη
744 555 823 629 μονή,
848 550 889 612 δίο
912 553 961 612 ούκ
982 546 1045 628 εἶχε
1066 550 1126 611 τινὰ
1140 552 1189 626 τὴν
1204 551 1329 631 φροντίδα

62 678 98 750 τίς
116 673 274 754 προστασίας
297 676 386 756 αύτού,
409 672 455 734 καὶ
479 674 524 734 διὰ
544 677 622 734 τούτο
644 667 722 755 εύρεν
744 674 837 735 ἄδειαν
860 675 874 734 ό
897 671 989 754 ῥηθείς
1011 674 1152 754 Σανιοίνος,
1174 673 1221 733 καὶ
1244 676 1329 754 ἐκραί-

61 817 121 872 τητεν
142 793 171 868 ἐξ
193 797 350 877 ὁλοκλήρου
372 797 419 856 τόν
440 801 559 858 τοιοῦτον
575 797 699 876 μύλωνα,
721 797 966 857 κατεδυνόστευσεν
983 797 1011 854 ἐν
1026 797 1114 875 ταύτῴ
1132 795 1175 855 ἐπὶ
1192 791 1252 882 [τῷ]
1269 815 1328 856 τοι-

61 939 112 996 οιτῳ
139 919 241 994 μύλωνι
270 919 309 991 ὡς
336 918 555 997 ἐκκλησιαστικῷ
585 917 639 978 όντι
667 919 801 998 κληρικός
822 939 863 988 τις
884 924 933 994 τῆς
957 918 1110 995 ἁγιωτάτης
1132 919 1330 998 μητροπόλεως

61 1040 146 1120 Σερρῶν
167 1040 327 1120 ύΖυμαρᾶς
349 1039 513 1121 λεγόμενος,
536 1037 583 1100 καὶ
607 1039 764 1115 ἐλάμβανεν
788 1039 841 1100 ἀπό
856 1045 906 1117 τῆς
921 1037 1027 1100 εἰσόδου
1044 1035 1110 1125 [τοῦ]
1127 1041 1252 1116 μύλωνος
1266 1039 1328 1099 καθ’

61 1165 151 1221 ἔταττον
165 1169 241 1238 μῆνα
256 1161 365 1236 μόδιον·
382 1163 421 1234 ὡς
436 1161 468 1222 δὲ
483 1163 645 1238 ἐτελεύτησε
660 1160 707 1222 καὶ
723 1154 800 1234 οὗτος
816 1163 830 1220 ό
845 1163 974 1242 Ζυμαρᾶς
989 1160 1036 1220 καὶ
1052 1162 1066 1220 δ
1082 1160 1173 1242 ῥηθεὶς
1189 1162 1329 1241 Σανιόνος,

59 1284 93 1342 καὶ
109 1285 307 1364 προσεκόδησεν
332 1284 360 1342 ἐν
382 1289 416 1364 τῇ
439 1283 575 1366 σεβασμίᾳ
591 1289 670 1364 μονῇ,
694 1281 741 1343 καί
758 1282 911 1344 αἱτοιαῦται
927 1283 1044 1360 μοναχοί
1059 1281 1106 1343 καὶ
1120 1287 1329 1364 περιποιήσαντο

60 1405 94 1464 καί
117 1408 273 1480 συνέστησαν
302 1405 393 1485 αὐιήν,
426 1400 494 1491 [καὶ]
524 1405 696 1480 ἀπελοίβοντο
724 1405 795 1480 μετὰ
821 1412 874 1465 τῶν
898 1406 993 1466 σίλλων
1024 1400 1062 1464 ίυν
1086 1399 1160 1496 ςῖχεν
1182 1409 1201 1484 ή
1223 1407 1330 1482 τοιαύτη

61 1531 123 1607 μονή,
149 1527 196 1588 καὶ
218 1523 278 1614 [τὴν
301 1522 418 1612 εἴσοδον]
427 1527 451 1603 ¹)
478 1531 524 1588 τοῦ
548 1527 673 1602 μύλωνος
699 1531 745 1587 τοῦ
766 1528 895 1608 τοιούτου,
926 1526 950 1586 οἱ
976 1527 1074 1598 παῖδες
1097 1528 1128 1588 δὲ
1150 1532 1196 1588 τοῦ
1218 1529 1333 1606 Ζυμαρᾶ

61 1649 145 1710 ἐκείνου
166 1650 244 1710 ούδὲν
269 1649 358 1728 ἐῶσιν,
380 1649 425 1708 ἵνα
447 1651 600 1726 κατέχωσιν
624 1648 647 1708 οί
669 1655 781 1710 τοιοῦτοι
805 1647 922 1727 μοναχοί
937 1651 983 1708 τὀν
998 1653 1116 1709 τοιοῦτον
1132 1649 1248 1724 μύλωνα
1264 1649 1333 1724 μετὰ

60 1776 96 1845 τής
114 1769 216 1832 εἰσόδου
239 1771 319 1830 αὺτοῦ
343 1766 404 1855 [τῆς
427 1770 604 1850 διαφερούσης
627 1765 677 1855 εἰς]
701 1771 750 1848 τήν
774 1771 970 1850 διαληρδεῖοαν
988 1765 1096 1855 [μονήν]
1111 1771 1183 1831 κατὰ
1196 1771 1245 1848 τὴν
1262 1791 1332 1847 συμ-

61 1893 149 1972 ρυνῖαν,
170 1896 204 1968 ήν
228 1891 341 1968 ἐποίησε
364 1895 432 1972 πρός
454 1893 483 1952 τό
507 1893 590 1972 μέρος
612 1899 662 1968 τῆς
683 1893 807 1969 τοιαύτης
830 1899 916 1969 μονῆς
931 1893 946 1951 ό
962 1891 1053 1972 ῥηθείς
1068 1893 1200 1962 Σανιόνος
1217 1892 1332 1972 ἐκεῖνος,

62 2012 122 2074 ἀλλὰ
139 2015 397 2076 καταδυναστεύουσι
412 2013 459 2075 καὶ
474 2019 599 2095 κρατοῦσι
613 2019 690 2075 τοῦτο
705 2012 752 2074 καὶ
767 2013 888 2074 ἀδικοῦσι
904 2015 999 2089 αύτήν·
1023 2013 1069 2073 καί
1086 2015 1238 2091 ἑδεήδησαν
1252 2017 1333 2096 χάριν

60 2137 135 2197 τούτου
154 2144 187 2220 τῇ
210 2137 338 2218 βασιλείᾳ
360 2157 421 2216 μου,
451 2137 513 2196 ὅθεν
536 2135 681 2214 διορίζεταί
703 2157 743 2196 σοι
766 2138 784 2212 ή
808 2135 935 2210 βασιλεία
957 2157 1018 2216 μου,
1042 2137 1079 2208 ὡς
1102 2139 1136 2195 ἂν
1157 2138 1278 2218 τηρήσῃς
1301 2136 1334 2196 τδι

62 2258 109 2337 περὶ
132 2260 230 2332 τούτου,
261 2258 308 2318 καί
335 2258 411 2339 εἴπερ
439 2259 561 2338 εὑρήσεις
588 2259 672 2331 ούτως
696 2258 812 2336 ἔχουσαν
835 2258 883 2332 τὴν
906 2257 1048 2338 ἀλήθειαν,
1078 2258 1172 2330 καθίυς
1194 2258 1333 2339 ἀνέφερον,

62 2378 232 2464 σίκονσμήοῃς,
263 2381 307 2458 ἵνα
334 2381 372 2456 μὴ
400 2381 545 2440 ἀδικῶνται
572 2380 598 2440 οί
619 2384 732 2440 τοιοῦτοι
755 2379 883 2461 μοναχοί,
913 2375 980 2440 ἀλλ’
993 2379 1136 2460 ἑταίροισιν
1160 2378 1333 2440 ἀκαταδυνα-

63 2503 158 2574 ττείτως
182 2503 230 2578 τὴν
259 2501 435 2582 διαφέρουσαν
463 2499 568 2588 εἴσοδον
594 2505 641 2564 τοῦ
667 2501 786 2562 τοιούτου
814 2502 941 2576 μύλωνος
966 2501 1038 2562 κατὰ
1064 2503 1095 2562 τδ
1122 2503 1223 2582 προσόν
1246 2503 1336 2574 αὺτοῖς

18 2639 19 2644 ’
63 2620 158 2704 δίκαιον,
181 2621 418 2704 ἐτιρωνησοίμενος
440 2623 487 2684 καὶ
509 2625 566 2696 τοίς
588 2623 690 2704 ῥηθεῖσι
709 2621 784 2684 παισὶ
798 2627 844 2684 τοῦ
859 2625 972 2702 Ζυμαρᾶ
988 2609 1092 2684 ’ἐκείνου
1109 2623 1222 2702 ἀπέχειν
1237 2623 1335 2684 τέλεον

62 2743 104 2803 ίπδ
122 2751 164 2806 τού
185 2749 304 2806 τοιούτου
320 2745 454 2820 μύλωνος.
485 2744 532 2806 καὶ
558 2744 671 2820 ποίησον
694 2747 765 2806 κατὰ
787 2746 833 2805 τόν
855 2747 975 2826 παρόντα
997 2746 1108 2826 ὁρισμόν
1124 2751 1172 2821 τῆς
1189 2745 1334 2822 βασιλείας

18 2879 19 2930 ι
63 2885 113 2945 μου,
133 2869 160 2926 όν
181 2865 227 2927 καί
249 2864 422 2948 ἀντίστρεψον
444 2867 512 2947 πρός
534 2867 629 2940 αύτούς
652 2866 686 2926 δι’
700 2867 849 2946 ἀσροίλειαν
872 2871 898 2944 †.

149 2985 266 3070 ήΕίχε
296 2988 352 3050 καὶ
382 2989 572 3071 ὑπογραφὴν
603 2987 799 3071 δι’ἑρυθρῶν
828 2991 1033 3071 γραμμοίτων
1063 2994 1121 3065 τῆς
1152 2988 1334 3066 βασιλικῆς

65 3107 108 3168 ιαί
127 3111 214 3184 θείας
243 3112 359 3192 χειρός
380 3113 424 3174 τό.
467 3113 635 3190 Στέφανος
662 3113 696 3171 ἐν
717 3110 846 3191 Χριστῷ
873 3109 916 3190 τῷ
942 3109 1007 3189 θεῷ
1035 3112 1149 3182 πιστός
1177 3110 1336 3186 βασιλεὺς

65 3230 108 3290 καί
128 3231 335 3314 αύτοκροὶτωρ
358 3231 501 3311 Σερβίας
523 3230 578 3292 καὶ
602 3231 798 3312 Ῥωμανίας,
821 3229 899 3308 μηνὶ
922 3231 1047 3312 μαρτίῳ
1070 3229 1127 3291 ίνδ.
1151 3231 1176 3308 β’
1199 3237 1224 3310 †.

150 3362 293 3417 Ιοαπαίάεε
307 3361 359 3416 Nr.
377 3363 427 3416 22.
459 3360 540 3416 Solus
555 3346 643 3416 αππιαν
658 3362 775 3416 decimus
791 3367 905 3432 ρυατίυο
919 3361 998 3432 περιτο·
1013 3359 1146 3431 δακρύοντ’
1160 3361 1267 3431 Man,
1291 3361 1341 3432 qui

63 3467 93 3515 αι
107 3465 192 3536 1349,
208 3466 287 3522 habet
303 3465 473 3520 indictionem
489 3466 531 3520 ΙΙ.

226 3717 392 3784 ΧΧΧΠΙ.
416 3713 665 3806 [6860-1352],
689 3739 800 3782 mense
823 3715 998 3802 februario,
1022 3717 1088 3783 ind.
1112 3717 1152 3782 V.

65 3875 113 3932 Ra
128 3879 276 3954 Stephanus
293 3883 392 3938 Βαίου
411 3882 552 3954 confimat
570 3883 733 3937 monasterio
749 3881 866 3938 Sanctae
882 3883 1046 3938 Αυυούαιίαυ
1061 3884 1256 3954 ρουεευυίοιιυαι
1274 3883 1337 3952 υἱοί,

587 3987 656 4043 dicti
673 3986 793 4042 Οοίτίαα.

342 4172 480 4254 Ἕτερον
502 4173 703 4253 πρόσταγμα
723 4175 779 4232 τοῦ
802 4173 899 4232 αίιτοίι
920 4172 1040 4252 κράλη.

153 4327 260 4404 ήἜπεὶ
280 4330 299 4404 ή
314 4328 452 4405 σεβασμία
467 4329 537 4405 μονὴ
553 4334 603 4406 τῆς
618 4328 700 4407 ἁγίας
716 4328 962 4410 μεγαλυμοίρτυρος
974 4326 1021 4390 καὶ
1036 4325 1146 4401 ἐνδόξου
1162 4329 1341 4402 Ἀνασιασίας

67 4443 180 4523 λέκτηται
198 4451 318 4511 παλαιόν
339 4450 440 4532 χωρίον
462 4449 524 4534 περὶ
546 4453 595 4526 τὴν
618 4450 706 4529 Ζίχνα
727 4452 758 4512 τό
779 4449 799 4508 λ
815 4450 934 4528 γόμενον
950 4449 1092 4531 Ὀστρινὴν
1116 4449 1161 4510 διαί
1182 4471 1212 4512 τε
1234 4451 1340 4514 παλαι·

68 4595 252 4614 ξ“···----ι---.

158 4709 175 4774 ¹)
193 4709 235 4761 Sic
252 4709 431 4776 supplendum
451 4711 557 4761 videtur
575 4725 608 4760 ex
628 4709 690 4774 illis,
709 4723 779 4776 quae
797 4716 953 4774 sequuntur.
