3166 5298
264 347 326 413 124

261 539 398 617 οἰκήματα
421 542 612 622 ἐμφυτευτικοί·
637 544 728 621 ἕτερον
749 542 850 622 τὸπιον,
874 540 902 600 έν
925 535 948 620 ᾧ
971 539 1134 618 εὑρίσκονται
1156 536 1204 598 καὶ
1226 537 1362 613 οἰκήματα
1378 536 1542 618 έταιριάρχου

260 667 307 723 τοῦ
329 663 453 723 Καλίδου
479 661 526 724 καὶ
552 669 601 739 τῆς
623 663 746 744 ἀδελφῆς
769 665 848 724 αὐτοῦ
869 669 918 739 τῆς
941 661 1100 742 Φωκαίνης,
1131 661 1196 741 ὑπὲρ
1219 653 1256 718 ὧν
1278 661 1386 720 τελοῦσι
1407 657 1457 720 καὶ
1479 653 1543 718 οὗτοι

260 785 329 865 προς
357 786 387 844 τθ
417 787 500 865 μέρος
522 791 572 861 τῆς
599 774 726 865 ῥηθείσης
746 785 897 862 σεβασμίας
920 790 1005 864 μονῆς
1026 786 1056 844 το
1080 783 1185 859 ἐτήσιον
1209 781 1378 861 ἐμηῦτευρα·
1403 781 1481 853 ἐντος
1502 785 1543 840 τοῦ

236 895 238 900 ’
261 904 403 986 εἰρημένου
429 910 544 986 κάσιρου
571 905 761 986 ὑδρομθλωνες
788 905 953 988 ὁλοκαιρινοί
968 907 1014 988 ζ’,
1049 907 1090 986 ἐφ’
1104 899 1143 978 οἷς
1169 904 1216 965 καὶ
1244 905 1385 985 ἑπορίσατο
1411 905 1442 964 'cb
1466 905 1543 983 μέρος

260 1033 309 1104 τῆς
325 1028 407 1104 αὑτῆς
422 1027 573 1102 σεθασμίας
589 1035 658 1104 μσνῆ
676 1027 736 1099 ςκαί
752 1030 824 1088 θεῖον
838 1027 885 1088 καὶ
900 1029 997 1088 σεπτὸν
1012 1026 1229 1107 χρυσθβουλλον·
1249 1029 1342 1106 ἕτερος
1349 1024 1373 1109 ¹)
1389 1026 1543 1106 θδρομθλων

261 1146 293 1221 ἐξ
314 1149 462 1230 ἀγορασίας
485 1150 537 1210 ἀπο
559 1154 605 1210 τοῦ
620 1150 772 1211 Σιναθινοῦ·
796 1151 900 1226 ὰμπέλι
924 1149 952 1208 ἐν
973 1149 1165 1231 τῇτοποθεσίᾳ
1179 1151 1226 1210 τοῦ
1240 1147 1318 1226 ἁγίου
1333 1148 1481 1208 Βασιλείαν
1498 1145 1543 1206 ἀπο

260 1268 445 1351 προαενέξεως
461 1267 527 1356 [τοῦ]
544 1271 698 1332 Φιλίππου·
723 1275 814 1352 ἕτερον
830 1271 869 1344 είς
884 1273 929 1332 τὸν
950 1270 1090 1332 Ἔλαιιῦνα
1106 1271 1158 1331 ἀπὸ
1175 1269 1361 1350 προσενέξεως
1376 1273 1422 1330 τοῦ
1434 1269 1543 1343 Τζίντζη

260 1391 306 1450 καὶ
321 1386 376 1476 [τὰ]
392 1395 438 1452 τοῦ
453 1393 612 1470 Βογολθγου
638 1396 776 1474 χωράφια·
812 1392 958 1470 ἐξοίμπελα
973 1394 1002 1452 ἐν
1017 1400 1051 1475 τῇ
1066 1393 1211 1474 τοποθεσίᾳ
1224 1397 1277 1452 τῶν
1293 1391 1416 1452 Δανείων
1432 1390 1463 1464 ἐξ
1479 1391 1543 1468 ἀγο-

260 1513 353 1593 ρασίας
368 1513 414 1572 καὶ
431 1514 482 1573 σίτθ
497 1513 682 1594 προσενέξεως
698 1515 817 1593 Μιχαὴλ
832 1519 877 1574 τοῦ
895 1515 1040 1596 Πελαργοῦ
1056 1514 1156 1590 μοδίων
1171 1513 1209 1572 υ’Ι
1235 1517 1326 1593 ἕτερον
1341 1515 1481 1594 χωρσίριον
1497 1511 1542 1570 ἀπα

258 1631 444 1716 προσενέξεως
465 1640 511 1696 τοῦ
526 1635 679 1716 ’λραβαντᾶ
698 1635 738 1709 εἰς
756 1640 786 1698 το
803 1637 962 1715 Ἀγελίτζην
983 1632 1083 1713 μοθίων
1101 1635 1146 1709 ις’·
1170 1643 1207 1715 γῆ
1228 1637 1281 1696 ἀπὸ
1300 1625 1490 1716 προοενέξεως
1503 1631 1544 1692 καὶ

259 1751 314 1842 [ἐξ]
331 1755 479 1837 ἀγορασίαις
502 1755 540 1828 εἰς
559 1759 604 1817 τθν
618 1761 699 1818 τέπον
714 1765 763 1835 τῆς
779 1759 931 1838 Μελιροίας
944 1758 1061 1835 πλησίον
1075 1765 1126 1834 τῆς
1140 1765 1194 1836 γῆς
1208 1763 1262 1818 τῶν
1277 1757 1479 1832 Κουβουκλέων
1496 1777 1543 1830 μο-

261 1877 323 1938 δίων
340 1875 397 1951 σξ”
421 1880 501 1960 ἑτέρα
522 1886 559 1958 γῆ
583 1879 622 1954 εἰς
643 1883 692 1956 την
707 1883 810 1942 Κθσιαν
831 1880 947 1958 πλησίον
970 1887 1019 1956 τῆς
1040 1887 1094 1958 γῆς
1109 1884 1156 1940 τοῦ
1173 1881 1319 1960 Πελαργοῦ
1334 1877 1443 1938 καὶτοῦ
1458 1879 1542 1952 δημο-

172 1997 173 2000 ’
260 2004 353 2060 σιακοῦ
372 2001 482 2081 συνθρου
504 2002 548 2062 σὺν
570 2007 603 2085 τῇ
626 2003 679 2063 ἀπο
701 2006 746 2062 τοῦ
761 2001 849 2082 Ξιρέα
864 2003 965 2080 μοθίων
980 2003 1034 2083 ρν’·
1060 2003 1139 2083 ἑτέρα
1153 2008 1189 2081 γῆ
1207 1999 1418 2081 διαπεριθριστος
1432 1999 1543 2075 πλησίον

259 2128 309 2198 τῆς
330 2127 384 2201 γῆς
405 2127 457 2182 τῶν
474 2123 683 2198 Κουβουκλείων
705 2125 751 2185 καὶ
773 2132 822 2201 τῆς
844 2132 897 2204 γῆς
919 2129 964 2185 τοῦ
980 2125 1127 2204 Πελαργοῦ
1149 2123 1249 2199 μοδίων
1266 2122 1330 2205 ,αυ’·
1355 2124 1436 2203 ἑτέρα
1455 2129 1493 2202 γη
1510 2119 1543 2192 είς

260 2245 290 2303 το
313 2242 460 2317 Λειβάδιον
483 2245 584 2320 μοθίων
607 2245 631 2305 σ’
656 2246 720 2306 ἄνευ
742 2253 791 2324 τῆς
814 2247 904 2306 ἐκεῖσε
926 2253 980 2326 γῆς
1001 2250 1047 2306 τοῦ
1070 2247 1191 2326 Δραγόη,
1222 2246 1250 2304 έν
1272 2241 1291 2326 ᾖ
1314 2245 1481 2324 εὑρίσκονται
1503 2241 1543 2303 καὶ

261 2366 411 2441 μυλοτθπια
434 2366 489 2447 δίο,
514 2365 554 2446 ἐρ’
563 2360 604 2440 οἷς
627 2368 768 2450 έπορίσατο
790 2369 861 2428 κατὰ
883 2370 966 2447 μέρος
981 2369 1011 2428 τ“ο
1028 2370 1111 2447 μέρος
1126 2373 1174 2443 τῆς
1189 2367 1312 2443 τοιαύτης
1327 2365 1479 2440 σεβασμίας
1494 2385 1543 2440 μο-

260 2493 309 2564 νῆς
332 2488 404 2548 θεῖον
425 2488 472 2548 καὶ
495 2491 591 2549 σεπτθν
613 2490 835 2570 χρυσίβουλλον·
860 2492 987 2568 μετόχιον
1010 2493 1161 2566 τιμώμενον
1182 2487 1221 2562 εἰς
1237 2489 1322 2564 θνομα
1336 2491 1383 2549 τοῦ
1397 2487 1489 2567 κυρίου
1502 2484 1544 2546 καὶ

261 2611 323 2669 θεοῦ
345 2607 392 2670 καὶ
414 2617 534 2692 σωτῆρος
555 2612 634 2688 ἡμῶν
650 2611 740 2687 Ἰησοῦ
755 2613 870 2693 Χριστοῦ
894 2612 1111 2688 ἐπικεκλημένοι
1133 2615 1179 2672 τοῦ
1195 2611 1385 2692 Γαστελέγκου
1408 2611 1479 2687 μετὰ
1499 2615 1543 2683 τῆς

259 2738 392 2812 περιοχῆς
421 2731 467 2792 καὶ
497 2739 583 2809 νομῆς
610 2736 688 2793 οιύτοῦ
714 2733 760 2792 καί
787 2740 839 2793 τῶν
868 2736 912 2793 σὺν
937 2733 1006 2813 αυτῷ
1029 2735 1269 2812 προσκαθημένων,
1306 2727 1382 2812 ἐρ’ίρ
1406 2733 1543 2812 έπορίσατο

259 2851 307 2914 καὶ
328 2853 358 2912 τ“ο
381 2855 465 2934 μέρος
486 2860 535 2929 ιῆς
557 2855 680 2932 τοιαῦιης
702 2856 852 2931 σεβασμίας
875 2862 962 2932 μονῆς
983 2855 1029 2915 καί
1052 2857 1124 2915 θεῖον
1147 2855 1193 2915 καὶ
1216 2856 1311 2915 σεπτὸν
1326 2853 1541 2935 χρυσέβουλλον·

258 2973 319 3056 περὶ
345 2977 376 3036 τ“ο
406 2976 469 3036 αὐτὸ
496 2977 623 3055 μετόχιον
656 2984 717 3055 γῆν,
752 2980 845 3052 ἥντινα
873 2975 1013 3062 ἐκροίτειί)
1040 2979 1169 3058 πρότερον
1197 2978 1212 3035 θ
1239 2978 1329 3056 μέγας
1355 2977 1506 3053 λογοθέτης
1530 2976 1542 3032 έ

259 3098 415 3176 Μετοχίτης
443 3098 546 3170 ἐκεῖνος
573 3097 620 3160 καὶ
647 3099 729 3176 ἐδόθη
756 3101 824 3180 προς
850 3102 881 3159 το
908 3101 991 3178 μέρος
1012 3104 1062 3175 τῆς
1083 3101 1207 3174 τοιοῦτης
1231 3105 1316 3174 μονῆς
1339 3097 1385 3157 διὰ
1406 3099 1478 3158 θείου
1500 3095 1541 3156 καὶ

259 3223 355 3280 σετιτοῦ
384 3220 602 3301 χρυσοβοῦλλου·
634 3223 663 3282 ἐν
685 3228 718 3304 τῇ
740 3223 883 3305 τοποθεσίηι
911 3229 961 3298 τῆς
983 3219 1206 3302 Στραοτριβίτζας
1232 3219 1347 3296 πλησίον
1369 3224 1415 3280 τοῦ
1438 3223 1540 3301 αυνόραυ

258 3345 305 3402 τοῦ
333 3341 470 3424 χωραφίου
499 3345 545 3403 τοῦ
567 3343 806 3425 Κραβαομοθντου,
840 3351 889 3421 τῆς
919 3344 982 3404 ὁδοῦ
1011 3351 1060 3420 τῆς
1084 3341 1268 3424 έξερχομένης
1290 3343 1343 3404 ἀπὸ
1364 3347 1410 3404 τοῦ
1430 3347 1540 3423 καίοτρου

259 3465 367 3543 Σερρῶν
396 3466 443 3524 καί
470 3465 626 3542 ἀπαγοίισης
653 3463 693 3537 είς
715 3467 760 3526 τον
781 3470 915 3527 κάπεστον
938 3473 986 3542 τῆς
1008 3473 1061 3545 γῆς
1083 3471 1128 3526 τοῦ
1150 3468 1283 3546 Λαίοκαρη
1307 3463 1354 3526 καὶ
1377 3471 1423 3526 τοῦ
1447 3467 1539 3546 ῥύακος

259 3583 361 3660 μοδίων
382 3586 606 3666 τετρακισχιλίων
627 3589 822 3668 τετρακοσίων·
846 3589 926 3668 ἑτέρα
948 3593 984 3668 γῆ
1009 3587 1047 3658 είς
1069 3589 1118 3663 τἠν
1133 3588 1231 3666 Ἰθέαν,
1254 3590 1346 3663 ἥντινα
1363 3583 1439 3666 εἶχεν
1454 3589 1468 3647 ὁ
1486 3635 1492 3648 .
1509 3632 1536 3646 ..

260 3707 383 3783 οίμπελον
407 3707 508 3783 μοδίων
523 3705 548 3768 κ’
570 3712 588 3784 η
611 3707 838 3793 χεροοίμπελονί)
863 3709 963 3786 μοθίων
980 3709 1017 3782 ς’·
1043 3708 1198 3786 ἐξαίμπελον
1215 3709 1316 3784 μοδίων
1333 3707 1381 3768 ιδ’·
1405 3707 1538 3789 προβολὴν

259 3829 445 3906 μακελλικήν·
468 3832 605 3910 χωραφιον
628 3833 730 3907 μοθίων
754 3827 779 3892 ι’·
803 3835 893 3914 ἕτερον
916 3831 1017 3909 μοδίων
1040 3831 1077 3912 γ’·
1100 3827 1340 3916 [προσκαθήμενοι]
1364 3828 1537 3910 Μαρθαῑοςέ

257 3951 381 4029 χαλκεὺς
411 3953 425 4010 θ
455 3953 659 4031 Πεπλεγμένος-
683 3955 742 4029 ἤτοι
772 3955 994 4034 θ’λνατολικός,
1026 3955 1084 4032 ἔχει
1118 3955 1216 4012 Ἄνναν
1245 3951 1465 4032 γυναικαθέλρην
1494 3951 1536 4026 τὴν

258 4073 409 4152 Ποταμίαν,
433 4075 606 4154 αίγγαμβρον
630 4075 672 4136 ἐπ’
687 4077 752 4158 αὐτῇ
772 4123 778 4134 .
797 4125 802 4136 .
821 4123 826 4135 .
850 4077 920 4156 μῦρη
944 4077 1094 4136 ἑνοικιακθν
1108 4075 1190 4146 τέλος
1205 4075 1357 4150 νομίσματα
1374 4073 1408 4134 ιδ’
1425 4075 1536 4150 μιλλια-

258 4198 337 4276 ρησια
439 4198 453 4255 ὁ
479 4196 535 4269 υίος
557 4198 697 4278 Τισουροῖς
720 4199 780 4276 ἔχει
802 4199 907 4278 μητέρα
931 4197 1088 4276 Θεοδώραν,
1116 4195 1236 4256 οἰκιακθν
1259 4197 1341 4269 τέλος
1364 4243 1421 4257 ...
1448 4195 1487 4268 εἰς
1511 4197 1536 4252 τέ

256 4316 357 4396 χωρίον
386 4321 431 4377 τον
455 4319 581 4378 Ποίνακον
611 4320 664 4380 ἀπὸ
690 4325 743 4379 τῶν
766 4321 909 4398 Κυνηγῶν,
936 4323 1011 4398 χήρα
1037 4322 1054 4396 ἡ
1081 4324 1127 4378 τοῦ
1151 4321 1290 4400 Μερζσίνη,
1319 4319 1378 4396 ἔχει
1401 4318 1472 4389 υἱοὺς
1495 4311 1536 4378 καὶ

257 4441 408 4521 θυγατέρας
429 4440 474 4501 καὶ
497 4441 618 4523 Τερίλαν
646 4444 779 4522 θυγατέρα
801 4441 981 4522 Ζομπρίτζαν,
1012 4443 1137 4522 γαμβρὸν
1160 4442 1202 4501 ἐπ’
1217 4443 1281 4523 αὐτῇ
1306 4440 1430 4520 Βλάχον,
1461 4441 1535 4508 τέλος

363 4704 381 4768 ¹)
399 4701 486 4770 ἑτέρων
504 4705 525 4754 1.
596 4704 616 4768 ²)
633 4701 718 4770 ἐκρσίιη
737 4703 757 4754 1.
827 4703 848 4762 ³)
866 4699 1038 4770 χρυσοίμπελσν
1057 4705 1077 4754 Ι.
