3166 5298
258 342 320 408 120

254 535 293 606 εἰς
323 538 353 596 τό
383 535 508 610 δηλωθὲν
535 535 654 615 οἰγρίδιον
676 535 810 608 ποσότητα
832 541 885 593 τῶν
907 531 935 590 λ’
960 533 1125 612 θπεριπίρων,
1148 529 1195 591 καί
1217 527 1396 606 οἰκονόμησον
1420 530 1567 614 κατέχειί

254 656 300 718 καί
324 656 462 728 δεσπόζειν
486 659 566 733 αθτὴν
590 655 624 731 δὴ
647 657 695 730 τὴν
717 658 855 732 ποσότητα
878 654 922 714 διὰ
937 655 985 730 τίην
1000 653 1145 735 περίληψιν
1160 651 1207 714 καὶ
1221 651 1296 732 ίσχίιν
1310 654 1357 711 τοῦ
1373 651 1567 731 ἐπιχορηγηε

178 756 179 759 ¹
256 779 348 850 θέντος
372 781 448 861 αίιτῄ,
472 779 509 849 ὡς
533 776 697 858 δεδήλωται,
720 777 926 856 χρυσοβοόλλου
947 781 997 852 τῆς
1013 774 1155 850 βασιλείας
1175 795 1236 856 μου,
1258 775 1325 856 πρός
1340 773 1371 833 δὲ
1387 774 1436 832 τδν
1455 772 1568 866 em

254 902 335 961 θέντα
357 901 452 960 οεπτόν
476 899 601 977 Μαρτῖνα
623 899 803 979 παραδώσεις,
835 898 927 971 καθὼς
950 896 1063 978 εἴρηται,
1095 897 1147 958 ἀπό
1168 903 1218 974 τῆς
1241 895 1367 976 ῥηθείοης
1390 869 1568 978 οἰκονομίιβ

254 1025 300 1084 τοῦ
324 1021 460 1097 Ῥωμαίου
483 1021 588 1080 ἐκείνου
610 1027 659 1096 τῆς
681 1026 734 1080 τῶν
758 1021 892 1101 ῥηθέντων
914 1015 942 1080 λ’
966 1019 1121 1100 όπερπόρων
1143 1011 1301 1098 ποσότητος,
1332 1018 1394 1078 όθεν
1416 1016 1470 1076 καί
1498 999 1568 1086 ἐπεί

256 1143 299 1204 διὰ
321 1145 369 1218 τὴν
391 1145 471 1219 τιμὴν
493 1141 540 1202 καί
561 1145 591 1202 τό
614 1143 783 1202 ἀκατοίλυτον
806 1145 852 1201 τοῦ
867 1142 1018 1222 προβαίντος
1040 1141 1245 1222 χρυσοβοθλλου
1267 1145 1316 1216 τῆς
1336 1139 1486 1209 βασιλείας
1505 1147 1568 1211 μετ’

255 1267 419 1348 τητοιοιίντη
442 1271 512 1346 μονῇ
536 1263 612 1324 σὐδέν
637 1265 696 1342 ἔχει
719 1263 839 1338 δυνατόν,
862 1264 905 1324 ἵνα
928 1263 1015 1338 μηδὲν
1037 1263 1090 1344 ἔχῃ
1113 1263 1161 1338 τὴν
1184 1260 1328 1342 εἰρημένην
1350 1263 1495 1335 ποσότητα
1519 1259 1568 1332 εἰς

255 1389 285 1448 τδ
309 1385 435 1462 δηλωθὲν
459 1385 589 1467 ἀγρίδιον,
613 1383 636 1445 εἰ
660 1386 698 1461 μὴ
722 1385 798 1444 θέλει
820 1384 866 1444 καί
888 1387 1055 1464 προαιρεῖται
1078 1387 1092 1443 ό
1115 1387 1232 1456 τοιοῦτος
1254 1384 1401 1463 Μαρτῖνος,
1424 1383 1472 1442 ἵνα
1497 1381 1569 1468 ἀντὶ,

255 1509 347 1570 τοίιτου
379 1505 489 1584 δέξηται
518 1508 567 1581 τἠν
591 1507 717 1588 ῥηθεῖσαν
747 1509 885 1582 ποσότητα
917 1507 969 1566 ἀπό
998 1512 1047 1582 τῆς
1069 1503 1225 1582 οἰκονομίας
1246 1509 1292 1566 τοῦ
1314 1503 1465 1583 Ῥωμαίου,
1498 1487 1569 1579 ἧδηί

255 1630 361 1710 καλῶς,
385 1627 408 1688 εἰ
432 1627 457 1688 δ’
470 1625 526 1707 οὖν,
549 1629 581 1688 οἰι
604 1627 654 1704 μὲν
677 1627 798 1708 όρειλεις
820 1627 966 1688 ἀποδοῦναι
989 1630 1056 1708 πρός
1077 1627 1125 1702 τὴν
1149 1626 1318 1704 δηλωθεῖοαν
1341 1608 1428 1700 μονὴν
1444 1627 1496 1700 τὴν
1517 1625 1561 1698 εἰς

255 1753 286 1812 τό
309 1749 434 1828 δηλωθὲν
457 1745 577 1831 οἰγρίδιον
599 1753 735 1826 ποσότητα
757 1756 809 1809 τῶν
832 1749 860 1810 λ’
877 1750 1042 1831 ὑπερπόρων,
1066 1751 1103 1821 ὡς
1127 1748 1270 1829 διορίζεται
1292 1746 1472 1825 ἠβαστιλεία
1489 1771 1558 1822 μου.

256 1875 337 1945 αἰιτδς
360 1872 390 1933 δὲ
413 1873 427 1932 ό
450 1871 586 1948 δηλωθείς
609 1874 705 1944 οεπτδς
721 1873 868 1952 Μαρτῖνος,
892 1871 939 1932 ἐὰν
962 1872 1031 1932 οίιτω
1054 1870 1100 1930 δέν
1123 1871 1193 1952 θέλῃ
1217 1867 1398 1942 ἀναδέξασθαι
1420 1871 1472 1944 τὴν
1491 1890 1558 1930 τοι-

257 1997 337 2071 ουίτην
359 1995 504 2072 ποσότητα,
529 1994 630 2070 μέλλει
653 1995 802 2074 παρεῖσθαι
822 1995 933 2070 ταύτην·
958 1997 1034 2054 τοῖιτο
1058 1993 1089 2054 δέ
1110 1995 1141 2053 τό
1161 1993 1271 2069 θέλημα
1293 1991 1338 2052 καὶ
1354 1987 1421 2077 [τόν]
1439 1993 1570 2078 όρισμόν1

255 2123 304 2194 τῆς
332 2115 473 2192 βασιλείας
502 2137 552 2192 μου
579 2115 626 2176 καί
649 2107 847 2196 ἀποπλήρωσον
871 2115 1065 2194 ἀνυπερθέτως,
1096 2118 1159 2176 όσον
1182 2113 1325 2194 διορίζεταί
1345 2133 1386 2174 σοι
1408 2114 1440 2174 τδ
1464 2116 1556 2194 πρόσ-

255 2259 358 2317 ταγμα,
389 2240 404 2297 δ
430 2235 477 2298 καὶ
505 2237 675 2318 ἀντίστρεψον
703 2237 747 2297 ἐπὶ
773 2237 812 2316 τῷ
837 2241 975 2318 προσεῖναι
1001 2245 1034 2321 τῇ
1058 2237 1213 2319 δηλωθείση
1242 2243 1311 2318 μονῇ
1339 2235 1383 2296 διὰ
1409 2237 1461 2312 τὴν
1489 2237 1557 2318 περί

257 2361 349 2420 τοίιτου
372 2358 570 2437 ἀνενοχλησίαν
594 2361 676 2436 αὐτης
697 2358 745 2419 καί
767 2359 917 2439 ἀσηοίλειαν
939 2365 964 2436 η.

361 2476 472 2559 γΕἰχε
487 2481 542 2541 καὶ
559 2479 752 2563 δι’ἑρυθρῶν
767 2485 972 2562 γραμμάτων
987 2489 1045 2559 τῆς
1061 2483 1238 2560 βασιλικῆς
1253 2482 1307 2542 καί
1323 2481 1416 2554 θείας
1431 2485 1555 2560 χειρός

258 2605 305 2664 τό·
330 2605 495 2682 Στέφανος
519 2602 687 2684 βασιλεὺς,
712 2606 923 2685 αὐτοκράτωρ
939 2603 1080 2684 Σερβίας
1103 2603 1157 2664 καὶ
1175 2603 1369 2682 Ῥωμανίας,
1393 2601 1470 2678 μηνὶ
1491 2603 1551 2662 δε-

258 2725 407 2802 κεμβρίω
430 2723 454 2784 θ’
478 2728 503 2800 η.

363 2854 506 2907 Ιοαιιιιίιίσο
522 2854 572 2906 Nr.
594 2855 618 2906 7.

559 3157 670 3223 XXII.
696 3158 771 3223 Sine
794 3182 888 3242 anno,
913 3158 941 3224 8.
966 3162 1084 3224 mensis
1107 3163 1244 3244 augusti.

263 3341 320 3396 Rex
336 3339 488 3414 Stephanus
506 3341 603 3396 Οιιιίαιι
624 3343 701 3396 tertio
720 3343 814 3396 scribit
833 3343 865 3396 dc
884 3343 1050 3396 τεσίίιυίίοπι
1069 3360 1131 3414 ayn
1128 3343 1214 3396 'dicti
1228 3343 1385 3456 Μοτιορρίία
1400 3343 1437 3396 ad
1455 3359 1543 3396 mona-

844 3447 963 3500 sterium.

574 3648 774 3728 Ιίρόοταγμα
798 3649 846 3721 εἰς
868 3651 924 3724 τὴν
948 3651 1046 3724 αἰντίην
1069 3651 1230 3710 ὑπόθεσιν.

362 3826 377 3898 ἠ
400 3821 574 3910 Συμπένθερε
600 3829 650 3898 της
673 3821 818 3898 βασιλείας
845 3843 905 3902 μου,
936 3825 1157 3903 πρωτοοπαθοίριε
1186 3828 1234 3904 κῦρ
1260 3823 1412 3902 Ἀνδρόνικε
1433 3825 1538 3883 Καντα-

258 3945 381 4019 κουζηνέ.
420 3944 435 4001 ό
458 3943 665 4022 θεοφιλέστατος
689 3938 834 4016 ἐπίσκοπος
849 3946 954 4023 Ζιχνῶν
978 3945 1105 4026 ἀνέρερεν
1129 3943 1166 4016 εἰς
1188 3947 1235 4020 τὴν
1259 3945 1400 4021 βασιλείαν
1423 3966 1479 4020 μου,
1502 3947 1537 4017 ὡς

257 4067 275 4139 ἡ
299 4064 501 4125 ἀποκαθιστᾶσα
528 4064 664 4140 σεβασμία
692 4067 760 4140 μονίη
787 4067 805 4141 ἡ
833 4065 873 4138 εἰς
896 4067 981 4142 όνομα
1003 4069 1143 4143 τιμωμένη
1165 4071 1211 4126 τοῦ
1233 4068 1320 4142 τιμίου
1345 4065 1451 4140 ἐνδόξου
1471 4089 1535 4146 προ-

258 4188 340 4265 φήτου
365 4187 524 4266 Προδρόμου
546 4185 592 4247 καί
613 4189 761 4247 Βαπτιστοϋ
777 4189 903 4247 Ἰωοίννου
924 4187 971 4248 καί
995 4189 1199 4264 έπικεκλημένη
1221 4193 1267 4248 τοῦ
1284 4189 1441 4260 Μενοικέως
1463 4190 1534 4268 εῖερ-

257 4309 360 4386 γετηθη
384 4308 428 4368 διὰ
449 4307 655 4389 χρυσοβοίλλου
677 4313 723 4370 τοῦ
746 4309 823 4389 ἁγίου
846 4331 897 4385 μου
921 4311 1045 4370 αῖιθέντου
1067 4309 1114 4371 καί
1136 4310 1284 4390 βασιλέως,
1307 4314 1353 4370 τοῖν
1374 4314 1476 4372 πάππου
1491 4317 1534 4386 της

259 4427 404 4504 βασιλείας
426 4450 508 4504 μου.
535 4426 738 4516 ..[το]περί
731 4433 848 4506 ιαῖκτην
875 4432 923 4506 τὴν
947 4431 1116 4508 δηλωθεῖοαν
1141 4431 1174 4508 δὴ
1199 4433 1284 4510 μονὴν
1308 4431 1427 4514 ἀγρίδιον
1448 4435 1532 4494 Μονό-

259 4571 358 4627 οιτητον
386 4551 587 4628 ὀνομαζόμενον
615 4552 685 4612 κατὰ
711 4555 760 4628 τὴν
787 4555 923 4630 ποσότητα
953 4551 1219 4636 θπερπόρωνλζό
1246 4553 1279 4630 δὴ
1310 4556 1525 4632 ἀπεσπάσθη
1487 4577 1532 4636 προ

257 4675 363 4754 χρόνων
392 4674 466 4754 παρὰ
492 4679 537 4734 τοῦ
565 4674 726 4749 δομεστίκου
750 4671 885 4754 Γεωργίου
912 4679 957 4736 τοῦ
980 4677 1136 4757 Στρατηγοῦ
1164 4677 1217 4736 &rso
1244 4683 1294 4753 τῆς
1322 4676 1469 4754 οἰκονομίας
1493 4683 1532 4737 τοί
