3246 5288
1325 349 1387 414 447

97 557 274 614 ίθπυίακιάιιι·
293 557 391 614 Πυσσε
413 557 551 612 οδεειυαιε
581 547 624 628 όχι
656 551 738 626 μόνον
761 548 916 630 ἐπεκύρωσε
937 551 991 608 τῶν
1013 547 1065 628 πρδ
1088 545 1167 606 αἰτοῦ
1197 544 1334 620 βασιλέων
1356 543 1391 604 τθ

93 674 306 756 χρυσόβουλλα,
336 673 414 734 ἀλλά
442 671 490 734 καί
517 673 673 754 προσθήκην
704 671 806 748 ἔβαλεν
838 667 877 742 εἰς
904 670 994 730 ἐκεῖνο
1015 671 1062 730 τοῦ
1085 669 1256 746 Μσνσμάχου
1278 668 1308 728 τό
1329 665 1391 749 περί

94 803 154 858 τῶν
184 797 282 876 χιλίων
306 791 407 872 μοδίων
428 799 475 856 τοῦ
496 795 568 856 σίτου
590 795 624 853 νά
647 793 773 854 διδωνται
795 793 914 873 καθαρόν
938 793 1032 872 σιτάρι,
1062 788 1110 850 καὶ
1132 792 1164 850 ἀν
1187 792 1391 873 προφασισθοίιν,

96 921 142 979 ὅτι
164 919 211 980 δέν
235 919 307 998 έγινε
329 919 449 998 καθαρόν
472 921 567 997 σιτάρι,
597 917 631 976 νά
652 917 818 996 πληρωνωσι
849 915 885 990 μὲ
908 915 997 994 ἀσπρα
1019 913 1053 972 τά
1083 913 1162 991 χίλιοι
1185 913 1279 974 ἐκεῖνα
1310 913 1393 988 μόδια

96 1040 141 1113 εἰς
170 1042 219 1116 τήν
238 1042 334 1117 Αμονήν
365 1046 404 1116 (ρ.
437 1045 497 1114 τε).
551 1045 728 1115 Imperatoria
758 1044 879 1098 Romam·
907 1042 962 1096 ιν.
993 1042 1123 1114 moyam
1153 1039 1392 1112 (1068—1071)

96 1176 201 1240 αυιεειι,
225 1169 358 1238 defunctis
380 1169 436 1224 ιάιιι
458 1169 555 1224 Ninaia
577 1173 602 1222 ει
623 1167 739 1236 donum,
764 1166 941 1237 ιααροσιθυει
968 1160 1082 1230 κάποισς
1104 1159 1227 1240 μοναχδς
1248 1157 1393 1228 Βασίλειος

97 1283 305 1360 ὀνομαζόμενος
327 1283 474 1362 ἀνεδείχθη
503 1282 625 1355 ζιζανίων
649 1283 772 1362 σπορείις.
818 1278 890 1363 (καί)
921 1281 1049 1361 ἀνέφερεν
1072 1278 1112 1352 είς
1134 1281 1179 1340 τὀν
1203 1279 1330 1355 βασιλέα,
1353 1281 1392 1340 ότι

37 1429 42 1436 ’
96 1407 197 1482 ἡΝέα
213 1406 294 1484 Μσνή
316 1407 429 1486 ἁρμόζει
451 1405 522 1466 κατά
536 1404 659 1475 πολλοὺς
681 1405 795 1486 τρόπους
810 1403 844 1462 νά
858 1403 992 1484 πληρώνη
1015 1402 1126 1477 δόσιμον
1150 1400 1189 1472 εἰς
1210 1403 1240 1462 τό
1264 1401 1393 1477 δημόσιον

98 1527 148 1588 καὶ
164 1529 258 1590 ἔπειτα
273 1527 319 1587 δὲν
338 1527 488 1609 πληρώνει,
512 1525 590 1586 ἀλλά
604 1525 639 1586 τά
661 1525 742 1603 ἔχουν
764 1525 955 1604 ό,ἠγοίιμενσς
976 1521 1023 1584 καί
1045 1523 1069 1584 οἰ
1093 1521 1209 1602 μσναχσί
1233 1521 1272 1595 εἰς
1294 1524 1393 1604 τρυφὴν

98 1647 148 1710 καί
164 1650 310 1710 ἀνάπαυσιν
330 1649 424 1724 έδικήν
446 1669 556 1720 τους..
575 1648 672 1724 ,πλὴν
696 1647 741 1708 δέν
765 1647 880 1724 ἐδυνήθη
903 1647 937 1706 νά
958 1644 1110 1728 καταπείση
1132 1647 1178 1706 τόν
1201 1645 1367 1720 βασιλέα..
1387 1693 1393 1706 .

100 1771 289 1852 ἑπαρακινήθη
311 1773 387 1845 ὅμως
404 1771 419 1830 ό
436 1770 579 1846 Ῥωμανδς
600 1769 635 1828 νά
655 1770 786 1851 έρευνήση
810 1774 901 1848 σαφῶς
918 1816 924 1830 .
943 1816 950 1830 .
968 1815 975 1832 .
993 1769 1054 1828 όθεν
1070 1767 1275 1848 έπροσιιάλεσεν
1291 1765 1331 1840 εἰς
1346 1768 1395 1843 τήν

100 1894 301 1970 βασιλείιουσαν
315 1893 361 1952 τόν
375 1893 593 1971 ἡγουμενείιοντα
610 1891 721 1972 Ἰωσήφ,
740 1889 788 1951 καὶ
803 1891 883 1962 αἰιτδς
898 1891 1022 1968 ἔχωντας
1037 1889 1160 1950 συνοδίαν
1175 1889 1237 1962 τοθς
1254 1889 1395 1970 ἑγκρίτους

100 2021 156 2075 τῶν
183 2019 312 2093 μοναχῶν
334 2017 381 2074 τοῦ
403 2013 582 2094 μοναστηρίου
602 2015 758 2094 παρεστάθη
782 2011 823 2086 είς
845 2014 890 2073 τδν
913 2012 1032 2087 βασιλέα
1053 2011 1101 2074 καὶ
1124 2008 1228 2085 ἔδειξεν
1252 2009 1292 2084 εἰς
1315 2012 1394 2072 αθτδν

100 2138 137 2198 τά
166 2140 301 2219 προνόμια
330 2141 376 2198 τοῦ
406 2134 595 2218 μοναστηρίου,
625 2149 650 2198 εἰ
679 2143 795 2198 obtinuit
824 2160 937 2198 auream
965 2141 1077 2212 θυίίαιιι,
1108 2141 1186 2210 cujus
1210 2141 1396 2213 sraqmmtum

102 2266 225 2320 servavit
247 2265 414 2336 Niccphom
439 2283 472 2336 p.
500 2267 553 2322 79:
583 2303 603 2339 „
628 2305 634 2320 .
660 2305 667 2320 .
693 2307 699 2320 .
723 2258 738 2316 ό
769 2257 800 2318 δὲ
827 2258 876 2334 τήν
904 2257 1001 2337 πικράν
1029 2255 1164 2334 ἑξεμέσας
1189 2256 1395 2338 προσαγγελίαν

103 2383 228 2462 μσναχδς
258 2382 351 2455 σκαιός
377 2403 418 2454 τις
444 2380 491 2441 καί
513 2382 715 2462 παμμόχθηρος
736 2377 784 2440 καί
806 2383 923 2460 πονηροῦ
946 2379 1075 2455 δαίμονος
1098 2381 1219 2461 ἀντικρυς
1243 2380 1394 2461 ἐνέργημα,

103 2503 167 2565 δέον
195 2497 282 2564 τοίνυν
304 2505 353 2579 τὴν
375 2504 476 2564 κθλικα
497 2510 546 2580 τῆς
568 2504 685 2584 πικρίας,
713 2505 747 2579 ἣν
770 2503 921 2584 έκεράσατσ
942 2505 999 2576 τοῖς
1029 2505 1171 2582 μσνοχοῑς,
1203 2501 1275 2582 αἰετῷ
1297 2522 1394 2582 προσε-

102 2627 212 2705 νεγκεῖν
235 2623 275 2696 εἰς
303 2627 434 2707 κάθαρσιν
456 2631 506 2701 τής
529 2627 558 2686 έν
581 2624 653 2706 αθτῷ
676 2625 839 2706 μοχθηρίας.
892 2624 992 2699 ἀλλ’ἢ
1016 2625 1144 2701 βασιλεία
1168 2644 1230 2707 μου,
1261 2622 1394 2704 ἀρκοῦσαν

103 2746 178 2827 αθτῷ
208 2748 338 2828 τιμωρίαν
364 2749 530 2828 -ήγησαμένη
559 2749 608 2822 τὴν
636 2749 696 2823 μετ’
713 2747 843 2826 αἰσχύνης
867 2748 1031 2825 ἀποσόβησιν
1054 2746 1101 2808 καὶ
1122 2748 1171 2823 τὴν
1194 2748 1287 2822 ἀλλην
1309 2747 1395 2828 ὓβριν,

102 2872 137 2946 ἣν
161 2869 241 2941 αθτδς
271 2869 423 2947 ὑπήνεγκεν
455 2867 551 2948 ἑαυτῷ,
580 2871 627 2930 τόν
657 2868 707 2945 μὲν
734 2871 787 2952 δπη
818 2869 951 2946 βουλητὸν
982 2869 1024 2945 εἰη
1055 2871 1182 2951 φέρεσθαι
1211 2871 1396 2950 συνεχώρησε,

103 2997 138 3074 τῇ
162 2991 194 3052 δέ
215 3012 250 3070 γε
280 2996 350 3072 μονῇ
378 2989 426 3051 καί
455 2994 511 3063 τοῖς
539 2991 622 3074 παίσῃ
652 2991 863 3067 ένασκσυμένοις
893 2994 1035 3071 μοναχοίς,
1066 2993 1157 3072 ὥσπερ
1179 3011 1204 3051 τι
1227 2990 1301 3051 ἄλλο
1323 3011 1393 3070 προ-

103 3111 232 3191 τείχισμα
264 3113 396 3192 καρτερόν
429 3133 458 3172 τε
491 3110 537 3172 καί
568 3112 747 3192 ἀκαθαίρετον
779 3113 827 3188 τήν
858 3115 995 3193 παροῦσαν
1028 3111 1234 3194 χρυσόβουλλον
1264 3113 1394 3192 ἐπήγειρε

104 3235 221 3314 γραφήν,
252 3233 287 3294 δι’
301 3227 337 3309 ἥς
366 3233 486 3313 ἑπικυροί
516 3232 566 3308 μὲν
596 3234 738 3308 σίμπαντα
770 3230 804 3294 τὰ
833 3233 928 3294 ἐνόντα
957 3234 1040 3318 ταθιη
1068 3233 1262 3315 χρυσόβουλλα
1293 3233 1337 3294 ἐπὶ
1358 3233 1397 3314 τῷ

106 3353 269 3434 αίιτεξσυσίῳ
298 3351 346 3414 καί
375 3353 573 3435 αἰπυδεσπότῳ,
603 3355 728 3434 καθαιρεῖ
759 3353 859 3414 δὲκαὶ
882 3354 1022 3434 ἀφανισμῷ
1053 3355 1146 3416 δίδωσι
1166 3361 1256 3416 πᾶσαν
1277 3356 1398 3437 πονηρὰν

105 3476 233 3558 γλῶτταν
249 3474 296 3536 καί
317 3473 497 3556 παλίμφημον
519 3473 566 3535 καί
588 3475 690 3554 λόγους
713 3477 835 3548 ἅπαντας
858 3477 1010 3550 ἀντιθέτους
1033 3475 1072 3550 εἰς
1095 3477 1242 3548 ἑλεπόλεις
1264 3479 1399 3556 τεχνάζο-

107 3601 206 3676 μένους
234 3595 281 3658 καί
311 3601 489 3678 τοιχωρυχεῖν
520 3598 722 3679 ἐπιχειροῦντας
751 3597 801 3668 τάς
831 3598 952 3673 εθσεβείς
980 3596 1042 3677 περί
1063 3603 1113 3675 τής
1136 3598 1283 3680 εἰρημένης
1313 3605 1399 3678 μονῆς

107 3717 244 3794 διατάξεις
259 3717 305 3779 καὶ
321 3719 354 3779 τά
376 3719 489 3798 θεοφιλῆ
512 3725 566 3780 τῶν
581 3721 816 3800 προηγησαμένων
839 3719 977 3796 βασιλέων
999 3720 1207 3802 χρυσόβουλλα·
1230 3721 1302 3781 κατὰ
1316 3725 1400 3782 ταῦτα

106 3843 161 3924 γάρ
191 3839 239 3902 καὶ
268 3840 299 3902 οἰι
325 3841 387 3900 καθ’
404 3843 496 3920 έτερον
519 3843 585 3916 αἰτή
608 3861 638 3902 τε
661 3844 678 3916 ἡ
702 3841 772 3918 μονὴ
795 3839 842 3902 καί
872 3841 1014 3918 σίιμπαντα
1035 3843 1069 3904 τά
1091 3842 1134 3902 ὑπ’
1150 3842 1233 3917 αἰπήν
1263 3847 1399 3926 στήσεται,

107 3963 190 4043 άχρις
219 3962 346 4037 εθσέβεια
375 3962 422 4024 καὶ
451 3966 529 4038 νόμοι
558 3961 606 4024 καί
634 3962 731 4041 θεσμοὶ
759 3965 828 4024 θεῖσι
849 3962 897 4026 καὶ
927 3963 1062 4038 βασίλειοι
1083 3966 1133 4040 τήν
1155 3962 1316 4042 οἰκουμένην
1339 3967 1401 4026 ἑπι-

107 4085 295 4167 τροπείουσι.“

214 4212 344 4284 Superat
365 4214 446 4270 etiam
462 4213 650 4286 fraqmentum
673 4214 837 4285 οἰισμεοθυίίί
857 4216 1030 4286 imperator&
1051 4214 1195 4270 Michaelis
1226 4215 1287 4270 VII
1306 4216 1401 4272 [δεεσσε

109 4335 297 4406 Parapinae&
309 4334 340 4404 (1
345 4337 470 4392 071-1
475 4333 549 4404 078)
561 4337 638 4406 αμυά
649 4336 761 4407 Νἰοερίι.
769 4355 801 4406 p.
817 4339 866 4407 80,
883 4355 935 4409 φκσ
947 4337 1139 4408 σοιηίικααιιίυι·
1149 4337 1300 4408 ρσίυιίεφία
1311 4354 1401 4394 mona·

110 4459 202 4512 sterii:
230 4495 249 4530 „
274 4497 281 4510 .
306 4497 313 4513 .
339 4496 346 4510 .
370 4450 400 4509 τό
424 4449 531 4530 έδραίον
553 4448 602 4510 καί
624 4445 756 4531 ἀρραγές,
779 4451 972 4527 ἀμετάπτωτόν
994 4473 1024 4512 τε
1046 4449 1094 4512 καὶ
1116 4449 1305 4512 ἀναλλοίωτον
1329 4501 1336 4516 .
1361 4499 1368 4514 .
1394 4500 1400 4514 .

109 4573 216 4652 ήγοῦν
246 4571 431 4652 θεοπρόβητος
461 4572 541 4647 ἡμῶν
572 4570 699 4647 βασιλεία
729 4571 851 4648 εὐμενῶς
877 4572 1024 4634 κατιδοῦσα
1046 4573 1107 4647 τοὺς
1138 4573 1275 4652 μσνυιχοίις
1298 4572 1332 4632 τίι
1353 4595 1403 4652 τη,

111 4690 246 4768 αἰτήσεως
268 4693 364 4754 θάττον
386 4695 405 4768 ή
427 4693 514 4773 λόγος
537 4687 684 4773 ἑξετέρανε
701 4691 747 4752 καί
766 4695 813 4752 τὶν
834 4696 954 4774 παρόντα
976 4693 1181 4774 χρυσόβσυλλσν
1204 4693 1289 4772 λόγον
1313 4696 1403 4766 αὺτοῖς
