3194 5298
854 925 942 997 VH.

403 1120 571 1211 Diplornata
594 1127 622 1192 et
646 1124 716 1192 acta
739 1118 883 1190 ecclesiae
907 1124 935 1189 et
958 1118 1092 1190 civitatis
1111 1116 1390 1190 Μυιιωιθινίωινίυ.

1594 1159 1595 1204 ι

512 1345 538 1408 Ι.
563 1341 787 1424 6792-1284,
812 1365 921 1407 menso
945 1351 1091 1426 augusto,
1115 1341 1180 1406 ind.
1205 1341 1281 1406 XII.

1594 1471 1595 1524 ί

254 1529 407 1597 Imperator
424 1529 593 1581 Αιιιίνοιιίιτιε
610 1527 650 1580 II.
668 1526 848 1596 Ραίαιυίοριισ
867 1526 971 1579 civibus
988 1525 1189 1612 Μοιιωυθασὶρο
1209 1526 1349 1594 confirmat
1365 1530 1552 1596 possessiones
1594 1527 1595 1588 ί

423 1703 426 1710 γ
502 1639 527 1686 et
543 1633 719 1700 coemptiones
735 1632 773 1685 σιζσ
795 1648 932 1684 concessas
947 1649 967 1684 a
981 1629 1114 1684 Micka'e'le
1130 1631 1300 1701 Ριιίαιυίυρο.
1594 1627 1595 1700 ί

1594 1737 1595 1766 ι

525 1833 785 1914 Χρυσόβουλλον
807 1839 864 1908 τῆς
886 1835 998 1912 χώρας
1021 1832 1273 1907 Μονεμβασίας.

358 2017 374 2087 †
398 2011 458 2070 Οὺιι
480 2007 513 2084 ἦν
537 2011 589 2089 ἀρα
611 2008 657 2067 ιιαὶ
679 2009 727 2082 τὴν
750 2013 799 2084 τῆς
816 2006 1011 2081 Μονεμβασίας
1033 2007 1113 2066 πόλιν
1136 2013 1189 2065 τῶν
1213 2007 1246 2066 ἐιι
1268 2013 1313 2067 τοῦ
1336 2011 1435 2087 χρόνου
1462 2013 1551 2084 μεῖναι

253 2135 283 2193 τδ
305 2135 431 2213 παράπαν
456 2131 610 2212 ἀπείρατον,
634 2130 690 2190 οὐδ’
705 2129 747 2189 ἐπὶ
769 2127 823 2188 τῶν
843 2131 929 2188 αθτῶν
946 2130 1064 2207 ἑστάναι,
1087 2135 1139 2186 τῶν
1157 2128 1251 2188 ἀλλων
1266 2131 1374 2189 πάντων
1390 2128 1552 2205 δεξαμένων

255 2255 414 2330 μεταβολὴν
445 2253 491 2313 καὶ
519 2254 704 2332 γευσαμένων,
735 2257 783 2326 τῆς
805 2253 897 2310 τοῦτου
924 2252 1119 2330 παλινστράφου
1141 2253 1276 2324 κινήσεως
1313 2253 1406 2326 μέντοι
1428 2273 1465 2330 γε
1490 2253 1552 2312 οῦδὲ

252 2385 303 2456 τῆς
331 2380 409 2438 αὺτοῦ
431 2377 597 2435 παντάπασιν
627 2372 680 2446 ἔξω
703 2375 849 2452 γεγένηται
872 2375 985 2456 ρῦοεως,
1017 2373 1083 2432 ἀλλ’
1097 2373 1207 2432 ἅπτεται
1230 2369 1277 2432 καί
1299 2375 1407 2453 ταύτης,
1439 2376 1483 2445 ὡς
1507 2373 1550 2433 καὶ

253 2503 370 2580 πάντων,
399 2498 542 2574 μεταβολὴ
564 2499 674 2576 χρόνοις
696 2499 824 2577 πρότερον
847 2497 900 2572 ἤδη
924 2499 1032 2574 συχνοῖς
1054 2494 1101 2555 καί
1123 2498 1234 2555 ιιινεῑται
1256 2497 1330 2570 πλὴν
1352 2498 1402 2572 τὴν
1425 2501 1497 2578 πρὸς
1519 2498 1551 2555 τά

254 2622 341 2702 χείρω
364 2615 477 2700 κίνησιν,
501 2622 539 2691 ὡς
563 2620 601 2695 μὴ
625 2618 730 2699 ὤρελε·
755 2619 870 2699 λαμπρὰ
892 2619 944 2698 γάρ
965 2616 1031 2678 οῦσα
1046 2621 1076 2678 τδ
1091 2617 1151 2697 πρὶν
1167 2615 1213 2678 καὶ
1229 2617 1347 2690 πολλοῖς
1364 2619 1548 2696 εδθηνουμένη

254 2747 310 2816 τοῖς
333 2743 446 2823 ἀγαθοῖς
468 2743 517 2802 ῦπδ
539 2743 573 2800 πά
589 2742 733 2816 Ῥωμαίων
756 2749 879 2822 σκῆπτρα
901 2747 949 2816 τῆς
966 2742 1138 2817 εὐδαιμονίας
1154 2741 1302 2822 ἀπέλαυεν,
1327 2741 1421 2802 ἀλλά
1437 2747 1548 2823 χρόνος,
1594 2767 1595 2846 γ

252 2869 343 2945 ὥσπερ
366 2867 415 2924 οῦν,
438 2865 558 2942 ένεγιιὼν
580 2869 694 2941 τηρῆσαι
717 2865 764 2940 τὴν
787 2866 1001 2944 περιροίνειανί),
1033 2870 1082 2940 τῆς
1106 2863 1155 2939 μὲν
1179 2861 1254 2948 [τῶν]
1281 2864 1425 2939 Ῥωμαίων
1448 2867 1547 2940 ταύτην

253 2989 408 3048 ἀποσπάσαι
431 2987 503 3064 ἔγνω
525 2989 629 3067 χειρός,
654 2985 781 3057 δουλείας
805 2985 835 3045 δὲ
859 2989 946 3066 ρέρων
971 2985 1095 3060 ίταλιιιῆς
1118 2987 1198 3062 ζυγδν
1222 2986 1289 3067 αῦιῄ
1314 2985 1472 3062 ἐπιτίθησιν.
1502 2987 1545 3046 ἐν·
1594 2981 1595 2990 ’

252 3113 345 3171 τεῦθεν
372 3108 418 3170 καί
441 3115 493 3170 πᾶν
516 3111 584 3185 ὁμοῦ
606 3116 655 3184 τῆς
676 3109 788 3180 πόλεως
810 3110 840 3168 ιδ
863 3109 989 3188 λαμπρδν
1006 3105 1180 3182 ἀποσβέννυσι
1197 3107 1243 3166 καὶ
1258 3110 1306 3183 τὴν
1323 3109 1439 3186 ἀντωςί)
1455 3109 1546 3190 πρῴην

253 3233 404 3308 καλλίστην
433 3232 461 3291 ἐν
488 3231 599 3291 πόλεσιν
630 3232 699 3306 μετά
728 3232 815 3311 βραχὺ
842 3231 948 3290 πολλοῦ
975 3236 1021 3290 τοῦ
1051 3231 1162 3308 αἴσχους
1193 3230 1368 3306 ἐμπίπλησιν.
1411 3233 1482 3292 ἀλλ’
1501 3235 1546 3292 οῦν.

252 3353 285 3431 ἧν
316 3353 355 3424 εἰς
385 3353 466 3425 τέλος
496 3353 557 3424 τοὺς
588 3355 669 3428 αὐιῆς
697 3354 812 3424 πολίτας
843 3353 910 3411 οθτιυ
940 3359 989 3426 τῆς
1011 3359 1064 3412 τῶν
1087 3355 1191 3431 τρόπων
1213 3355 1397 3432 χρηστότητος
1421 3356 1544 3432 ἔχοντας,

254 3477 322 3536 οῦτω
346 3479 452 3553 συχνοῖς
475 3477 698 3551 κεκοσμημένους
720 3478 775 3546 τοῖς
798 3475 912 3551 ἀγαθοῖς
934 3475 1108 3554 περιοφθῆναι
1128 3476 1202 3554 παρὰ
1225 3477 1287 3535 θεοῦ
1308 3474 1355 3534 καί
1377 3478 1426 3551 τὴν
1447 3479 1544 3537 ταλαι-

252 3593 356 3679 πωρίαν
384 3601 472 3678 φέρειν
497 3597 540 3658 ἐπὶ
562 3601 630 3656 πάνυ
654 3600 767 3676 μακρόν.
805 3596 898 3656 οίίιιουν
922 3597 984 3656 ουδὲ
1008 3597 1083 3669 θείας
1106 3597 1260 3676 ἀμοιροῦσιν
1285 3597 1444 3678 ἐπισκοπῆς,
1481 3599 1543 3658 ἀλλ’

254 3721 338 3802 ἐφορᾷ
359 3717 405 3779 καὶ
428 3720 510 3779 ποίλιν
532 3719 616 3778 ίλεων
641 3719 786 3789 ἐπὀιῦτοθς
809 3721 823 3778 ὁ
846 3723 933 3778 πάντα
956 3719 1058 3797 έρορῶν
1082 3719 1222 3797 δρθαλμος
1245 3717 1362 3794 καὶτῆς
1385 3723 1439 3794 μὲν
1455 3721 1542 3780 ἀλλο-

253 3848 349 3923 γενοῦς
373 3843 466 3902 αὐτίκα
489 3841 616 3913 ουλδείας
640 3841 766 3920 δέχονται
787 3844 834 3916 τὴν
858 3841 1036 3920 ἀπαλλαγήν,
1060 3843 1127 3920 προς
1145 3843 1175 3900 δὲ
1191 3843 1240 3918 την
1255 3845 1388 3922 προτέραν
1396 3841 1421 3923 ³)
1441 3843 1542 3916 έιιείνην

253 3966 330 4037 εθθθς
353 3965 524 4040 εὐδαιμονίαν
549 3961 719 4044 ἀναχωροῦσι
742 3965 788 4024 παὶ
810 3967 982 4045 περιφάνειαν
1006 3966 1055 4023 ίιπδ
1070 3959 1217 4040 Ῥωμαίοις
1241 3964 1315 4036 αὖθις
1335 3964 1382 4024 ιιαί
1397 3973 1430 4046 τῇ
1447 3969 1542 4025 τούτων

253 4091 325 4170 ἀρχῇ
348 4089 438 4148 τελεῖν
462 4091 499 4158 ὡς
527 4083 619 4170 πρῴην
648 4090 886 4165 ἐπευτυχήσαντες.
920 4091 964 4146 ὅτε
988 4089 1021 4162 δὴ
1045 4089 1112 4167 πρδς
1137 4089 1235 4159 ἀλλοις
1258 4094 1311 4146 τῶν
1336 4089 1448 4166 ἀγαθῶν
1474 4087 1541 4167 (οὐδ’

253 4214 325 4282 θσοις
348 4209 439 4291 ῥᾴδιον
457 4210 590 4294 ἀριθμεῖν)
614 4211 659 4271 ιιαί
682 4211 890 4292 χρυσοβοῦλλου
915 4209 957 4268 έπὶ
979 4211 1069 4270 τοῖσδε
1092 4215 1253 4287 τυγχάνουσι
1273 4211 1346 4290 παρά
1362 4218 1407 4270 τοῦ
1424 4212 1542 4286 ἀοιδίμου

254 4333 391 4407 βασιλέως
414 4339 458 4392 τοῦ
483 4335 608 4393 αθθέντου
631 4333 676 4392 καί
700 4335 802 4412 πατρδς
825 4339 874 4407 τῆς
898 4331 1040 4405 βασιλείας
1061 4354 1121 4407 μου,
1146 4330 1183 4408 τῷ
1199 4353 1228 4390 τε
1246 4332 1355 4406 δηλαδὴ
1374 4329 1541 4403 έξιιουσσείας

358 4623 378 4686 ¹)
393 4619 454 4686 ἐπιμ.
473 4621 529 4672 cod.
544 4627 570 4670 ot
580 4621 658 4670 Ζαυίι.
730 4620 750 4684 ²)
764 4616 832 4668 οὔπω
843 4620 898 4670 συθ.
911 4627 937 4669 et
948 4619 1026 4670 Ζαυίι.
1041 4621 1198 4670 Lectionum
1212 4615 1287 4677 ὅντως
1302 4621 1540 4685 proposuitMiller.

256 4719 276 4784 3)
295 4717 350 4785 πρίν
369 4719 425 4768 cod.
440 4723 467 4767 ot
479 4716 557 4766 Zach.
