3222 5284
245 331 309 395 378

245 526 312 586 ποτὲ
333 532 351 603 ἢ
375 531 565 610 παραπόρτιον,
589 530 643 590 είτε
667 531 748 610 θύραν
771 530 819 606 τἠν
843 530 948 590 οίανσύν
971 533 989 604 ἢ
1012 530 1116 610 θυρίδα,
1145 529 1199 589 εἴτε
1222 529 1343 610 τοξικήν,
1367 529 1423 590 εἴτε
1445 527 1553 610 μικρὰν

246 649 314 725 ἀπἠν
338 651 502 732 οίανδητινα,
526 653 604 713 ἀλλά
619 655 670 713 κάν
685 673 752 713 ποτε
775 653 865 736 συμβῇ
888 651 927 731 τῷ
941 653 1053 732 τοιούτῳ
1075 652 1160 732 τοίχῳ
1177 649 1297 732 μείωσις,
1321 651 1376 712 εἴτε
1392 654 1551 728 σύμπτωμα

245 774 276 832 τό
306 773 418 854 οἱσνοῦν,
448 775 532 835 πάλιν
555 775 590 835 δι’
603 775 759 856 ἐγχσρήγου
791 775 1001 855 ἐπανορθοῦσθαι
1025 775 1053 834 τό
1083 747 1298 847 καταπεπτωκδς
1321 773 1369 834 καὶ
1390 776 1421 834 τό
1443 775 1549 854 φθαρέν

245 893 285 967 εἰς
308 897 337 956 τό
359 891 453 978 πρῴην
475 901 585 976 ταχέως
608 898 806 977 ἐπανέρχεσθαι
829 902 933 975 σχῆμα.
965 897 1008 956 δεῖ
1030 895 1061 956 δέ
1083 902 1173 956 πᾶσαν
1197 897 1358 972 ἐπιμέλειαν
1377 897 1425 971 τἠν
1443 917 1548 972 τιμιω-

244 1019 326 1094 τάτην
348 1020 557 1097 καθηγουμένην
582 1019 656 1098 έχειν
680 1018 719 1090 είς
733 1039 764 1080 τε
778 1020 827 1094 τὴν
842 1025 892 1098 τῆς
914 1020 984 1096 όλης
1007 1025 1092 1095 μονῆς
1113 1019 1283 1100 περιποίησιν
1305 1019 1353 1079 καί
1375 1018 1547 1080 ἀνακαίνισιν

244 1137 291 1199 καί
321 1145 375 1200 τῶν
399 1141 428 1200 ἐν
451 1142 518 1224 αύτῄ
540 1145 648 1202 πάντων
675 1139 818 1218 βελτίωσιν
841 1140 888 1202 καὶ
911 1141 1076 1222 φιλοκαλίαν
1098 1139 1145 1202 καὶ
1167 1141 1216 1217 τὴν
1239 1141 1459 1222 ἀνακεράμωσιν,
1493 1143 1546 1222 πρό

245 1260 275 1321 δὲ
305 1264 411 1322 πάντων
441 1261 488 1322 καὶ
510 1264 576 1343 ύπὲρ
604 1265 693 1324 πάντα
716 1262 756 1336 είς
786 1265 835 1339 τὴν
865 1263 946 1342 ἁγίαν
968 1266 1015 1324 τοῦ
1045 1265 1108 1323 θεοῦ
1139 1261 1300 1344 ἐκκλησίαν,
1331 1263 1378 1324 καὶ
1400 1265 1475 1340 μηδὲ
1499 1271 1546 1324 τοῦ

243 1388 423 1465 σμικροτάτου
445 1389 633 1466 καταφρονεῖν,
657 1383 735 1448 οἰλλά
750 1389 801 1448 κάν
822 1388 885 1466 ἄχρι
902 1387 963 1459 ἑνός
983 1386 1108 1463 ύελίουὴ
1129 1385 1240 1461 μείωσις
1262 1387 1385 1466 γένηται,
1407 1387 1545 1466 παρευθις

243 1508 292 1581 τὴν
319 1511 365 1567 τοῦ
394 1507 541 1586 λείψανπσς
570 1509 651 1570 τόπον
682 1509 856 1589 ἀναπληροῦν
887 1509 921 1570 δι’
935 1509 1037 1589 ἐτέρου,
1067 1510 1115 1584 τὴν
1144 1509 1175 1568 δέ
1197 1529 1232 1586 γε
1262 1509 1474 1589 ἀνακεράμωσιν
1498 1515 1545 1570 τοῦ

244 1629 311 1689 όλσυ
334 1631 512 1710 μσναοτηρίσυ
535 1631 605 1706 μετὰ
626 1635 715 1708 πάσης
738 1631 898 1708 ἐπιμελείας
920 1631 1044 1711 γίνεσθαι
1067 1631 1226 1710 διορίζομαι.

347 1753 425 1832 Κεφ.
450 1750 507 1814 σθ’.
543 1751 624 1834 Περί
646 1757 701 1813 τοῦ
732 1753 977 1813 ἀκατύπτευτσν
1008 1751 1180 1828 διαμένειν
1209 1754 1315 1830 πάντη
1338 1755 1397 1830 τὴν
1425 1758 1542 1830 μονήν.

243 1872 301 1933 Καὶ
316 1879 392 1934 τοῦτο
408 1877 500 1951 μέντοι
515 1880 569 1936 τῶν
590 1876 864 1956 προδιηγσρευμένων
886 1877 957 1948 τινδς
972 1877 1022 1935 ούκ
1044 1875 1158 1936 ἔλαττον
1173 1881 1207 1958 τῇ
1223 1875 1351 1958 βασιλείᾳ
1367 1897 1419 1952 μου
1437 1874 1543 1956 ἔδοξεν,

243 1995 322 2056 ἀλλά
335 2003 388 2056 τῶν
406 1997 436 2070 ές
450 1998 484 2058 τά
507 1998 627 2074 μάλιστα
649 1998 805 2076 ἀναγκαίων
821 1995 868 2058 καὶ
883 1997 914 2058 ού
929 2002 978 2073 τῆς
996 1997 1131 2075 τυχούσης
1155 1997 1324 2076 ἐπισκέψεως
1339 1995 1387 2058 καὶ
1402 1999 1543 2080 φροντίδος

244 2116 333 2191 ἀξιον·
365 2119 460 2195 ἐπειδὴ
483 2120 537 2200 γάρ
566 2123 654 2196 πάντη
677 2118 776 2180 τεκαὶ
805 2120 977 2197 πανταχόθεν
1008 2119 1206 2180 ἀκατόπτευτον
1228 2121 1259 2180 τύ
1281 2125 1335 2180 τῶν
1366 2103 1543 2195 μσναζουσιῖιν

243 2239 404 2316 ἐνδιαίτημα
427 2243 497 2301 ἅπαν
519 2243 550 2301 τό
572 2247 605 2322 τῇ
629 2242 740 2317 ἀσκήσει
765 2242 851 2301 αύτῶν
872 2241 947 2322 παρὰ
969 2247 1018 2318 τῆς
1035 2240 1179 2317 βασιλείας
1202 2263 1254 2318 μου
1273 2241 1462 2322 ἀφωρισμένον
1479 2243 1541 2303 δια-

242 2365 380 2442 τηρείσθαι
396 2363 537 2440 βούλομαι
560 2365 604 2423 σύν
627 2364 682 2443 θεῷ
706 2361 745 2437 είς
766 2366 812 2424 τόν
836 2365 940 2425 ἅπαντα
961 2365 1075 2446 χρόνον·
1100 2361 1124 2423 εἰ
1146 2361 1263 2445 γὰρκαὶ
1286 2363 1480 2424 ἀποδέδεικται
1503 2363 1542 2442 τῷ

244 2483 406 2563 βουλομένῳ
429 2487 500 2545 νοεῖν
528 2485 615 2566 δρθῶς
638 2485 691 2546 ἀπό
713 2491 763 2563 τῆς
785 2482 839 2545 τῶν
861 2488 1018 2567 γραφέντων
1040 2486 1094 2562 ἤδη
1117 2487 1294 2568 περιληψεως
1315 2485 1363 2546 καὶ
1386 2486 1541 2566 δυνάμεως,

242 2609 281 2680 ὡς
302 2609 333 2667 τό
355 2609 523 2686 καινισθῆναι
545 2609 707 2670 κατοπτείαν
731 2610 759 2670 ἐν
782 2611 866 2690 τούτῳ
881 2610 1009 2670 τινὰτῶν
1031 2607 1194 2686 ἀβουλήτων
1215 2611 1285 2669 πάνυ
1300 2605 1346 2668 καί
1363 2609 1541 2690 ἀποτετραμ-
1605 2603 1606 2608 ’

243 2731 332 2804 μένων
361 2727 416 2790 ἐστὶ
438 2729 477 2810 τῷ
507 2731 601 2810 σκοπῷ
623 2738 672 2808 τῆς
700 2733 844 2808 βασιλείας
866 2755 928 2812 μου,
961 2733 1039 2794 ἀλλά
1060 2731 1108 2793 καί
1139 2734 1227 2814 ῥητῶς
1248 2753 1279 2792 τε
1301 2729 1348 2792 καὶ
1380 2730 1541 2804 ἰδιαζόντως

243 2853 299 2911 δεῖν
330 2847 423 2931 ᾠήθην
450 2859 499 2930 τῆς
525 2855 650 2930 τοιαύτης
678 2855 721 2916 ἐπ’
735 2853 806 2934 αύτῷ
836 2855 1012 2930 καινοτομίας
1043 2857 1222 2935 ἀπαγόρευσιν
1252 2855 1354 2914 θέσθαι.
1395 2853 1542 2935 ἀποτρέπει

241 2979 383 3055 τοιγαροῦν
405 2976 422 3050 η
446 2974 576 3050 βασιλεία
598 2996 650 3052 μου
672 2974 719 3037 καί
742 2976 872 3052 ἀποσοβεῖ
896 2975 935 3048 εἰς
955 2979 984 3036 τ“ο
1005 2977 1143 3050 παντελὲς
1166 2977 1210 3037 διὰ
1232 2977 1331 3054 ταύτης
1346 2995 1399 3051 μου
1414 2983 1466 3052 τῆς
1480 2975 1542 3056 περὶ

243 3099 322 3157 αύτοῦ
345 3097 515 3176 ἐπισκέψεως
537 3100 568 3158 τό
591 3099 781 3175 όποιανδήτινα
804 3100 902 3178 ἀποψιν
927 3101 993 3180 πρός
1015 3119 1040 3158 τι
1062 3105 1116 3158 τῶν
1132 3099 1208 3170 ἐντός
1223 3103 1273 3175 τῆς
1295 3098 1542 3175 ἀπονενεμημένης

241 3225 351 3300 τῄτῶν
374 3219 547 3295 μοναζουσιῖιν
578 3221 704 3303 διαγωγῇ
734 3227 867 3302 περιοχῆς
897 3223 1024 3300 γενέσθαι
1047 3224 1139 3301 χρόνῳ
1161 3220 1227 3281 πστέ
1249 3224 1268 3296 ἢ
1289 3221 1357 3300 προς
1379 3221 1429 3296 τὴν
1454 3221 1541 3296 αύλὴν

242 3343 339 3422 αύτῶν,
371 3343 425 3402 είτε
447 3342 495 3420 τὴν
520 3342 605 3424 ἐντός,
637 3343 690 3404 εἴτε
712 3345 761 3419 τὴν
784 3341 896 3424 ἔξωθεν,
926 3345 1033 3424 ἡπρδς
1055 3345 1087 3403 τδ
1108 3343 1257 3424 περίβολον
1280 3343 1459 3422 δθενδήπστε,
1488 3342 1541 3402 εἴτε

241 3469 295 3524 τῶν
319 3463 486 3524 δεσποτικών
510 3463 675 3547 οἰκημάτων,
700 3465 753 3526 είτε
776 3473 830 3526 τῶν
855 3467 961 3545 ἀλλων,
985 3465 1041 3526 εἴτε
1063 3471 1113 3542 τῆς
1136 3465 1216 3537 ἐκτός
1239 3466 1326 3541 αύλής
1348 3465 1462 3544 τούτων,
1488 3465 1540 3524 εἴτε

240 3591 290 3662 τῆς
307 3585 461 3666 ἐνδοτέρας,
487 3585 541 3645 είτε
556 3589 655 3669 γνώμη
670 3593 723 3647 τῶν
739 3595 788 3665 τῆς
805 3594 890 3664 μονῆς
906 3587 1187 3664 ἀντιλαμβανομένων
1202 3587 1282 3660 τινός,
1306 3585 1363 3646 εἴτε
1377 3586 1426 3646 καὶ
1443 3587 1540 3659 ἄλλως

241 3729 310 3779 πως.
342 3705 388 3767 καὶ
411 3705 540 3768 σύδέποτε
563 3708 638 3780 ύλως
661 3705 768 3782 ἐξέσται
783 3709 833 3770 τινὶ
855 3711 918 3770 καθ’
930 3712 1069 3787 ἡντιναοῦν
1091 3707 1187 3788 αἰτίαν,
1210 3709 1261 3769 κᾶν
1278 3709 1469 3788 εύλογοφανάς
1484 3729 1540 3778 πως

242 3830 308 3905 αύτη
332 3828 410 3912 δοκῇ,
435 3830 533 3908 ἀποψίν
555 3851 615 3890 τινα
629 3831 697 3912 πρός
718 3833 752 3891 τά
766 3837 813 3892 τοῦ
836 3830 1015 3913 μοναστηρίου
1037 3829 1163 3904 καινίζειν
1178 3835 1196 3906 ἡ
1214 3829 1259 3890 διά
1273 3831 1392 3905 ἡλιακοῦ
1406 3851 1480 3901 τινος
1495 3827 1540 3890 καί

241 3953 397 4031 ύψιύματος,
428 3956 446 4028 ἢ
470 3953 515 4012 διά
537 3953 628 4034 θύρας,
653 3953 708 4013 είτε
729 3955 903 4035 παραθυρίου,
936 3953 991 4014 εἴτε
1014 3953 1129 4034 θυρίδος,
1153 3951 1208 4013 εἴτε
1231 3951 1343 4032 μετρίας
1365 3955 1438 4025 τινὀς
1461 3953 1537 4028 ἀπῆς.
1602 3983 1603 4024 3

241 4073 317 4134 ἀλλά
341 4075 392 4136 κάν
415 4097 440 4136 τι
462 4077 590 4158 τολμηθῇ
612 4079 732 4137 τοιοῦτον
757 4078 832 4156 παρά
847 4097 927 4156 τινος,
951 4075 1006 4136 εἴτε
1025 4074 1072 4136 καί
1090 4073 1120 4148 ἐξ
1143 4075 1297 4156 ἀπρσόπτσυ
1318 4075 1443 4158 γένηται,
1467 4095 1537 4156 παρ-

242 4197 302 4256 ευθύ
324 4199 392 4278 προς
416 4199 540 4277 ἀνάγκης
561 4204 595 4279 τῇ
617 4203 764 4274 τηνικαῦτα
785 4205 836 4274 τῆς
858 4204 945 4274 μονῆς
968 4197 1228 4280 ἀντιλαμβανομένη
1260 4198 1334 4257 ἔσται
1358 4198 1417 4272 ἅμα
1439 4199 1470 4256 τ“ο
1492 4197 1537 4272 τὴν

241 4315 272 4391 ἐξ
289 4321 368 4378 αὺτοῦ
384 4319 494 4394 βλάβην
518 4321 728 4401 διαγνωσθῆναι,
753 4318 777 4378 εί
792 4319 838 4379 καὶ
855 4318 988 4398 ἐλαχίστη
1006 4321 1071 4396 αύτη
1089 4319 1154 4398 ἐστί,
1177 4317 1264 4400 χωρίς
1278 4339 1350 4391 τινος
1367 4319 1538 4396 διασκέψεως
1601 4385 1602 4392 ,

238 4439 285 4501 καὶ
301 4441 456 4511 ὑποθέσεως
471 4446 547 4502 τοῦτο
563 4445 722 4523 περιαιρεῖν·
747 4443 944 4502 ἀκατόπτευτον
959 4441 1014 4522 γάρ
1029 4444 1206 4520 παντάπασιν,
1230 4443 1269 4512 ὡς
1285 4439 1454 4521 δεδήλωται,
1469 4462 1535 4522 προ-

240 4566 322 4643 σώπῳ
345 4561 423 4622 παντί
446 4564 494 4638 τὴν
518 4563 593 4635 ἐντός
615 4569 661 4623 τοῦ
685 4563 784 4624 οἰκείου
812 4564 937 4638 σεμνείου
962 4563 1103 4642 διαγωγὴν
1126 4562 1164 4640 τῷ
1186 4567 1220 4644 τῇ
1244 4564 1464 4642 Κεχαριτωμένῃ
1487 4583 1533 4636 μου

239 4689 386 4768 θεομητορι
402 4686 618 4762 ἀποτεθειμένων
635 4689 806 4762 μοναζσυσῶν
823 4684 961 4762 διαμένειν
976 4687 993 4763 η
1008 4685 1136 4760 βασιλεία
1152 4705 1203 4762 μου
1214 4685 1454 4764 προμηθευομένη,
1470 4685 1531 4744 σύτω
