3194 5298
1268 354 1329 418 163

41 548 175 626 δόγματα,
197 547 244 608 καὶ
267 549 305 624 μὴ
329 551 411 624 μόνον
434 548 597 608 ἀντιδιδόναι
618 547 733 608 πολλῶν
755 547 803 608 καὶ
826 548 968 627 μεγάλων,
992 542 1030 616 ύν,
1049 547 1223 628 προειληφὼς
1233 545 1254 628 ¹)
1270 547 1330 625 ἔχει

39 667 100 750 τῇδε
130 690 163 729 τε
192 670 264 730 κατὰ
292 672 340 730 τὀν
370 669 429 740 βίον
458 669 560 746 ἀμέλει
586 667 635 730 καί
661 670 732 729 κατὰ
760 671 849 747 ψυχὴν
880 669 1009 748 μάλιστα,
1039 668 1070 728 τδ
1098 667 1201 730 δίκαιόν
1227 688 1256 727 τε
1283 665 1332 728 καὶ

39 793 200 868 γιγνόμενον
231 791 353 872 όρλημα,
385 790 473 871 βραχύ
503 790 553 865 μὲν
584 788 629 850 τόν
657 789 704 850 καὶ
734 790 884 871 ὀλιγαρκὲς
913 789 998 862 όντως
1026 790 1093 870 πρός
1122 789 1171 863 τὴν
1200 789 1331 864 τοσαύτην

40 907 167 990 ελποιῖαν,
196 912 274 973 ἀλλά
302 911 349 972 καί
374 913 613 992 πραγματεύεσθαι
639 914 791 992 περαιτέρω
816 911 863 972 καὶ
890 911 1064 972 ἀντωνεῖσθαι
1090 916 1180 991 σοφῶς
1206 910 1251 971 διά
1276 916 1330 970 τῶν

38 1036 177 1112 παρόντων
200 1033 288 1096 τῶνδε
310 1033 357 1094 καὶ
380 1034 495 1114 ῥεόντων
517 1033 551 1094 τά
574 1033 716 1110 μέλλοντά
737 1055 767 1094 τε
790 1032 837 1094 καὶ
859 1035 983 1114 μένοντα,
1007 1031 1054 1092 καὶ
1078 1031 1122 1092 διὰ
1143 1039 1193 1109 τῆς
1216 1031 1245 1092 ἐν
1266 1033 1331 1092 τού-

40 1165 91 1226 τοις
112 1155 245 1234 ριλοθέου
267 1153 315 1216 καὶ
338 1155 465 1236 εύγενοός
488 1154 644 1232 οἰκονομίας
665 1154 712 1216 καὶ
736 1155 956 1236 ἐλευθεριότητος
977 1157 1034 1228 τοῖς
1056 1154 1197 1231 ἀβεβαίοις
1220 1155 1271 1232 μὲν
1294 1155 1332 1226 ὡς

39 1278 70 1336 ’.ἀ
88 1279 200 1358 πολλά,
224 1281 332 1351 πάντως
354 1278 385 1340 δέ
409 1277 468 1354 μετ’
481 1278 576 1358 ἀλίγον
598 1278 807 1359 ἀπολουμένοις,
831 1280 849 1337 ά
869 1299 904 1358 γε
927 1278 960 1354 δὴ
983 1277 1030 1339 καί
1053 1277 1121 1338 αύτδι
1140 1279 1241 1358 προῖκα
1262 1297 1331 1358 προ-

40 1399 160 1480 ειληρῖυς
196 1401 268 1482 ἔχοι,
301 1401 487 1462 κατακτᾶσθαι
517 1399 550 1460 τά
580 1399 779 1472 διαινωνίζονιά
808 1421 838 1460 τε
868 1397 915 1460 καὶ
945 1400 1072 1479 ἄτρεπτα.
1117 1398 1143 1459 εί
1172 1399 1197 1459 δ’
1214 1401 1268 1482 ἀρα
1299 1401 1333 1476 δὴ

40 1520 83 1580 καὶ
107 1523 125 1596 ἡ
153 1523 280 1604 ἡμετέρα
309 1521 438 1595 βασιλεία
466 1519 528 1602 περί
557 1523 657 1582 τούτων
686 1523 717 1582 ού
747 1523 829 1597 μόνον
859 1519 889 1581 εύ
918 1542 949 1581 τε
978 1519 1144 1602 βανεώραται
1172 1520 1220 1582 καὶ
1250 1522 1333 1604 ἔγνω,

41 1643 103 1704 ἀλλ’
115 1645 242 1716 ἀνεκτῶς
268 1665 302 1723 γε
329 1643 377 1704 καί
404 1644 571 1720 ἀνεμεσίτως
598 1644 669 1726 ἐρεῖν
696 1641 742 1704 καὶ
769 1643 977 1735 διαπέπρακται,
1005 1643 1101 1704 πολλά
1122 1664 1152 1704 τε
1175 1644 1252 1705 ἀλλα
1275 1642 1334 1728 (σύν
1359 1702 1367 1720 ,

41 1766 91 1844 θεῷ
118 1767 176 1826 δ’ό
203 1764 303 1848 λόγος)
331 1767 493 1845 μαρτύρεται
515 1764 563 1826 καὶ
584 1767 615 1826 τδ
637 1769 682 1826 νόν
704 1787 738 1844 γε
759 1765 814 1842 ἤδη
838 1765 989 1842 δηλώσειε·
1017 1765 1114 1826 πολλά
1134 1766 1188 1848 γάρ
1211 1766 1246 1844 δὴ
1268 1769 1334 1850 rm)

42 1885 107 1948 κατὰ
136 1891 188 1965 τἠν
220 1889 432 1966 Πελοπόννησον
458 1862 658 1965 Μονεμβασίας
688 1890 827 1972 ἁγιωτάτῃ
857 1889 1026 1971 μητροπόλει
1054 1891 1118 1970 παρ’
1136 1891 1219 1967 αύτῆς
1250 1889 1334 1971 ἐνηρ-

41 2011 118 2087 γηταί
144 2032 177 2071 τε
204 2009 252 2072 καί
279 2010 461 2072 ἐπιδέδεικται
486 2012 573 2092 λόγου
600 2032 630 2072 τε
657 2009 721 2084 ἀξια
746 2009 794 2072 καί
821 2011 937 2072 ἐπαίνων
963 2018 996 2095 τῇ
1022 2015 1068 2072 τοῦ
1091 2013 1208 2091 Χριστοῦ
1233 2015 1334 2093 χάριτι,

42 2138 113 2194 τούτο
142 2133 197 2210 μέν
219 2135 271 2194 ὅσα
294 2131 334 2206 εἰς
355 2136 435 2210 τιμήν
456 2153 516 2195 τινα
538 2135 613 2214 φέρει
634 2131 682 2194 καὶ
703 2133 873 2212 προβάθμιον
894 2131 970 2207 τάξιν
992 2131 1040 2194 καὶ
1060 2132 1205 2214 περιφανὲς
1228 2131 1336 2211 ἀξίωμα

44 2253 84 2314 καὶ
109 2257 194 2316 τόπον
221 2255 311 2316 πλείω
320 2252 346 2340 ³)
376 2259 395 2332 ἢ
421 2257 562 2338 πρότερον,
591 2259 668 2317 τοῦτο
696 2255 729 2316 δὲ
755 2255 802 2316 καί
829 2257 880 2316 ὅσα
907 2254 946 2329 είς
974 2253 1098 2338 εύπορίαν
1124 2277 1154 2316 τε
1181 2255 1228 2317 καί
1254 2257 1335 2336 ριλο-

45 2376 140 2458 δωρίαν
163 2384 219 2438 τῶν
239 2379 394 2460 προσόντων
416 2378 483 2462 αὐτρ
505 2380 673 2458 πραγμάτων
695 2399 726 2438 τε
747 2377 795 2440 καί
816 2380 976 2456 κτημάτων·
1000 2381 1019 2438 ά
1042 2379 1075 2454 δὴ
1097 2376 1145 2438 καί
1167 2379 1239 2440 κατὰ
1253 2379 1337 2460 μέρος

47 2501 120 2579 ἔτερα
142 2497 259 2580 διάφορα
280 2500 379 2577 ταύτης
400 2498 569 2562 ὑποδείκνυσι
590 2498 769 2576 θεσπίσματα.
794 2499 853 2561 ἐπεὶ
876 2499 907 2560 δὲ
930 2500 1029 2580 ἀρτίως
1049 2501 1169 2582 ᾐτήσατο
1183 2501 1232 2577 τὴν
1256 2501 1337 2577 βασι-

46 2619 118 2680 λείαν
146 2643 200 2698 μου
227 2621 314 2698 ότῆς
335 2622 459 2698 τοιαύτης
481 2621 635 2699 ἁγιωτάτης
658 2621 857 2703 μητροπόλεως
879 2621 1031 2702 ἀρχιερεύς,
1058 2624 1146 2682 πάντα
1169 2625 1207 2682 ὢν
1229 2621 1338 2704 ἀριστος

47 2741 89 2802 καί
110 2742 280 2816 ίκανόκτατος
300 2749 334 2826 τῇ
356 2744 466 2826 τοιαότρ
487 2765 522 2822 γε
544 2740 618 2827 ἀξίᾳ,
641 2745 680 2816 ὡς
703 2744 839 2804 συνελόντ’
853 2743 934 2825 ἐρεῖν,
956 2742 1004 2806 καὶ
1026 2743 1061 2804 δι’
1069 2746 1134 2806 αύτδ
1156 2745 1191 2821 δὴ
1206 2743 1276 2805 τοῦτ’
1284 2745 1338 2827 άρα

48 2863 90 2924 καί
115 2862 206 2926 πάντα
231 2866 334 2926 πείθειν
362 2865 456 2939 ἱκανός
485 2870 523 2926 ὢν
549 2865 598 2942 τὴν
626 2865 767 2942 βασιλείαν
796 2888 848 2942 μου
873 2863 920 2928 καί
946 2865 1009 2948 περὶ
1040 2870 1147 2928 πάντων
1170 2864 1337 2948 αἰτούμενος,

51 2985 105 3046 έπεί
126 2988 151 3048 δ’
165 2985 213 3050 σύν
237 2981 356 3068 ούτοςί),
381 2990 418 3060 ὡς
442 2987 555 3069 εἴρηται,
577 2989 697 3070 ᾐτήσατο
719 2987 767 3050 καὶ
788 2989 994 3069 χρυσόβουλλον
1017 2991 1100 3066 αὐτῆς
1121 2988 1254 3072 προβῆναι
1276 2987 1339 3070 περὶ

50 3115 97 3168 τῶν
117 3113 276 3192 προσόντων
299 3112 445 3186 κτημάτων
467 3115 500 3192 τῇ
523 3109 584 3170 κατ’
594 3109 673 3170 αὐτδν
696 3112 804 3192 τοιαύτη
827 3111 967 3193 ἁγιωτάτῃ
991 3109 1135 3194 ἐκκλησίᾳ,
1158 3111 1212 3186 ἤδη
1235 3109 1282 3172 καὶ
1298 3109 1339 3182 είς

51 3233 120 3292 τούτο
143 3231 261 3294 ἐπινεύει
282 3237 316 3314 τῇ
340 3234 419 3292 αύτοῦ
442 3229 545 3308 αίτησει
567 3230 614 3292 καὶ
637 3231 798 3313 ίπιχορηγεῖ
819 3230 866 3292 καὶ
889 3231 1062 3314 ἑπιβραβεύει
1082 3231 1161 3292 τόνδε
1175 3233 1221 3293 τόν
1235 3235 1338 3314 γρυσό-

53 3351 166 3426 βουλλσν
188 3353 276 3434 λόγον
300 3355 392 3432 αδιῆς,
416 3347 490 3414 διὀύ
512 3352 559 3414 καί
574 3351 715 3439 εύδοκεῖί)
730 3352 777 3415 καὶ
792 3351 954 3435 προστάσσει
969 3353 1016 3414 καί
1032 3353 1186 3437 διορίζεται,
1210 3357 1338 3434 κατέχειν

53 3473 94 3534 καί
114 3473 154 3549 εἰς
175 3477 208 3536 τό
231 3472 297 3552 ἑξῆς
319 3475 368 3551 τὴν
393 3475 587 3555 διαληφθεῖσαν
610 3477 764 3553 ἁγιωτάτην
787 3476 954 3557 μητρόπολιν
977 3477 1175 3553 Μονεμβασίας
1196 3476 1341 3539 πάντατά

54 3599 179 3676 προσόντα
203 3599 269 3680 αῖαῄ
292 3600 418 3674 κτήματά
439 3617 469 3657 τε
492 3595 539 3657 καί
561 3596 663 3678 δίκαια,
687 3600 705 3656 ἃ
726 3599 773 3658 καὶ
795 3599 879 3678 μέχρι
900 3603 945 3660 τοῖν
964 3600 1096 3680 παρόντος
1114 3601 1179 3681 παρ’
1192 3599 1275 3676 αύτης
1290 3597 1340 3660 εἰσὶ

54 3721 234 3798 κατεχόμενα,
257 3719 385 3794 νέμεσθαί
407 3739 437 3779 τε
461 3718 528 3779 αότά
551 3719 629 3792 ἐκτός
650 3721 740 3796 πάσης
763 3719 892 3800 ἐπηρείας
913 3719 960 3780 καὶ
980 3720 1158 3800 ἐνοχλήσεως
1172 3719 1219 3782 καὶ
1234 3723 1340 3782 παντά-

18 3827 20 3831 ’
55 3859 127 3902 πασιν
150 3841 347 3922 ἀναμαιρέτως,
369 3841 526 3916 διασεισμοό
547 3860 578 3900 τε
600 3841 701 3913 παντός
722 3840 930 3922 ἀπηλλαγμένα
947 3862 978 3902 τε
993 3840 1040 3903 καί
1055 3843 1187 3924 ἀνάκτορα,
1211 3843 1278 3918 ἀδὴ
1293 3841 1341 3903 καὶ

57 3963 109 4022 κατ’
121 3964 209 4039 ὄνομα
232 3965 317 4036 ούιως
339 3963 445 4042 ἔχουσι·
481 3962 582 4042 χωρίον
605 3962 619 4022 ό
642 3962 804 4039 Γαγκανέας
826 3964 896 4038 μετὰ
918 3969 970 4023 τῶν
995 3964 1024 4023 ἐν
1046 3963 1119 4044 αύτῷ
1140 3962 1279 4044 παροίκων
1293 3961 1341 4024 καὶ
1388 4019 1390 4022 .

59 4082 232 4147 Ι’ωοοτατικιῖιν
253 4083 301 4146 καί
315 4088 423 4146 πάντων
436 4090 488 4144 τῶν
505 4084 615 4144 δικαίων
630 4074 680 4144 καί
691 4087 781 4161 πάσης
798 4080 869 4170 [τῆς]
884 4090 971 4161 νομῆς
987 4087 1078 4146 αἰετοῦ·
1101 4091 1195 4162 κτῆμα
1209 4087 1240 4145 τδ
1256 4083 1295 4156 είς
1309 4086 1341 4145 τδ

59 4205 149 4285 χωρίον
180 4205 215 4267 τά
237 4205 330 4284 Νόμια
353 4207 422 4282 μετὰ
444 4211 498 4266 τῶν
522 4205 550 4264 έν
573 4206 644 4284 αύτῷ
666 4206 805 4287 παροίκων
826 4204 873 4266 καὶ
894 4213 948 4266 τῶν
972 4204 1011 4278 εἰς
1032 4209 1063 4267 τδ
1087 4207 1151 4268 αίιτδ
1171 4204 1341 4287 χωρίον.καί

63 4322 95 4398 είς
113 4325 145 4389 τά
166 4327 281 4409 Ταίρεια
308 4315 486 4409 αύτοοργίων·
514 4327 634 4408 ἀγρίδιον
661 4327 695 4387 τά
717 4328 793 4409 Λυρά
820 4328 965 4403 μετὰτῶν
988 4327 1017 4388 ἐν
1040 4327 1112 4401 αὐτῷ
1134 4328 1273 4410 παροίκων
1295 4327 1342 4388 καὶ

61 4497 256 4512 *—

156 4618 176 4682 ¹)
194 4616 232 4668 M.
250 4616 354 4668 mavult
371 4613 479 4684 προσειλ.
550 4615 571 4681 ²)
589 4615 702 4666 Emend.
720 4615 765 4680 Z.;
784 4615 841 4665 cod.
859 4615 918 4679 τοῖς,
936 4617 972 4666 Μ.
990 4617 1041 4680 τῆς.
1112 4614 1134 4681 ³)
1152 4615 1295 4680 Ρτοροσιιῖί
1313 4615 1341 4668 Z.

63 4707 87 4757 ίιι
97 4715 170 4776 notin,
188 4712 256 4776 cod„
272 4713 319 4776 M„
330 4713 358 4763 Z.
371 4709 442 4776 πλήν.
513 4711 534 4778 ⁴)
543 4711 677 4778 ¹conjecit
688 4713 730 4774 Z.;
748 4712 815 4770 cod„
829 4711 865 4763 M.
884 4716 911 4760 et
923 4713 950 4761 Z.
964 4709 1051 4770 σύτως.
1122 4710 1142 4774 ⁵)
1162 4711 1225 4762 eod.
1240 4707 1340 4776 εὖλογεῖ.

1086 4813 1136 4864 ll*
