3240 5286
261 367 325 434 252

262 562 358 644 ἀρτίως
381 565 556 643 ἀνεγερθεῖοα
580 565 613 624 ἐκ
635 565 743 645 βάθρων
766 568 852 625 αὐτῶν
875 567 949 646 παρὰ
971 571 1017 626 τοῦ
1036 568 1233 645 προειρημένου
1249 567 1382 645 ἀρχοντος
1397 565 1554 644 Φιλοσόφου

261 691 306 746 τοῦ
322 690 559 767 πρωταοηκρήτου,
575 687 726 766 εὑρίσκηται
742 691 800 762 ἅμα
814 692 870 760 τοῖς
887 689 1025 766 μετοχίοις
1041 689 1123 764 αἰνιής
1139 691 1177 759 ὡς
1196 686 1239 748 ἐπὶ
1254 688 1444 768 σταυροπηγίῳ
1459 709 1554 766 πατρι-

261 807 367 886 αρχικῷ
382 809 636 889 ἀνοικοδομηθιῖσα,
653 811 702 870 ῖπδ
717 811 762 870 τον
776 811 847 870 κοιτά
862 811 972 890 καιροὺς
987 808 1172 886 οίκσυμενικδν
1187 813 1366 890 πατριάρχην,
1382 807 1431 868 καί
1446 829 1554 886 μνημο-

260 932 324 1012 νεθη
345 935 391 991 τοῦ
414 931 546 1006 δνόματος
569 932 657 1011 αυτοῦ,
681 934 750 992 ὥστε
773 935 842 1007 μήτε
866 931 960 992 άδειαν
983 934 1057 1011 ἐχειν
1079 933 1125 992 τὀν
1141 933 1212 992 κατὰ
1226 932 1335 1013 καιροὺς
1351 931 1556 1012 μητροπολίτην

264 1052 395 1112 ίΙαλαιῶν
420 1053 533 1133 Πατρῶν
563 1057 581 1129 ἢ
611 1055 656 1114 τδν
684 1054 828 1114 ἐπίσκοπον
852 1054 931 1116 αυτοῦ
953 1053 1184 1134 Λακεδαιμονίας,
1216 1057 1286 1130 μήτε
1309 1055 1401 1134 έτερὲν
1423 1073 1482 1112 τινα
1504 1059 1557 1112 τῶν

262 1175 291 1234 ἐν
313 1179 346 1254 τῇ
372 1173 573 1254 Πελοποννήσῳ
597 1179 804 1255 μητροπολιτῶν
827 1177 887 1252 μετ’
900 1173 1024 1250 ἐξουσίας
1047 1175 1116 1248 ἰδίας
1139 1175 1185 1238 καί
1209 1175 1363 1247 αῑιθεντείας
1384 1173 1556 1256 είσέρχεσθκι

262 1297 291 1356 ἑν
315 1298 391 1378 αὐτή,
415 1295 548 1376 ίερατικέν
571 1317 595 1356 τι
619 1295 816 1378 διαπράξασθαι
837 1302 856 1371 ή
880 1298 991 1358 ἀπατεῖν
1013 1300 1044 1358 το
1067 1297 1179 1359 σύνολον
1203 1299 1354 1377 ἀπἀῖιτής,
1385 1297 1464 1358 ἀλλά
1486 1299 1556 1358 καθ-

262 1415 335 1490 άπαξ
370 1417 536 1497 εὑρίσκεσθαι
571 1419 633 1491 τοὺς
668 1420 801 1498 τοιούτους
836 1419 1071 1500 ἐκκωλυσμένσυς,
1107 1420 1263 1498 ὀφείλοντος
1298 1421 1380 1494 μόνον
1410 1424 1457 1480 τοῦ
1487 1419 1557 1479 κατά

262 1539 370 1618 καιροὺς
396 1545 591 1621 πατριαρχικοῠ
618 1539 736 1622 ἐξάρχου
762 1542 861 1623 κρίνειν
888 1541 934 1602 καί
963 1544 1076 1623 θεωρεῖν
1102 1549 1191 1603 πάσαν
1215 1541 1397 1618 ἐμπίπτουσαν
1422 1541 1556 1616 ἐκκλησι-

263 1663 373 1736 αοτικὴν
400 1663 521 1722 ὑπόθεσιν
543 1660 590 1722 καὶ
613 1662 734 1743 διορθοῦν
755 1667 839 1724 ταῦτα
860 1670 1012 1737 κανονικῶς
1033 1662 1079 1724 καὶ
1102 1662 1226 1740 νομίμως
1254 1662 1302 1723 καὶ
1325 1666 1362 1735 ὡς
1385 1662 1464 1743 ρίλον
1492 1664 1557 1742 θεῷ.

262 1785 287 1844 οί
310 1785 340 1844 δέ
364 1785 454 1845 ἐκεῖσε
476 1785 597 1860 συνήθως
620 1785 803 1865 εὑρισκόμενοι
822 1771 978 1863 ψάλλοντες
999 1785 1081 1864 ἱερεῖς
1100 1787 1240 1866 ὑπάρχωσι
1254 1807 1301 1845 και
1317 1805 1390 1846 ουτοι
1404 1807 1443 1858 ως
1458 1805 1557 1866 πατρι-

263 1905 371 1986 αρχικοί
398 1907 537 1988 ἐλεύθεροι
563 1905 610 1968 καί
641 1907 872 1988 ἀκαταδοθλωτοι,
906 1909 943 1968 ἔτι
971 1907 1001 1968 δέ
1029 1907 1077 1968 καί
1105 1908 1281 1982 ἀναπαίτητοι
1310 1906 1357 1968 καί
1387 1905 1559 1980 ἀνεξέταστοι

261 2029 312 2090 ὑπὸ
341 2032 448 2090 πάντων
478 2036 531 2088 τῶν
563 2029 591 2090 ἐν
615 2025 671 2116 [τῇ]
694 2029 897 2110 Πελοποννήσῳ
928 2030 1145 2110 μητροπολιτῶν,
1176 2031 1322 2106 θπέκηνται
1353 2031 1384 2092 δέ
1407 2031 1492 2104 μένον
1515 2029 1560 2090 καί

262 2149 336 2211 αυτοὶ
362 2157 396 2231 τῇ
418 2153 497 2226 ήμῶν
525 2154 677 2232 μετριότητι
700 2151 807 2229 καὶτῷ
829 2151 900 2212 κατά
922 2152 1032 2231 καιροὺς
1053 2155 1208 2234 πατριάρχη
1230 2151 1278 2212 καί
1299 2151 1488 2234 πατριαρχικῷ
1513 2151 1560 2225 ἐξ·

263 2277 352 2354 άρχῳ,
375 2272 422 2332 καὶ
445 2275 509 2352 παρ’
523 2275 601 2334 αὺτοῦ
625 2273 817 2354 ἀνοικρίνωνται
839 2272 887 2333 καὶ
910 2270 1089 2346 ἐξετάζωνται
1111 2273 1234 2350 νομίμως
1253 2274 1299 2334 καὶ
1315 2279 1476 2346 κανονικιῖις.
1513 2275 1560 2349 τὴν

262 2395 293 2455 δέ
317 2394 472 2471 οἰκονομίαν
494 2393 541 2456 καί
564 2395 695 2472 διοίκησιν
717 2397 824 2456 πάντων
847 2391 912 2481 [τῶν
926 2391 1084 2482 κτημάτων]
1099 2401 1148 2474 τής
1161 2398 1285 2472 τοιαύτης
1301 2403 1388 2472 μονῆς
1404 2397 1457 2478 ἔχη
1474 2399 1559 2472 μένος
1612 2393 1613 2442 ἶ

262 2521 277 2576 ὁ
300 2517 370 2578 κατὰ
396 2518 506 2597 καιροὺς
528 2518 692 2597 ἡγούμενος,
723 2519 794 2590 ὅστις
816 2515 863 2578 καὶ
886 2516 990 2596 ἐρείλει
1013 2518 1177 2596 ἐκλέγεσθαι
1200 2519 1233 2578 ἐκ
1256 2519 1339 2594 μέσου
1361 2524 1411 2593 τῆς
1433 2517 1558 2596 ἀδελρό-

262 2661 342 2714 τητος
365 2639 411 2700 καὶ
435 2638 663 2700 ἀποκαθίστασθαι
684 2637 722 2710 εἰς
738 2640 787 2715 τήν
801 2640 976 2718 ἡγουμενίοιν.
1007 2641 1075 2719 προς
1089 2641 1192 2712 τούτοις
1208 2639 1249 2719 δέ,
1272 2641 1317 2700 ὅτε
1332 2639 1414 2720 χρεία
1429 2659 1559 2720 χειροτο-
1611 2647 1612 2730 γ

263 2761 322 2832 νίας
350 2765 495 2840 γενήσεται
524 2761 623 2838 αὐτοῖς,
654 2763 863 2841 προσκαλῶνται
886 2764 935 2822 ἕνα
957 2762 1090 2822 τινὰτῶν
1113 2761 1274 2842 ἀρχιερέων,
1306 2761 1335 2821 ἐν
1359 2765 1390 2820 ἀν
1415 2761 1559 2840 ἐθέλωσιν,

263 2884 417 2965 ορραγίζειν
443 2881 489 2944 καὶ
518 2887 682 2964 χειροτονεῖν
712 2879 889 2961 ἀναγνώστας
918 2881 965 2944 καὶ
995 2882 1187 2955 ὑποδιακόνους
1217 2881 1264 2942 καὶ
1294 2883 1492 2964 πρεσβυτέρους
1514 2882 1561 2943 καὶ

264 3009 351 3068 πάντα
381 3005 414 3065 τά
446 3005 622 3084 ἀρχιερατικὰ
654 3005 777 3066 ἐκτελεῖν
806 3003 893 3086 χωρὶς
922 3010 972 3081 τῆς
1000 3009 1047 3066 τοῦ
1070 3005 1142 3086 ἱεροῦ
1166 3005 1306 3084 συνθρθνου
1330 3004 1560 3084 ἐγκαθιδρὺσεως,

263 3129 384 3204 μηδενδς
407 3128 609 3202 ἐναντιουμένου
631 3125 693 3206 περὶ
714 3129 807 3188 τούτου
828 3131 846 3202 ή
870 3127 1059 3206 ἀντιλέγοντος
1082 3127 1111 3187 ἐν
1135 3127 1217 3208 ἀργίᾳ
1238 3125 1286 3186 καί
1309 3125 1459 3207 ἀρορισμῷ.
1501 3129 1562 3187 ὅθεν
1610 3185 1611 3188 ,

263 3249 310 3310 καὶ
333 3248 373 3322 εἰς
399 3250 448 3325 τήν
474 3248 536 3330 περὶ
563 3251 656 3311 τούτου
684 3249 805 3324 δήλωσιν
832 3246 878 3310 καί
902 3249 1054 3329 ἀσφάλειαν
1079 3249 1188 3326 ἐγένετο
1210 3247 1258 3308 καί
1279 3251 1310 3309 τ“ο
1331 3251 1417 3330 παρδν
1441 3251 1561 3328 οιγγιλι-

263 3371 336 3444 ῶδες
358 3365 490 3452 γράμμα,
507 3369 554 3431 καί
576 3371 693 3446 ἐπεδόθη
709 3377 742 3453 τῇ
759 3371 945 3455 διαλειρθείαη
961 3377 1031 3454 μονῇ
1051 3378 1101 3454 τῇς
1117 3371 1260 3451 Παναγίας
1275 3391 1327 3447 μου
1340 3375 1387 3432 τοῦ
1404 3369 1561 3450 Φιλοοθρου

263 3499 296 3574 τῇ
319 3499 502 3575 πατριαρχικῄ
528 3492 575 3554 καί
598 3499 819 3576 σταυροπηγιακῇ
841 3501 868 3566 †.

367 3647 384 3716 †
408 3643 460 3700 Ἐν
485 3643 551 3702 έτει
576 3641 683 3724 ,ςυοβ’
708 3641 788 3718 μηνὶ
813 3643 982 3720 αῖιγσίνστῳ
1006 3640 1064 3700 ἰνδ.
1087 3637 1110 3701 θ’
1134 3646 1161 3716 ή.

367 3769 383 3838 ’γ
410 3764 631 3842 Πολύευκτος,
664 3763 750 3842 ἐλέῳ
773 3764 849 3824 θεοῦ
872 3763 1136 3842 ἀρχιειτίσκοπσς
1159 3761 1561 3840 Κωνοταντινουπέλεως,

264 3887 354 3957 Νέας
376 3881 517 3964 Ῥώμης,
540 3883 595 3945 καί
620 3881 854 3960 οίκουμενικδς
876 3887 1085 3965 πατριάρχης
1108 3889 1134 3958 †.

367 4013 383 4084 †
407 4005 458 4067 Ἐν
483 4007 550 4066 ἐπει
575 4005 676 4089 ,ζρλθ
700 4005 810 4083 ίοννιίρ
834 4003 911 4083 μηνί
934 4003 993 4067 ίνδ.
1017 4005 1040 4077 ζ’
1064 4011 1090 4082 †.

367 4135 378 4204 1
418 4129 597 4208 Κθριλλος,
632 4129 720 4208 ἐλέῳ
753 4129 829 4188 θεοῦ
864 4125 1129 4209 ἀρχιεττίσκοπος
1165 4127 1560 4202 Κωνσταντινουπέλεως,

264 4254 353 4324 Νέας
377 4253 518 4332 Ῥώμης,
541 4250 597 4311 καί
620 4249 856 4326 οἰκουμενικδς
878 4253 1092 4331 πατριάρχης
1114 4255 1141 4326 ή.
1607 4317 1608 4352 1

368 4409 477 4462 Ibimus
493 4407 577 4461 edidit
593 4407 753 4473 Euthymios
770 4405 931 4460 Kastorches
948 4407 976 4458 in
991 4405 1074 4459 ίιθτοι
1097 4397 1164 4479 Περὶ
1179 4405 1229 4474 τῆς
1246 4397 1273 4458 ἐν
1286 4399 1455 4478 Δημητσάνῃ
1473 4397 1560 4472 ἑλλη-

262 4511 340 4581 νικῆς
364 4506 471 4582 σχολῆς
497 4503 543 4564 καὶ
566 4503 628 4584 περὶ
649 4509 702 4562 τῶν
724 4504 891 4582 καθιδρυτιῖιν
913 4501 960 4562 καὶ
983 4499 1096 4582 πράττων
1121 4504 1202 4577 αὐτῆς
1225 4499 1410 4561 διδασκάλων.
1444 4508 1559 4562 Athenis.

266 4617 358 4672 1847.
377 4617 478 4670 Iterum
495 4617 601 4670 Ludov.
621 4615 691 4670 Ηοοι
707 4617 735 4668 in
751 4615 970 4686 ephemeridibus,
987 4615 1084 4688 ηυίθιιτ
1101 4613 1211 4667 titulus:
1235 4612 1390 4678 „Hallische
1409 4613 1560 4668 Lieeratur·

262 4723 397 4794 geilunyffi
418 4724 508 4778 1849.
529 4721 688 4792 1.p.811.
