3240 5286
244 332 317 422 300.

244 551 389 631 ἀρεσκείας
419 550 626 626 ἐντεταλμένων
656 550 853 631 παραβῆναιῆ
886 549 1009 630 ἐφορείαν
1041 551 1114 622 όλως
1146 551 1173 610 ἐν
1204 553 1295 622 αῦτσῖς
1319 550 1507 625 ἐνθυμηθῆναι
1532 553 1550 622 ῆ

243 675 444 753 χαριστικιίριον
474 672 563 732 ἄλλον
588 672 725 749 ἐπιστῆσαι
747 675 765 746 ή
788 673 940 753 τρονσητὴν
964 672 1043 744 ἐκτός
1066 665 1104 730 ὧν
1128 671 1185 750 ἐγὼ
1208 673 1396 750 μνημονεύσω,
1429 674 1448 746 ῆ
1475 671 1548 730 ἀνα-

244 795 369 876 φοράνῆ
396 793 562 875 προχείρισιν
584 795 748 874 προστασίας
770 796 852 872 τινός,
884 791 987 875 (πάσης
1009 794 1063 874 γόιρ
1088 794 1237 870 ἐπισκοπῆς
1260 789 1413 873 όρθοδόξων
1437 792 1549 871 όφειλει

244 917 422 993 μνημονεύειν
445 917 459 975 ό
482 919 527 975 τοῦ
548 916 765 996 πτωχοτρσφείου
787 919 834 975 τοῦ
850 914 1080 995 Πανοικτίρμσνος
1099 915 1187 997 ναός),
1210 915 1376 994 καταραθείη
1393 915 1408 972 ό
1423 921 1549 986 τοιοῦτος

243 1033 296 1098 ἀπό
318 1039 381 1098 θεοῦ
403 1041 621 1119 παντοκράτορος
643 1039 691 1097 καί
714 1037 873 1118 ἐκριζωθείη
898 1033 928 1108 ἐξ
951 1033 1099 1116 ἀνθρώπων
1122 1039 1139 1112 ή
1164 1040 1258 1113 μνήμη
1283 1039 1362 1098 αύτοῦ
1384 1035 1432 1097 καί
1453 1057 1548 1096 κατα-

241 1159 325 1234 λάβοι
349 1160 427 1219 αύτθν
449 1160 547 1230 πένθος
570 1158 618 1218 καί
640 1157 699 1219 ούαὶ
714 1157 760 1218 καί
776 1159 984 1239 πραπορεύσοιτο
1003 1161 1081 1219 αὺτοῦ
1097 1159 1199 1238 θλίψις,
1222 1159 1270 1218 καὶ
1286 1157 1346 1234 δοίη
1363 1157 1436 1236 αὐτῷ
1451 1160 1547 1239 κύριος

243 1283 258 1340 ό
282 1281 344 1352 θεός
366 1281 411 1339 τόν
433 1281 533 1360 τρόμον
557 1285 602 1340 τοῦ
622 1280 702 1358 Κόϊν,
726 1279 774 1354 τὴν
797 1279 903 1358 λέπραν
926 1283 972 1339 τοῦ
988 1279 1078 1358 Γιεζῆ,
1101 1280 1150 1354 τήν
1174 1279 1296 1358 ἀγχόνην
1318 1281 1366 1340 τοῦ
1382 1277 1476 1340 Ἰούδα
1498 1277 1546 1338 καί

243 1400 383 1480 λογισθείη
414 1402 431 1474 ή
460 1401 538 1481 μερίς
565 1404 644 1462 αὺτοῦ
668 1401 727 1476 μετ’
742 1399 854 1461 ἐκείνων
875 1405 930 1459 τῶν
954 1399 1097 1460 εἰπόντων·
1130 1397 1193 1481 ἀρον
1218 1398 1292 1481 ἆρον,
1323 1403 1476 1480 σταύρωσον
1499 1403 1546 1460 τὀν

244 1527 289 1582 τοῦ
319 1523 382 1583 θεοῦ
411 1523 481 1583 υἱόν·
511 1522 558 1583 καί
582 1524 621 1598 μὴ
651 1521 704 1583 ίδοι
729 1523 771 1582 ἐπ’
785 1523 864 1582 αὐτθν
888 1523 917 1582 ἐν
949 1522 1024 1582 ἐλέει
1051 1525 1066 1582 ό
1095 1525 1261 1603 παντέφορος
1291 1523 1444 1602 όφθαλμός,
1477 1520 1545 1584 ἀλλ’
1601 1567 1602 1578 ,

245 1641 418 1723 ἐξαλειφθείη
443 1645 476 1704 ἐκ
497 1647 603 1724 γῆςτὸ
627 1645 797 1720 μνημόσυνον
820 1645 900 1705 αυτοῦ
922 1643 969 1705 καί
991 1645 1141 1725 κυριενθείη
1165 1647 1214 1705 ύπό
1235 1649 1344 1706 πάντων
1366 1653 1420 1705 τῶν
1437 1645 1545 1725 ἐχθρῶν
1601 1657 1602 1660 ’

180 1795 189 1810 ·
244 1767 333 1842 αῦτοῦ,
356 1765 403 1826 καί
426 1765 574 1842 ἀπαντήσοι
598 1765 671 1844 αύτῷ
695 1764 802 1838 αίιύνιος
825 1765 940 1846 τιμωρία
951 1767 980 1842 1).
1013 1767 1027 1826 ό
1051 1765 1082 1826 δέ
1103 1769 1159 1838 τοῖς
1173 1768 1237 1848 παρ’
1250 1768 1329 1842 ἡμῶν
1344 1768 1545 1841 τετυπωμένοις

244 1887 371 1963 ἐμμένων
399 1887 446 1948 καί
473 1889 560 1964 μηθέν
582 1909 607 1946 τι
634 1893 687 1947 τῶν
710 1888 807 1958 καλῶς
830 1889 895 1962 ήμῑν
919 1886 1102 1968 διωρισμένων
1123 1894 1290 1969 παρακινιῦν,
1322 1888 1401 1948 ἀλλὰ
1423 1889 1544 1965 στέργων

242 2013 307 2070 πᾶσι
328 2013 385 2081 τοῖς
409 2009 587 2087 δεδογμένοις
608 2007 654 2069 καὶ
677 2011 885 2088 τετοπωμένοις,
910 2009 1074 2087 εύλογηθείη
1098 2009 1112 2068 ό
1135 2013 1254 2081 τοιοῦτος
1274 2011 1323 2070 ύπό
1340 2010 1403 2069 θεοῦ
1418 2007 1465 2070 καί
1482 2010 1544 2068 ἐπι-

243 2128 361 2204 τεύξσιτο
384 2134 492 2192 πάντων
514 2138 568 2191 τῶν
591 2131 774 2207 καταθυμίων,
797 2134 905 2191 πόντων
927 2137 981 2190 τῶν
1006 2129 1049 2190 ἐπὶ
1073 2137 1126 2209 γῆς
1150 2131 1271 2211 ἀγαθῶν,
1294 2131 1407 2207 καὶτῆς
1424 2131 1545 2210 ἐπουρα-

244 2253 299 2313 νίου
330 2252 473 2329 βασιλείας
502 2255 608 2332 γένοιτο
638 2254 823 2332 κληρονόμος,
855 2254 893 2324 ὡς
921 2252 970 2326 τήν
994 2257 1039 2312 τσῦ
1070 2254 1132 2314 θεοῦ
1161 2253 1349 2332 κληρονομίαν
1378 2253 1545 2334 δια-τηρήσας

245 2374 447 2452 ἀδιαλύιβητον.
492 2378 552 2450 ήτις
575 2376 609 2450 δή
632 2375 803 2455 κληρονομία
827 2373 886 2434 σύτε
909 2376 960 2435 ύπό
983 2375 1130 2452 βασιλικῆς
1154 2371 1287 2454 ἐξουσίας,
1316 2373 1377 2434 οὔτε
1400 2375 1546 2449 σακελλης
1603 2427 1604 2438 ,

246 2495 392 2572 βασιλικῆς
415 2501 433 2570 ῆ
456 2502 654 2576 πατριαρχικῆς
676 2499 694 2570 ῆ
719 2497 811 2576 ἑτέρου
834 2497 961 2575 σεκρέτου
983 2501 1115 2571 κσσμικοῦ
1137 2517 1167 2555 τε
1189 2495 1236 2556 καὶ
1256 2496 1389 2575 ἱερατικοῦ
1404 2499 1422 2568 ῆ
1440 2515 1546 2574 μητρο-

244 2618 355 2688 πόλεως
377 2621 394 2690 ῆ
420 2617 568 2693 ἐπισκοπῆς
590 2622 607 2692 ῆ
632 2617 724 2693 όίλλης
746 2623 795 2693 τῆς
823 2617 929 2678 οίασοῦν
953 2618 1041 2696 &ssa
1071 2619 1273 2697 κυριευθήσεται
1295 2619 1313 2691 ῆ
1338 2617 1546 2696 ἀφαιρεθήσεται

244 2738 294 2799 τινὶ
316 2746 369 2798 τῶν
393 2740 517 2798 ἀπόντων
540 2741 558 2812 ῆ
581 2739 898 2817 λογοπραγηθήσεταιῆ
928 2739 1134 2818 ἐφοραθήσεται,
1162 2741 1200 2810 ὡς
1222 2739 1314 2818 πόρρω
1342 2741 1450 2797 πόντων
1474 2739 1547 2798 ἀπο-

246 2861 487 2936 διοπομπουμένων
512 2861 602 2938 αἰτῆς,
626 2861 664 2939 τῷ
686 2880 716 2919 τε
739 2865 791 2919 τῶν
814 2861 905 2934 νόμων
928 2862 1031 2940 κρσίτει,
1060 2859 1087 2919 οἳ
1108 2859 1252 2934 βούλονται
1274 2860 1323 2931 τὰς
1344 2865 1398 2918 τῶν
1423 2857 1544 2918 διατιθε-

246 2985 335 3058 μένων
364 2980 477 3061 γνώμας
507 2981 675 3061 πληροῦσθαι
707 2979 924 3060 ἀδιαλωβήτσυς,
956 2979 1002 3040 καί
1033 2987 1066 3062 τῆ
1096 2982 1219 3063 ήμετέρᾳ
1249 2979 1380 3055 βουλήσει
1409 2977 1457 3040 καί
1487 2985 1546 3051 ταῖς

245 3103 471 3184 φρικωδεστάταις
503 3103 591 3183 ἀραῖς,
621 3101 667 3163 καί
690 3101 729 3180 τῷ
752 3107 796 3162 τοῦ
826 3101 1031 3177 παντοθυνσίμου
1061 3103 1123 3162 θεοῦ
1155 3103 1273 3180 μεγάλῳ
1295 3101 1342 3161 καί
1365 3100 1545 3182 ύπερδυνόμηι

246 3225 367 3305 όνόματι,
396 3224 444 3285 καί
472 3230 505 3306 τῇ
536 3224 640 3284 ἐκεῖθεν
671 3224 846 3302 ἀπαραιτήτῳ
875 3225 972 3304 πληγῆ
999 3221 1099 3282 τεκαὶ
1127 3219 1250 3300 μοίστιγι·
1284 3220 1343 3282 ἐπεὶ
1367 3223 1431 3282 οῦδὲ
1453 3225 1545 3282 κανών

245 3367 285 3417 τις
308 3347 425 3425 εῦρηται,
458 3344 636 3405 ἀλλοιοῦσθαι
658 3349 676 3420 ῆ
699 3346 903 3424 παρακινεῖσθαι
931 3345 1005 3416 όλως
1028 3344 1236 3420 διαταττόμενος
1258 3345 1307 3416 τὰς
1330 3350 1383 3404 τῶν
1407 3345 1544 3424 κτητόρων

247 3463 391 3538 διατάξεις.

578 3637 614 3713 β’.
639 3637 719 3718 Περὶ
742 3644 933 3718 προνοητῶν
956 3637 1010 3698 καί
1034 3639 1212 3718 διαδόχων.

351 3829 465 3906 Ἐπειδὴ
494 3830 534 3910 δέ,
565 3833 656 3910 ὥσπερ
683 3837 732 3906 τῆς
761 3831 918 3911 ἐπουρανίου
941 3828 1024 3906 δόξης
1051 3829 1204 3910 λειτουργοὶ
1229 3826 1376 3908 ἀναλόγως
1399 3829 1473 3908 παρὰ
1495 3833 1540 3902 τῆς

247 3953 413 4032 τΡῑλθύόῦῦῦς
444 3953 572 4027 &emm
604 3951 752 4028 ἐπέστησαν
784 3954 897 4030 ἀνωθεν,
930 3952 997 4012 ούτω
1022 3951 1064 4012 δεῖ
1085 3949 1132 4021 καὶ
1147 3957 1204 4044 ιτῆς
1228 3951 1355 4022 εὐτελοῦς
1377 3951 1476 4024 ταύτης
1497 3947 1539 4008 καί

248 4075 394 4150 ἐγκοσμίον
424 4072 610 4152 κληρονομίας
640 4079 685 4133 τοῦ
716 4074 842 4150 μεγάλου
872 4075 934 4133 θεοῦ
965 4071 1011 4133 καί
1042 4079 1163 4152 σωτῆρος
1192 4075 1271 4147 ήμῶν
1298 4071 1475 4150 Ιλειτουργούς
1496 4068 1538 4128 καί

247 4197 436 4276 κληρονόμους
459 4195 671 4271 ἀμετακινήτσυς
695 4195 765 4270 μετὰ
788 4193 899 4274 ἰσχυρᾶς
922 4200 971 4272 τῆς
994 4189 1164 4266 δικαιώσεως
1186 4193 1233 4252 καί
1256 4193 1394 4271 ἀσφαλοῦς
1413 4197 1458 4252 τοῦ
1472 4211 1554 4282 προ-ἱ

247 4317 340 4392 νομίου
364 4317 503 4394 ἐπιστῆναι
526 4323 574 4394 τῆς
596 4317 782 4395 γνησιότητος,
808 4316 927 4392 ἐνίοτημι
951 4315 1021 4391 μετὰ
1043 4318 1088 4376 τόν
1110 4317 1199 4396 κύριον
1215 4316 1294 4389 ήμῶν
1310 4315 1414 4389 Ἰησοῦν
1431 4311 1536 4394 Χριστόν

247 4436 293 4499 καὶ
324 4440 386 4498 θεόν
416 4437 590 4520 κληρονόμον
618 4436 664 4496 καί
693 4437 783 4518 κύριον
806 4435 853 4497 καὶ
884 4437 1021 4512 διοικητὴν
1053 4436 1253 4516 ἀλογοθέτητον
1276 4433 1322 4495 καί
1344 4439 1410 4495 πᾶσι
1439 4435 1535 4514 τρόποις

354 4699 372 4764 ¹)
391 4701 467 4761 Quae
485 4703 642 4764 sequuntur,
661 4697 855 4748 inscribuntur:
875 4693 935 4764 εὐχή
956 4696 1003 4745 τῶν
1023 4695 1055 4764 μή
1075 4695 1213 4762 παραβῆναι
1231 4693 1414 4762 τολμησάντων.
