3246 5288
263 302 330 367 410

264 496 393 575 μεγάλης
415 501 632 576 τεσσαρακοστῆς
655 497 739 567 οθτως
755 497 815 570 ίνμῖν
835 495 964 556 ἁνυέσθω.
995 499 1051 567 τοῖς
1065 495 1098 556 δὲ
1113 494 1263 570 σαββάτοις
1276 501 1342 554 πᾶσι
1357 492 1405 554 καί
1418 495 1559 572 κυριακτὰς
1601 552 1602 618 γ

264 624 313 693 τῆς
343 619 426 694 αθτῆς
455 617 536 697 ἁγίας
565 617 691 694 νηστείας
712 616 773 698 τρία
794 619 1032 698 παρατιθέσθωσαν
1055 618 1116 693 ὑμῖν
1140 617 1278 692 ἐδέσματα
1301 615 1471 696 μαγειρευτὰ
1495 635 1559 690 μετ-

264 741 365 818 έχοντα
387 738 575 818 σισαμελαίου,
599 737 716 800 διδόσθω
728 736 749 820 Ι)
766 739 798 798 δὲ
813 737 861 799 καὶ
876 737 916 810 είς
930 742 1007 799 πόσιν
1023 739 1095 799 οἴνου
1109 740 1140 798 τό
1163 739 1275 816 σύνηθες
1296 739 1495 817 κρασοβόλιον,
1517 737 1561 796 καὶ

264 860 421 937 δειπνητέον
444 859 473 918 ἐν
495 861 615 942 ταύταις,
645 861 683 931 ώς
707 861 768 930 έθος
799 858 855 919 ἐστὶ
875 867 909 941 τή
933 867 1013 942 μονῇ.
1058 858 1105 920 καί
1128 865 1161 941 τῆ
1182 859 1292 940 τετράδι
1313 858 1361 920 καί
1381 861 1496 940 πέμπτη
1518 863 1561 918 τοῦ

263 981 390 1060 μεγάλου
412 983 527 1054 κανόνος
551 979 659 1042 δείπνου
681 982 777 1062 χωρίς,
800 986 833 1063 ιῆ
854 981 886 1042 δὲ
908 987 1067 1064 παρασκευῇ
1089 981 1283 1061 παρακλητέον
1306 983 1369 1054 τους
1391 982 1503 1058 ψάλτας
1519 981 1562 1040 διὰ

263 1105 312 1180 τῆν
337 1106 502 1184 Ἀκὰθιστον,
532 1108 592 1178 ταῖς
615 1105 646 1164 δὲ
668 1103 769 1183 τρίταις
790 1105 838 1164 καὶ
860 1105 995 1180 πέμπταις
1016 1111 1066 1180 τῆς
1089 1104 1170 1182 ἁγίας
1196 1109 1418 1183 τεσσαρακοστῆς
1439 1103 1561 1164 ἔστωσαν

262 1227 360 1298 οίιτως·
392 1227 466 1306 ρὰβα
488 1226 523 1286 τόι
552 1225 620 1306 ἑρθὰ
641 1225 688 1287 καί
718 1227 840 1301 ἁλμαίαν
863 1225 909 1288 καὶ
940 1222 1051 1307 ὀπώρας
1072 1224 1119 1286 καί
1148 1227 1229 1286 ποτόν
1258 1228 1362 1302 ἕψημα.
1407 1224 1455 1286 καί
1478 1229 1561 1285 ταῖτα

263 1347 314 1424 μὲν
336 1349 393 1420 τοῖς
417 1348 581 1428 ἐρρωμένοις
603 1347 638 1408 τὰ
660 1351 786 1428 σώματα,
809 1351 865 1420 τοῖς
888 1348 918 1408 δέ
940 1369 974 1428 γε
996 1349 1200 1430 ἀσθενεστέροις
1221 1349 1344 1426 γενέσθω
1368 1348 1467 1424 ἑψητόν
1492 1347 1561 1422 μετὰ

262 1469 440 1546 σισαμελαίου
461 1469 509 1530 καὶ
532 1468 636 1550 ἐλαίου,
660 1469 731 1532 οἴνου
753 1472 783 1530 τέ
799 1493 866 1550 φημι
882 1472 921 1532 ἔτι
937 1471 1006 1546 μετὰ
1025 1475 1072 1532 τοῦ
1093 1472 1221 1546 συνήθους
1243 1469 1437 1551 κρασοβολίου.
1467 1468 1559 1528 τεθεί-

261 1613 351 1652 τωσαν
379 1593 410 1652 δὲ
434 1593 518 1676 ἐνκῆ
547 1593 597 1674 μιᾷ
626 1595 756 1675 τραπέζῃ,
786 1593 836 1664 τὰς
859 1593 890 1654 δὲ
922 1593 1050 1674 δευτέρας
1076 1591 1123 1652 καὶ
1152 1592 1284 1672 τετράδας
1306 1591 1354 1651 καὶ
1384 1589 1560 1670 παρασκευάς

261 1712 356 1774 οὔκουν
378 1713 448 1790 ὑμᾶς
471 1719 648 1797 μαγειρευτσῦ
663 1737 745 1795 τινος,
768 1714 829 1776 οὔτε
845 1715 916 1776 οἴνου
939 1715 1141 1794 μεταληπτέον,
1163 1713 1261 1790 σίλλ’θΙ
1284 1715 1367 1789 μόνον
1383 1715 1498 1788 κυάμων
1515 1711 1560 1772 καί

260 1856 339 1896 τινων
362 1842 466 1917 μικρῶν
489 1837 613 1920 όπωρῶν,
637 1837 713 1918 εἴπερ
736 1835 796 1918 είσί,
825 1837 871 1898 καί
890 1838 1023 1916 λαχάνων
1046 1838 1130 1911 ὠμῶν
1152 1835 1199 1895 καὶ
1220 1839 1268 1896 τοῦ
1290 1839 1437 1910 κυμινατοῖι
1458 1836 1559 1913 θερμοῦ

211 1969 213 1980 “
259 1958 371 2031 θδατος·
395 1962 428 2018 ἂν
444 1959 476 2018 δέ
498 1960 598 2020 τούτων
621 1959 671 2036 μία
692 1961 762 2040 τύχῃ
784 1965 818 2041 τῆ
842 1960 968 2042 μνήμηθ)
991 1957 1154 2038 συνδραμεῖν
1175 1965 1225 2034 τῆς
1247 1957 1381 2036 εὑρέσεως
1395 1963 1445 2032 τῆς
1468 1955 1559 2030 τιμίας

260 2082 385 2161 κεφαλῆς
399 2085 446 2142 τοῦ
458 2081 618 2162 Προδρόμου
634 2085 651 2156 ή
666 2087 720 2142 τῶν
736 2079 821 2160 ἁγίων
832 2077 1054 2161 Τεσσαρὰκοντα,
1070 2081 1238 2140 καταλυτέον
1253 2078 1301 2140 καὶ
1315 2076 1399 2160 τρισίν
1415 2078 1558 2153 ἐδέσμασιν

262 2203 357 2263 ἐλαίου
380 2204 509 2281 μετόχοις
533 2205 670 2264 έστιατέον
692 2201 739 2264 καί
755 2203 826 2264 οἴνου
849 2203 1041 2280 μεταληπτέον
1063 2201 1101 2280 τῷ
1117 2204 1225 2278 συνήθει
1247 2203 1431 2281 μετρουμένου
1453 2221 1557 2280 κραοο-

260 2325 358 2404 βολίῳ,
382 2324 481 2403 ίχθὺων
505 2325 537 2386 δέ
560 2325 603 2386 οὔ·
628 2327 657 2386 ἐν
673 2325 724 2408 μιᾷ
740 2323 771 2384 δὲ
786 2331 839 2385 τῶν
858 2331 908 2401 τῆς
930 2327 1040 2404 πρώτης
1063 2323 1220 2398 ἑβδομάδος
1241 2325 1354 2402 ἡμερῶν
1377 2324 1442 2400 μίαν
1457 2324 1558 2382 τούτων

258 2447 396 2526 ρθάσασαν
418 2447 580 2524 τελεσθῆναι
604 2449 714 2528 ἑορτῶν,
737 2449 864 2524 τιμητέον
886 2445 934 2508 καὶ
955 2447 1149 2528 παρακλητέον
1172 2449 1253 2526 ὑμᾶς,
1276 2447 1307 2506 οίι
1326 2445 1400 2505 κατόι
1420 2440 1471 2518 τόις
1486 2467 1556 2524 προ-

258 2569 408 2647 λεχθείσας
434 2571 551 2648 ἡμέρας,
582 2570 680 2645 ἀλλ’ἢ
704 2572 779 2649 μόνῳ
802 2569 866 2649 οἴνῳ
888 2569 927 2648 τῷ
950 2568 994 2628 διὰ
1016 2572 1062 2629 τοῦ
1085 2569 1213 2643 συνήθους
1244 2563 1354 2645 ἑξαγίου
1376 2565 1425 2628 καί
1447 2568 1555 2648 γροὰιῃ.

256 2690 306 2763 τὰς
329 2691 422 2763 ἄλλος
444 2691 530 2751 τοίνυν
552 2694 642 2762 πάσας
664 2694 772 2773 ἡμέρας
794 2698 843 2768 τῆς
859 2693 941 2771 ἁγίας
962 2697 1183 2771 τεσσαρακοστῆς
1198 2693 1247 2751 σίνκ
1263 2687 1366 2763 ἔξεστιν
1382 2691 1445 2766 ὑμῖν
1461 2688 1554 2768 ἰχθυο-

258 2819 379 2891 ραγῆσαι
401 2815 431 2873 τ“ο
455 2814 580 2892 σίινολον,
611 2813 635 2874 εἴ
658 2818 696 2890 μή
719 2836 770 2875 που
792 2815 965 2895 παράκλησις
987 2814 1052 2886 ἴσως
1072 2815 1183 2894 πεμρθῆ
1205 2816 1279 2892 παρά
1301 2833 1388 2884 τινος·
1417 2815 1481 2872 τότε
1504 2812 1556 2890 γὰρ

256 2933 303 2993 καὶ
326 2939 402 2996 τοῦτο
425 2936 593 2995 καταλυτέον
609 2936 654 2996 διὰ
669 2937 717 3014 τήν
738 2934 878 3018 διάκρισιν,
900 2937 945 2996 ἴνα
960 2938 1031 3013 μήτε
1053 2940 1181 3015 φανῶμεν
1196 2937 1252 3005 τοῖς
1274 2934 1427 3014 ἀνθρώποις
1443 2934 1555 3010 νηστεί-

257 3076 343 3137 οντες,
374 3059 414 3134 μή
436 3078 488 3118 που
509 3057 575 3131 ἴσως
596 3057 644 3118 καὶ
666 3059 745 3118 αὺιόν
767 3059 813 3118 τόν
835 3057 1048 3138 παρακαλοῦντα
1070 3057 1237 3132 λιπήσωμεν
1261 3055 1290 3114 ἐν
1311 3056 1396 3138 τοώτη
1418 3060 1453 3135 τῆ
1477 3055 1555 3129 βαίο-

257 3181 330 3258 τίεν
352 3180 445 3261 ἡνέτε
466 3183 556 3258 ναὸν·

363 3297 405 3360 ιε’.
430 3301 489 3378 Τῆς
510 3301 642 3381 λαμπράς
666 3300 762 3361 δὲκαὶ
786 3300 869 3380 ἁγίας
891 3301 987 3380 ἑορτῆς
1010 3299 1141 3374 ἐνστάσης
1163 3303 1245 3375 ήτής
1266 3300 1348 3376 ἁγίας
1362 3295 1410 3357 καί
1425 3297 1556 3377 σωτηρίου

257 3423 354 3501 ἑορτῆς
376 3426 422 3481 τοῦ
438 3421 650 3501 Εὺαγγελισμοῠ
669 3425 806 3504 λαμπρῶς
830 3423 987 3503 έορταστέον
1004 3422 1034 3480 ἐν
1051 3421 1194 3500 ἑκατέραις
1210 3419 1250 3490 είς
1265 3419 1377 3496 δύναμιν
1393 3417 1442 3479 καί
1458 3417 1556 3498 ίχθόων

258 3542 450 3619 μεταληπτέον
474 3542 580 3602 οἴκοθεν
603 3544 796 3621 όψωνισμένων
818 3543 865 3604 καί
880 3543 952 3604 οἴνου
967 3545 1065 3604 ποτέον
1082 3543 1127 3602 διὰ
1141 3546 1187 3602 τοῦ
1210 3543 1339 3616 συνήθους
1358 3541 1555 3622 κρασοβσλίου.

260 3661 505 3742 ἴχθυοραγήσωμεν
529 3663 561 3724 δὲ
584 3665 613 3724 ἐν
636 3672 668 3747 τῆ
691 3665 757 3747 ἁγίᾳ
786 3666 868 3746 ταύτῃ
900 3666 980 3747 ἑορτή
1004 3660 1071 3750 [τοῦ]
1080 3665 1105 3741 ³)
1128 3663 1349 3742 Ευαγγελισμοῡ,
1379 3663 1419 3736 ώς
1442 3663 1556 3742 εἴρηται,

257 3789 289 3844 ἁν
314 3785 351 3860 μὴ
375 3792 408 3868 τῇ
431 3785 497 3866 ἁγίᾳ
519 3783 566 3846 καί
589 3786 702 3868 μεγάλη
725 3785 860 3862 ἑβδομάδι
883 3787 1037 3868 συνδράμῃ·
1059 3788 1121 3845 τότε
1143 3785 1197 3865 γὰρ
1220 3785 1355 3863 λαχάνοις
1369 3782 1417 3844 καὶ
1437 3785 1556 3864 ὀσπρίοις

261 3909 450 3988 μαγειρευτοίς
471 3905 518 3967 καί
541 3911 671 3984 μετόχοις
702 3906 796 3967 ἐλαίου
830 3908 911 3982 μόνου
920 3907 943 3988 ί)
969 3908 1130 3987 χρησόμεθα
1153 3905 1198 3966 διὰ
1220 3907 1268 3981 τήν
1290 3907 1396 3986 ἑορτήν,
1428 3904 1489 3966 ἐπεὶ
1511 3907 1557 3978 τὰς

255 4031 327 4109 τρεῖς
349 4031 455 4110 ῆμέρας
478 4029 577 4104 ταύτης
591 4034 640 4105 τῆς
657 4027 821 4108 ἑβδομάδος,
843 4029 929 4107 ήγουν
953 4029 1081 4110 δευτέραν
1097 4027 1144 4088 καί
1158 4028 1249 4108 τρίτην
1263 4026 1311 4088 καὶ
1325 4029 1445 4108 τετράδα
1462 4029 1557 4104 ἐπίσης

255 4154 315 4222 ταῖς
336 4156 390 4212 τῶν
412 4153 517 4212 λοιπῶν
541 4151 704 4226 έβδομαδῶν
727 4149 1027 4232 τετραδοπαρασκευαῖς
1050 4151 1234 4230 διακονητέον,
1257 4149 1377 4230 όσπρίοις
1390 4169 1422 4210 τε
1437 4149 1485 4210 καί
1500 4151 1556 4210 λα-

254 4276 351 4353 χάνοις
373 4274 460 4350 ὠμοῖς
482 4271 528 4332 καὶ
558 4266 677 4351 ὀπώραις
699 4277 759 4345 ταῖς
787 4273 1006 4352 παρατυχοίισαις
1037 4273 1221 4352 ἀρκουμένους
1243 4269 1289 4332 καί
1311 4269 1350 4350 τῷ
1374 4270 1419 4331 διὰ
1443 4271 1556 4347 μέλιτος

252 4395 300 4456 καὶ
322 4398 466 4470 κυμινὰτου
489 4395 589 4474 θερμοῦ
611 4393 719 4466 θδατος.
751 4392 776 4453 εἴ
798 4393 830 4454 δὲ
851 4396 869 4468 ή
892 4394 1102 4476 προδηλωθείσα
1125 4393 1192 4472 ἁγία
1215 4393 1280 4468 αίπη
1298 4393 1378 4473 ἑορτή
1394 4397 1442 4453 τοῦ
1458 4395 1556 4472 Εὔαγ-

363 4655 382 4720 ¹)
396 4653 513 4704 δίδοσθαι.
586 4651 607 4716 ²)
621 4649 663 4716 τήν
675 4651 811 4722 μνήμηνΕ.
883 4653 1117 4720 ³)Supplovimus.
1188 4653 1209 4718 ⁴)
1221 4651 1340 4721 μετόχους
1354 4649 1431 4720 ἐλαίῳ
1445 4649 1511 4720 μόνῳ
1523 4651 1553 4702 Ε.
