3166 5298
250 350 293 414 94

251 541 290 614 είς
319 545 397 602 τοῦτο
427 539 591 622 περιλήψεις
619 545 673 600 τῶν
704 543 857 621 προσόντων
887 540 954 621 σιδτῄ
987 539 1166 618 παλαιγενῶν
1188 539 1322 620 διαφόρων
1344 539 1539 614 δικαιωμάτων,
1569 521 1570 526 ¹

250 665 312 724 ὅθεν
342 661 389 724 καὶ
418 669 452 745 τῇ
481 661 551 741 ἰσχθι
573 661 619 722 καὶ
642 668 675 744 τῇ
699 661 810 738 δυνάμει
832 665 879 724 τοῦ
900 663 1035 740 παρόντος
1057 662 1264 742 χρυοσβοίιλλου
1286 661 1373 742 λόγου
1394 667 1446 736 τῆς
1469 661 1539 734 βασι-

250 785 330 857 λείας
361 805 412 861 μου
441 780 553 857 καθέξει
578 781 627 843 καί
651 784 835 859 νεμηθήσεται
861 784 879 858 ἡ
908 781 1066 859 δηλωθεῖσα
1096 782 1232 858 σεβασμία
1260 783 1330 858 μονὴ
1353 787 1440 844 ταῦτα
1461 783 1539 841 πάντα

251 907 330 979 έκτδς
352 909 440 983 πάσης
462 903 509 965 καί
530 903 660 974 παντοίας
682 903 853 980 δημοσιακῆς
876 903 1006 984 ἐπηρείας
1020 901 1068 963 καὶ
1082 903 1253 978 ουζητήσεως
1266 901 1314 964 καί
1330 904 1427 984 ἑτέρας
1443 904 1540 977 ἁπάσης

249 1029 469 1106 διενοχλήοεως·
504 1026 564 1088 οὔτε
594 1027 648 1108 γὰρ
676 1027 707 1086 τδ
737 1032 787 1102 τῆς
818 1025 957 1106 σιταρκίας
985 1023 1137 1106 κεφάλαιον
1168 1021 1381 1102 ἀπαιιηθησεται
1412 1024 1467 1084 ἀπδ
1495 1029 1540 1082 τῶν

249 1153 396 1226 κτημάτων
428 1149 520 1230 αὑτῆς,
554 1147 615 1210 οίίτε
641 1150 672 1208 τδ
698 1154 748 1222 τῆς
775 1147 868 1228 δρικῆς
895 1146 941 1206 καί
969 1152 1018 1222 τῆς
1046 1147 1253 1228 καστροκτισίας
1275 1145 1390 1207 καὶτοῦ
1414 1145 1540 1222 έννομίου,

249 1271 328 1330 ἀλλὰ
350 1270 576 1352 συντηρηθίγσεται
602 1267 649 1329 καί
673 1269 726 1328 ἀπδ
748 1269 848 1328 τοίιτιυν
872 1267 1061 1346 άνενόχλητος
1082 1269 1169 1342 πάντη
1190 1265 1239 1326 καὶ
1261 1267 1455 1345 οἰνοπταίτητος,
1485 1287 1540 1325 συν·

248 1393 430 1472 τηρηθόσεται
461 1389 491 1450 δὲ
527 1390 655 1462 ὡοαίιιως
684 1388 872 1467 άντνόχλητος
900 1387 947 1448 καί
977 1389 1031 1448 ἀπό
1060 1392 1107 1450 τοῦ
1128 1389 1200 1448 κατὰ
1220 1389 1332 1469 καιροὺς
1355 1389 1540 1470 εὑρισκομένου

249 1512 412 1594 ἀρχιερέως,
434 1510 580 1592 ίερωτάτου
603 1510 803 1592 μητροπολίτου
818 1511 939 1591 Σερρῶν,
962 1510 1037 1585 πλὴν
1060 1511 1141 1586 μόνον
1164 1513 1209 1570 τοῦ
1232 1511 1362 1585 συνήθους
1377 1511 1540 1586 μνημοσίνου

250 1635 330 1694 οτύτοϋ
359 1631 406 1693 καὶ
438 1637 483 1692 τοῦ
513 1634 681 1711 τεταγμένου
712 1635 868 1711 κακονικσῦ,
898 1628 946 1690 καὶ
974 1630 1019 1691 ἵνα
1046 1629 1124 1690 οῦδὲν
1148 1631 1201 1712 ἔχῃ
1224 1631 1239 1690 δ
1261 1635 1381 1703 τοιοῦτος
1403 1631 1541 1713 ἀρχιερεὺς

248 1755 344 1815 άδειαν
368 1755 550 1816 ἀποκαθιστᾶν
575 1756 745 1833 ἡγουμένους
769 1752 808 1828 εἰς
829 1757 878 1830 τὴν
901 1754 1025 1828 τοιαύτην
1049 1753 1135 1830 μονὴν
1157 1756 1175 1826 ἡ
1200 1753 1284 1813 πάλιν
1308 1749 1420 1832 ἐξάγειν
1446 1754 1540 1828 αὐτσίς,
1569 1753 1570 1756 ’

249 1873 327 1936 ἀλλὰ
357 1877 372 1935 ό
403 1876 518 1951 μέλλων
550 1871 719 1957 εὑρίσκεσθαι
746 1873 786 1947 εἰς
812 1875 861 1952 τὴν
883 1875 1066 1956 ἡγουμενείαν
1089 1876 1169 1946 αὺτδς
1191 1873 1342 1953 έκλέγηται
1350 1873 1374 1956 ¹)
1396 1873 1474 1955 παρά
1494 1877 1540 1932 τῶν

249 2003 380 2075 μοναχῶν
403 1999 486 2072 αὐτῆς
508 1995 556 2057 καί
583 1997 787 2072 ἀποστέλληται
810 1995 850 2068 είς
871 1997 917 2056 τὀν
939 1997 1011 2056 κατὰ
1033 1998 1127 2076 καιρόν
1148 1991 1355 2074 παναγιιίιτατον
1374 1997 1540 2075 πατριάρχην

247 2115 296 2178 καί
322 2117 497 2198 σρραγίζηται
523 2119 587 2198 παρ’
600 2119 679 2178 αἶνιοῦ
709 2117 756 2178 καὶ
782 2120 909 2194 τάσσηται
937 2117 977 2191 εἰς
1006 2120 1055 2193 τὴν
1082 2116 1264 2196 ἡγουμενείαν
1288 2117 1384 2191 αῐιιῆς·
1418 2117 1541 2191 βσὺλετσι

247 2239 302 2319 γὰρ
325 2240 343 2314 ἡ
367 2239 495 2313 βασιλεία
519 2261 570 2316 μου
592 2239 639 2299 καὶ
654 2240 774 2312 θεσπίζει
788 2239 986 2321 πατρισρχικὴν
1006 2236 1075 2301 τίνοι
1091 2241 1138 2314 τὴν
1153 2240 1277 2313 τοιαίιιην
1293 2237 1447 2313 σεβασμίαν
1464 2235 1541 2312 μονὴν

247 2367 294 2420 τοῦ
315 2359 402 2436 τιμίου
424 2363 559 2442 προφήτου
584 2361 755 2442 Προδρόμου.
778 2363 871 2422 τούτου
893 2365 973 2442 χάριν
997 2361 1107 2440 ἐγένετο
1132 2360 1197 2443 αυτῄ
1220 2358 1266 2422 καί
1288 2361 1304 2420 ὁ
1325 2359 1422 2440 παρὼν
1445 2359 1540 2438 χρυσό-

252 2481 374 2556 βουλλος
396 2482 483 2562 λόγος
505 2487 555 2558 τῆς
578 2482 719 2557 βασιλείας
743 2502 804 2563 μου,
832 2481 978 2554 ἀπολυθείς
1000 2482 1072 2542 κατὰ
1094 2487 1168 2558 μῆνα
1190 2480 1311 2540 ἰοὺνιον
1333 2486 1392 2556 τῆς
1416 2481 1540 2540 ένιστα-
1569 2527 1570 2532 ,

250 2603 353 2678 μένης
375 2605 540 2683 τετάρτης
564 2601 709 2663 ίνδίκτου
732 2606 788 2663 τοῦ
808 2601 1103 2681 έξακισχιλισοτοϋ
1119 2603 1378 2663 όκτακοσιοστσϋ
1394 2600 1541 2662 εἰκοστοῦ
1569 2663 1570 2678 ἢ

249 2723 386 2784 ἐννάτου
414 2724 518 2804 ἔτους,
550 2718 626 2804 ἐνῷ
647 2721 694 2784 καί
716 2725 746 2784 τδ
768 2725 902 2805 ἡμέτερον
926 2723 1037 2800 εθσεβές
1058 2722 1105 2784 καὶ
1127 2722 1331 2804 θεοπρόβλητσν
1353 2723 1540 2799 ὑπεοημήνοιο
1569 2765 1570 2784 ι

247 2847 347 2926 κράτος
369 2849 394 2922 †.
1569 2915 1570 2930 ἶ

353 2959 477 3044 ’γΕίχε
508 2964 564 3026 καὶ
596 2965 635 3026 δι’
653 2965 798 3046 ἐρυθρῶν
824 2969 1030 3046 γραμμάτων
1057 2971 1114 3042 τῆς
1142 2966 1322 3042 βασιλικῆς
1349 2967 1468 3046 χειρδς
1493 2963 1538 3024 τό·
1569 3041 1570 3046 ¹

250 3085 460 3168 Ἀνδρόνικος
483 3087 516 3146 ἐν
532 3087 663 3168 Χριστῷ
684 3085 728 3167 τῷ
750 3086 815 3166 θεῷ
836 3089 952 3160 πιστδς
975 3087 1134 3163 βασιλεὺς
1156 3085 1211 3148 καὶ
1234 3088 1452 3168 αὐτοκράτωρ
1468 3087 1538 3144 Ῥω-

249 3208 354 3284 μαίων
377 3209 391 3266 ό
416 3209 656 3289 ίίαλαιολόγος
678 3215 708 3287 †.

353 3333 454 3391 Saum
470 3337 493 3390 1.
507 3353 539 3406 p.
558 3339 739 3391 215-218.

535 3601 576 3667 V.
600 3599 828 3686 6829-1321‚
851 3625 963 3669 mense
986 3607 1084 3690 iunio,
1107 3603 1173 3669 ind.
1197 3603 1255 3670 IV.

248 3769 402 3840 Imperator
417 3769 588 3824 Andronicus
605 3769 645 3822 ΙΙ.
665 3769 844 3842 Ραίαοοίοριισ
864 3772 963 3826 iterum
978 3772 1117 3841 confirmat
1127 3773 1309 3841 possessiones
1324 3779 1350 3826 et
1365 3773 1539 3826 immunitates

813 3877 977 3931 monasterii.

351 4063 368 4136 †
383 4055 462 4118 Ἐπεὶ
476 4057 681 4138 όπεριπόθητος
696 4059 770 4134 θεῖος
784 4065 834 4134 τῆς
846 4058 989 4134 βασιλείας
1005 4079 1066 4140 μου,
1082 4060 1097 4119 δ
1110 4059 1281 4138 ὑψηλότατος
1295 4059 1405 4140 κράλης
1418 4059 1538 4142 Σερβίας,

248 4177 295 4239 καί
316 4181 335 4253 ἡ
357 4181 536 4260 περιπόθητος
559 4179 618 4240 θεία
640 4186 690 4255 τῆς
713 4181 858 4256 βασιλείας
881 4201 943 4260 μου,
966 4183 984 4256 ἡ
1005 4179 1162 4259 ὑψηλοτάτη
1179 4183 1316 4262 κράλαινα
1330 4181 1460 4263 Σερβίας,
1483 4182 1537 4242 δισ-

250 4302 435 4376 μηνυοάμενοι
456 4301 524 4381 πρδς
546 4301 592 4360 τδν
615 4301 692 4379 ἅγιόν
715 4321 767 4378 μου
789 4303 918 4378 αὺθέντην
940 4299 987 4362 καὶ
1010 4301 1128 4377 βασιλέα
1149 4303 1195 4364 τδν
1214 4305 1324 4364 πάππον
1338 4309 1388 4379 τῆς
1404 4301 1538 4380 βασιλείας

247 4441 299 4498 μου
320 4419 368 4482 καί
391 4419 537 4498 δεξάμενοι
558 4421 766 4503 χρυσόβουλλον
788 4421 850 4504 περὶ
872 4429 921 4498 τῆς
944 4421 984 4494 εἰς
1005 4423 1054 4496 τάς
1069 4425 1175 4505 Σέρρας
1195 4423 1224 4483 έν
1244 4423 1282 4502 τῷ
1305 4424 1363 4504 ὄρει
1377 4429 1424 4486 τοῦ
1442 4427 1536 4486 Μενοι-

352 4681 371 4748 ¹)
390 4677 514 4748 ἐκλέγεται
533 4679 557 4731 Β.
