3194 5298
271 340 333 404 156

269 537 397 613 ἑαυτὴνί)
421 536 538 596 ἐκαίνισε
560 539 679 616 πάντως,
703 538 790 618 ἀρχὴν
815 538 883 596 σῦτω
906 538 1028 612 λαβόντα
1050 539 1203 614 καλλίστην
1226 541 1292 619 προς
1313 543 1359 601 τον
1385 539 1453 616 ἑξῆς
1475 543 1555 601 ἔπειτα

267 662 367 739 χρόνον
390 658 521 740 ἐνεργῆῖ)
545 659 711 718 δείκνυσθαι·
741 659 810 720 οθτω
832 661 904 719 πολὺ
926 663 1059 721 πάντοθεν
1084 663 1142 740 ἔχει
1165 665 1196 720 τ“ο
1219 663 1311 722 πεῖθον
1335 664 1402 738 αῦτη
1427 663 1474 722 καί
1497 685 1555 722 κατ-

269 783 422 861 αναγκάζον
445 780 577 859 είίλογσν·
600 783 629 840 τ“ο
652 781 706 860 γὰρ
729 782 763 856 δὴ
786 782 858 840 κατὰ
879 783 927 857 τἠν
948 783 1157 858 Πελοπόννησον
1178 781 1346 864 περιώνυμον
1368 787 1434 844 ἄστυ
1451 787 1554 860 Μονεμ-

268 903 365 980 βασίας
393 897 449 964 ἐστὶ
476 904 527 980 μέν
554 905 592 975 ὡς
620 904 734 979 ἀληθῶς
760 910 813 963 τῶν
841 907 901 964 κατ’
915 907 997 980 αὐτὴν
1025 905 1058 980 δὴ
1086 909 1195 966 πάντων
1203 905 1228 990 ¹)
1257 907 1355 987 μακρῷ
1376 910 1498 989 προέχον
1518 909 1555 966 καὶ

267 1027 300 1085 τά
323 1033 417 1108 πρῶτα
440 1026 474 1102 δὴ
498 1033 589 1105 σαφῶς
612 1028 737 1086 ἁπάντων
760 1029 918 1107 φερόμενον,
942 1031 980 1100 ὡς
1004 1029 1110 1104 μηδένα
1133 1028 1229 1105 μηδενὶ
1252 1037 1305 1089 τῶν
1321 1032 1405 1111 ταύτῃ
1420 1053 1455 1110 γε
1471 1031 1554 1090 ἀλλων

267 1146 345 1231 άλλη
371 1151 479 1208 πάντων
505 1151 592 1223 πάντη
620 1147 778 1208 καλλίστων
807 1148 947 1224 ἐπιδήλως
975 1151 1128 1231 ἐναρίθμιον
1156 1149 1202 1210 καί
1226 1151 1264 1228 μὴ
1286 1151 1403 1212 πολλῶν
1426 1153 1555 1213 λείπεσθαι

269 1268 472 1353 ξυγχωροῦνί)Ι
504 1271 565 1330 νέον
590 1270 640 1345 μέν
665 1270 791 1342 ἐπιεικῶς
814 1271 901 1345 ὄνομα
922 1269 970 1330 καί
991 1273 1077 1342 κλέος
1099 1271 1145 1332 καὶ
1168 1274 1199 1333 οῦ
1220 1275 1358 1353 πόρρωθεν
1381 1281 1436 1333 τῶν
1459 1276 1555 1334 ἀπισθεν

268 1394 376 1473 χρόνων
398 1387 475 1470 ἧκον,
500 1391 596 1472 μυρίας
619 1391 651 1450 δὲ
673 1393 749 1467 ὅμως
771 1390 819 1450 καί
840 1395 1000 1467 παμμήκεις
1022 1393 1072 1465 τάς
1095 1392 1258 1475 εῦρημίαςῡ)
1275 1394 1322 1454 καὶ
1337 1401 1479 1475 πανταχοῦ
1493 1418 1554 1469 πομ-

269 1518 361 1594 πεῦον,
385 1515 423 1586 ὡς
446 1513 474 1573 εἴ
486 1535 509 1573 τι
518 1512 542 1595 ¹)
565 1512 611 1573 καὶ
634 1513 708 1574 ἀλλο
731 1521 785 1574 τῶν
809 1513 944 1592 ἐπιφανῶν
967 1513 1013 1574 καὶ
1035 1513 1185 1596 περιδοξων
1208 1516 1326 1592 ἀκούειν,
1351 1518 1401 1578 σῦκ
1424 1517 1468 1578 ἐπί
1483 1521 1554 1593 μόνης

268 1643 318 1714 τῆς
341 1636 488 1712 βασιλικῆς
509 1634 661 1715 ἡγεμονίας
683 1641 732 1711 τῆς
752 1637 901 1716 ἡμετέρας,
925 1635 1070 1696 ἀλλὰκαὶ
1094 1637 1195 1716 σχεδον
1218 1644 1268 1714 τῆς
1283 1638 1435 1720 ἀλλοτρίας
1452 1642 1554 1715 ἀπάσης

269 1757 316 1819 καί
338 1759 391 1839 γὰρ
416 1759 449 1834 δὴ
472 1761 506 1818 τά
529 1779 559 1818 τε
582 1757 659 1818 ἀλλα
681 1761 779 1833 κοσμεῖ
800 1759 830 1817 τ“ο
855 1759 927 1829 ἄστυ,
952 1757 997 1818 καί
1018 1761 1121 1832 θέσεως
1136 1760 1258 1840 εθκαιρία
1272 1759 1319 1821 καί
1334 1764 1402 1841 πρὶς
1417 1762 1555 1842 ἀσφάλειαν

269 1882 416 1961 ἐρυμνίτης
443 1878 490 1940 καὶ
516 1880 623 1955 πλῆθος
647 1879 767 1954 μάλιστα
790 1878 937 1960 οἰκητόρων
961 1879 1007 1939 καὶ
1030 1881 1187 1957 πολυολβία
1209 1880 1256 1942 καὶ
1277 1883 1420 1957 πολιτείας
1443 1886 1555 1962 εὐγένεια

268 2001 315 2063 καί
338 2008 444 2080 τεχνῶν
468 1999 596 2076 ἀσκήσεις
618 2000 664 2061 καί
688 2003 792 2080 ἀγορᾶς
815 2001 945 2079 δαψίλεια
966 2005 1073 2062 πάντων
1095 2008 1179 2083 πάσα,
1204 2005 1427 2086 εῦεμπορὼτατθν
1447 2028 1476 2065 τε
1493 2005 1514 2064 εί
1529 2005 1554 2076 ἀί,

268 2147 295 2186 τι
321 2123 368 2184 καὶ
397 2125 470 2185 ἀλλο
498 2125 618 2200 μάλιστα
644 2125 712 2204 πρὸς
740 2125 844 2183 ἅπαντα
870 2125 956 2184 πλοῦν
978 2123 1024 2184 καὶ
1048 2125 1187 2201 θαλάσσης
1211 2127 1316 2186 ἅπαντα
1338 2129 1409 2208 μέρη
1432 2128 1554 2206 θέσεωςῑί

269 2245 298 2307 εὖ
322 2247 401 2324 έχον·
436 2245 484 2306 καί
505 2247 591 2306 τοίνυν
613 2247 684 2306 πολὺ
708 2247 737 2305 τά
752 2253 805 2304 τῶν
822 2243 964 2306 οἰκούντων
982 2247 1097 2307 ἐνταῦθα
1112 2249 1276 2310 ίκανόπλοον
1291 2249 1338 2309 καὶ
1354 2251 1554 2331 θαλαττουργέν,

269 2368 463 2449 ῥωμαλαιάτης
488 2389 518 2428 τε
541 2367 587 2428 καὶ
610 2371 734 2447 φρόνημα
758 2367 898 2446 δραστικόν
921 2367 1019 2428 τεκαὶ
1042 2369 1195 2449 ἐμπράκτον
1216 2369 1263 2430 καὶ
1287 2369 1329 2454 (τῦ
1349 2373 1497 2433 κάλλιστον
1511 2379 1554 2430 τάν

269 2489 380 2572 σίλλων)
404 2491 525 2566 μάλιστα
546 2493 564 2567 ἡ
587 2493 654 2570 πρὸς
676 2490 725 2564 τὴν
748 2489 891 2564 βασιλείαν
915 2513 965 2566 μου
990 2493 1102 2572 ἔνεργός
1123 2513 1153 2551 τε
1175 2491 1222 2552 καί
1246 2493 1378 2573 ἄτρεπτος
1400 2499 1554 2555 παντάπασιν

269 2610 359 2672 εάνσια
388 2609 435 2672 καί
461 2614 479 2688 ἡ
501 2614 568 2691 πρὸς
594 2613 625 2672 τίν
652 2613 732 2689 γένος
755 2612 877 2692 ἀναφορά
899 2633 929 2672 τε
952 2611 999 2672 καί
1021 2614 1148 2674 κοινωνία
1170 2617 1277 2674 πάντων
1300 2615 1443 2690 ἀνάλωτος
1465 2623 1553 2694 καιρῦν
1577 2591 1578 2654 ¹

268 2755 298 2794 τε
320 2732 367 2793 καί
389 2736 568 2814 πραγμάτων,
594 2731 622 2794 εὖ
644 2753 674 2792 τε
697 2732 743 2792 καί
766 2734 865 2805 άλλως
888 2734 1017 2814 ἐχόντων,
1043 2735 1071 2796 έν
1093 2736 1211 2808 πολλοῖς
1233 2737 1287 2814 ἤδη
1303 2745 1356 2798 τῶν
1371 2741 1552 2818 προλαβόντων

267 2860 374 2937 χρόνων
396 2858 445 2932 τὴν
468 2859 563 2937 πεῖραν
588 2856 671 2916 δοῦσα
693 2855 740 2916 καί
762 2858 792 2915 τῦ
814 2859 905 2916 πιστὸν
929 2855 1057 2930 καθάπαξ
1080 2859 1201 2919 ἄσειστον
1226 2860 1388 2938 ἐγγυωμένη
1399 2858 1434 2945 ¹),
1464 2859 1507 2922 καὶ
1526 2859 1552 2917 τί

269 2979 319 3055 μὲν
340 2983 386 3040 τοῦ
403 2981 511 3078 άστεοςγ
534 2981 572 3051 ὡς
593 2979 621 3038 ἐν
638 2979 752 3058 ὀλίγοις,
777 2979 854 3060 οὔτω,
879 2980 1003 3058 ρεῦγσντι
1024 2978 1063 3058 τῷ
1079 2982 1158 3062 λόγῳ
1174 2983 1204 3042 τ“ο
1220 2988 1318 3058 μῆκος.
1343 2980 1551 3064 ξυλλαγχοίνειθ

270 3103 295 3162 δ’
309 3103 347 3162 έτι
375 3099 422 3162 καί
448 3105 526 3162 τοῦτο
553 3106 598 3162 νῦν
621 3097 691 3161 εἶναι
718 3103 865 3177 θαυμάσιον
890 3096 955 3180 οἷον,
985 3105 1023 3162 ὅτι
1050 3109 1100 3178 τῆς
1122 3105 1183 3163 κατ’
1197 3105 1260 3164 αθτο
1282 3108 1391 3179 πάντως
1414 3107 1551 3186 ἁγιωτάτης
1577 3121 1578 3166 ί

271 3225 422 3300 ἐκκλησίας
430 3224 467 3306 ¹⁰)
490 3224 638 3300 ποιμὴνίί)
662 3225 760 3304 ἀρτίως
782 3227 859 3285 πάντ’
873 3225 990 3307 ἀριστος,
1013 3227 1100 3297 πολίνς
1123 3231 1178 3300 τοῖς
1202 3229 1271 3287 κατὰ
1294 3230 1356 3288 θεον
1372 3230 1405 3288 ἐκ
1421 3231 1480 3289 νέου
1493 3229 1549 3287 ποίνν
1577 3245 1578 3308 γ

266 3368 306 3406 τοι
331 3347 378 3407 καὶ
401 3346 440 3418 εἰς
462 3353 551 3429 γῆρας
574 3348 627 3422 ἤδη
653 3347 767 3430 βαθὺ-Π)
790 3351 876 3425 τοῦτο,
900 3352 944 3406 νῦν
967 3349 1021 3425 ἤδη
1045 3352 1179 3425 καμάτοις
1196 3349 1400 3432 ἐγκαρτερήσας
1415 3351 1461 3412 καί
1475 3369 1549 3410 κατα·

268 3471 478 3544 κεκοσμημένος
494 3469 534 3541 εἰς
550 3465 633 3549 σ’ίκρσν
648 3475 697 3544 τῆς
714 3473 847 3550 μονήρους
859 3471 892 3546 ¹3)
909 3473 991 3545 αὐτῆς
1008 3471 1110 3550 βιοτῆς,
1134 3473 1274 3552 ἀτρέπτως
1290 3472 1329 3546 είς
1340 3473 1375 3556 ¹¹)
1392 3480 1497 3535 τοσοῦτο
1511 3477 1549 3543 τίς
1577 3459 1578 3538 ί

269 3589 300 3663 ἐξ
323 3592 411 3671 ἀρχῆς
435 3591 585 3663 ἐνστάσεως
608 3589 654 3650 καὶ
675 3589 842 3651 παντάπασιν
866 3592 1026 3671 ἀνενδάτως,
1049 3593 1095 3653 καί
1119 3597 1209 3674 ὥσπερ
1233 3595 1259 3654 εί
1275 3617 1315 3668 τις
1331 3599 1393 3668 νέος
1408 3599 1510 3677 θερμῶς
1520 3593 1548 3661 ¹¹)

268 3715 387 3789 ἅπτοιτο,
414 3711 460 3772 καί
488 3713 526 3788 μὴ
554 3713 627 3794 παρὰ
653 3718 762 3773 τοσοῦτο
785 3716 926 3794 προκέψας
948 3737 971 3774 τι
998 3715 1045 3775 καὶ
1067 3718 1226 3797 προηνυκὼς
1248 3715 1295 3776 καί
1319 3719 1368 3792 μὲν
1381 3721 1416 3796 ¹¹¹)
1439 3721 1548 3778 πλεῖστον

267 3838 328 3896 ὅσον
360 3835 410 3894 ὑπὸ
440 3841 489 3911 τῆς
520 3835 587 3896 οῦτω
617 3836 725 3916 χρονίου
756 3836 802 3896 καίΙ
831 3839 979 3909 πολυετοῦς
1008 3838 1055 3898 καί
1084 3835 1172 3912 βιαίου
1199 3839 1301 3919 σφόδρα
1328 3841 1399 3900 κατὰ
1426 3844 1469 3901 τ’σν
1490 3841 1547 3899 θείαν

269 4010 475 4018 -—.=————

372 4133 391 4198 ¹)
406 4130 489 4196 ἑαυτῆς
502 4133 529 4182 Z.
602 4133 622 4197 ¹)
637 4131 672 4197 ἐφ’
685 4131 768 4196 ἑαυτῆς
788 4133 907 4200 κεκίνηκεν
927 4133 954 4183 ἂν
967 4135 981 4198 ἢ
996 4153 1021 4203 μ,
1036 4132 1143 4204 ἐναργῶς
1156 4134 1188 4185 δι’
1200 4133 1284 4200 ἑαυτῆς
1298 4137 1327 4186 Β.
1400 4137 1421 4204 ³)
1435 4133 1513 4198 ταύτην
1524 4133 1546 4180 B.

266 4229 288 4292 ⁴)
307 4230 356 4278 τῶν
375 4227 448 4297 ταύτῃ
467 4245 494 4296 γε
513 4223 597 4277 ἀλλων
617 4226 739 4278 λείπεσθαι
758 4227 776 4288 ξ.
797 4231 825 4281 Z.
839 4231 943 4296 reliqua
962 4233 1058 4281 omisit.
1132 4233 1156 4295 ¹)
1172 4230 1283 4299 δεόμενον
1302 4230 1342 4281 καὶ
1360 4232 1499 4301 παμμήκεσι
1515 4231 1544 4286 τίς

266 4322 317 4390 εὖρ.
341 4324 381 4374 1¹1.
402 4325 432 4374 B.
503 4324 524 4390 ¹)
545 4321 580 4389 ε’ίη
605 4327 634 4375 B.
709 4326 727 4391 ¹)
747 4323 801 4384 θέας
825 4328 854 4377 Β.
926 4327 946 4392 ⁸)
967 4325 1070 4394 καθάπερ
1094 4323 1182 4377 ἄλλοτε
1201 4325 1341 4396 ἐγνωσμένα]
1361 4331 1388 4380 Z.
1408 4331 1437 4380 R.
1457 4317 1544 4376 καθάπαξ

265 4416 372 4486 ἀσφαλές
392 4417 541 4487 ἐγγυουμίνη
554 4421 584 4470 Β.
656 4421 676 4485 ¹¹)
696 4417 894 4490 ξυλλαγχάνσντα
912 4423 982 4471 τοῦτο
995 4423 1025 4473 Β.
1099 4423 1129 4488 ¹⁰)
1148 4425 1176 4493 τῇ
1191 4463 1196 4474 .
1211 4463 1237 4476 ..
1257 4419 1378 4492 ἁγιωτάτῃ
1393 4421 1502 4487 ἐκκλησίᾳ
1514 4415 1543 4468 Fl·

266 4517 297 4580 ¹¹)
317 4516 392 4566 deest
404 4517 431 4566 Z.
445 4516 476 4566 R.
549 4517 579 4581 ¹²)
600 4514 622 4574 ἐς
639 4521 715 4584 γῆρας
733 4517 762 4580 ἠδ
846 4519 918 4570 m.
936 4514 1024 4581 ἤθηΒ.
1099 4519 1129 4584 ¹¹)
1150 4518 1268 4587 μακαρίας
1289 4523 1316 4571 Ζ.
1335 4521 1367 4572 R.
1387 4523 1417 4572 B.
1486 4509 1543 4581 ¹¹)ss

264 4614 291 4662 Z.
365 4611 395 4678 ¹⁵)
418 4605 471 4676 νηίνς
499 4611 564 4680 ίερᾶς
592 4613 666 4663 addit
689 4613 718 4662 B.
793 4613 822 4678 ¹¹)
847 4613 886 4662 καί
911 4611 942 4681 μὴ
972 4614 1036 4680 παρα
1060 4613 1099 4664 καί
1124 4612 1170 4684 μὴν
1195 4615 1308 4666 πλείσταν
1331 4619 1361 4668 R.
1387 4619 1415 4670 Z.
1440 4615 1477 4666 καὶ

269 4704 402 4776 παράδοξον
420 4709 451 4760 Β.
