3486 5282
931 820 1026 894 XII.

861 1011 956 1087 λιιι
979 1013 1078 1090 varia.

613 1238 639 1302 ι.
664 1235 866 1320 σειν-964,
890 1211 1002 1302 ωσπερ
1024 1249 1172 1323 augusto,
1195 1237 1260 1302 ind.
1284 1237 1344 1304 ιιι.

335 1419 500 1474 Ρσινίανσίνα
510 1421 669 1490 Ρσίμειισίιιο
681 1420 802 1476 declarat
813 1423 1003 1476 ιιισπαιίετίυιπ
1017 1420 1133 1476 ἕσασθαι
1144 1418 1255 1476 Martae
1267 1422 1366 1476 άίαόιιννν
1378 1419 1615 1490 Philosophiam

682 1542 770 1596 prope
786 1525 977 1582 Demetoanam
992 1544 1047 1584 εσια
1061 1526 1271 1600 ιιαιισσφεράυιιι.
1334 1531 1335 1536 ’

355 1727 537 1808 Κύριλλος,
570 1728 656 1809 ἐλέιρ
688 1731 764 1790 θεοῦ
795 1729 1061 1809 ἀρχιεπίσκσπος
1086 1728 1485 1806 Κωνσταντινουπόλεως,
1515 1727 1597 1798 Νέας

621 1851 761 1938 Ῥώμης,
784 1851 840 1912 καί
864 1849 1097 1927 σίκουμενικδς
1118 1854 1335 1932 πατριάρχης.

435 2021 509 2084 Ἶσον
539 2025 762 2104 ἀπαραλλάκτως
791 2031 837 2086 τοῦ
867 2025 923 2087 ἴσου
952 2032 998 2088 τοῦ
1029 2029 1201 2108 τρωτοτῦπου
1223 2030 1419 2108 πατριαρχικσῦ
1441 2025 1616 2103 παλαιγενοῦς

332 2145 523 2224 σιγιλλιιόδους
552 2149 723 2227 γράμματος,
758 2147 895 2226 ἐκβληθέν
922 2148 997 2230 παρὰ
1018 2153 1065 2210 τοῦ
1086 2149 1205 2210 παλαιοῦ
1227 2147 1274 2209 καί
1297 2148 1414 2228 ἀρχαίου
1436 2145 1554 2218 κὼδικος
1574 2151 1616 2218 τῆς

331 2272 378 2326 τοῦ
400 2268 516 2348 Χριστοῦ
546 2269 675 2347 μεγάλης
706 2269 865 2351 ἐκκλησίας,
896 2271 1040 2352 όραθέντος
1062 2274 1136 2352 παρά
1157 2292 1188 2330 τε
1210 2277 1259 2347 τῆς
1281 2273 1360 2346 ημῶν
1383 2270 1556 2350 μετριότητος
1576 2264 1616 2326 καί

331 2393 380 2465 τῆς
402 2389 635 2471 ῦπερτελεστοίτης
658 2390 733 2472 ἱερᾶς
756 2397 809 2452 τῶν
832 2393 983 2473 ἀρχιερέων
1006 2393 1126 2474 συνόδου,
1148 2400 1202 2454 τῶν
1218 2394 1247 2454 ἐν
1268 2393 1338 2472 ἀγίιρ
1352 2393 1484 2468 πνεῦματι
1498 2391 1617 2450 ποθεινο-

330 2513 418 2571 τάτων
440 2511 567 2592 ἀδελφῶν
589 2509 636 2572 καὶ
657 2511 886 2594 συλλειτονργῶν,
909 2519 962 2574 τῶν
985 2512 1031 2574 καί
1053 2516 1176 2575 κάτωθεν
1196 2515 1417 2595 ίιπογραψόνιων.

434 2638 450 2710 ί
473 2633 694 2715 Πολύευκτος,
725 2633 812 2716 ἐλέῳ
835 2637 910 2696 θεοῦ
933 2635 1616 2717 ἀρχιεπίσκοπος,Κωνσταντινουπόλεως

331 2754 420 2828 Νέας
443 2756 580 2836 Ῥώμης,
603 2754 658 2817 καὶ
681 2755 915 2833 οίκουμενικος
937 2761 1147 2840 πατριάρχης
1170 2764 1195 2836 ί.

372 2917 374 2922 -
434 2876 530 2954 ίΚαί
561 2878 680 2954 λιμένων
712 2879 762 2956 μὲν
788 2877 953 2941 κατασκευαὶ
979 2884 1036 2952 τοῖς
1063 2880 1096 2941 ἐκ
1117 2881 1258 2959 πελάγους
1278 2881 1501 2958 χειμαζομένοις,
1532 2877 1616 2937 οἰκιῶν

330 3021 360 3059 τε
390 2977 568 3074 καταστάσεις
597 2999 722 3082 πρόξενοι
752 2985 900 3082 ὑποδοχῆς,
931 3004 1024 3064 τάλλα
1053 3025 1093 3084 τε,
1125 3006 1174 3064 όσα
1188 3055 1191 3062 .
1204 3007 1259 3076 τοῖς
1283 2998 1433 3084 ἀνθρώποις
1457 3003 1616 3076 ἐπινενόηται

330 3124 397 3202 πρός
428 3122 580 3204 ἐπικουρίαν
609 3130 662 3184 τῶν
695 3125 891 3208 ἐνοχλούντων,
921 3129 1037 3206 πρᾶγμα
1062 3130 1138 3187 τοῦτο
1165 3123 1309 3196 λυσιτελὲς
1334 3124 1382 3184 καί
1413 3114 1523 3202 πολλὴν
1549 3123 1616 3202 ὼφέ-

331 3247 411 3305 λειαν
442 3245 568 3322 ἐμποιοῦν
595 3249 651 3318 τοῖς
680 3245 742 3328 περὶ
763 3252 847 3308 ταῦτα
870 3247 1078 3308 ἐσπουδακόσιν·
1110 3247 1177 3308 ἀλλ’
1191 3245 1263 3308 οὔπω
1286 3249 1374 3306 πάντα
1395 3249 1479 3306 ταῦτα
1499 3249 1615 3304 τοσοῦτον

298 3433 299 3438 ¹
332 3366 478 3447 ἐπωφελεῖ,
509 3369 570 3427 ὅσον
602 3368 680 3449 ἱερῶν
709 3367 792 3429 οἴκων
820 3366 961 3445 οἰκοδομαί
988 3367 1035 3430 καί
1060 3369 1199 3448 προσόδων
1226 3369 1347 3449 χορηγία
1375 3369 1443 3448 πρός
1472 3369 1548 3428 τοῦτο
1573 3365 1615 3436 τήν

334 3491 465 3565 διαμονὴν
497 3491 583 3550 αῦτῶν
615 3491 791 3562 διασώζουσα.
826 3491 860 3551 τά
886 3491 937 3567 μὲν
962 3463 1024 3572 γάρ
1043 3487 1095 3551 κάν
1122 3513 1181 3551 τινα
1207 3492 1382 3572 παρέχωνται
1402 3491 1451 3566 τὴν
1479 3489 1615 3568 ὠφέλειαν,
1656 3507 1657 3594 γ

332 3611 409 3672 ἀλλά
431 3609 492 3692 περὶ
514 3613 544 3672 τδ
568 3618 657 3692 σῶμα,
679 3611 726 3672 καὶ
748 3614 830 3688 μόνον
853 3614 945 3673 τούτου
966 3614 985 3690 ἡ
1008 3613 1148 3692 θεραπεία,
1177 3613 1194 3687 ἡ
1219 3611 1250 3672 δέ
1272 3633 1306 3691 γε
1328 3617 1381 3672 τῶν
1405 3610 1484 3691 ἱερῶν
1501 3611 1616 3678 σίστασις

331 3733 378 3794 καί
405 3733 566 3814 ἀμφοτέροις
588 3733 636 3811 τἠν
661 3733 814 3814 ἐπικουρίαν
838 3735 959 3812 ἐπάγει·“
981 3734 1071 3812 ψυχάς
1093 3734 1147 3815 γάρ
1171 3732 1265 3794 οἰκειοί
1286 3733 1325 3812 τῷ
1354 3731 1409 3812 θεῷ
1433 3731 1478 3792 διὰ
1499 3730 1614 3812 πράξεώς

331 3877 362 3916 τε
392 3854 439 3916 καὶ
468 3854 592 3936 θεωρίας,
623 3850 661 3916 ὧν
692 3857 809 3936 ἑκάτερα
839 3853 878 3934 τῷ
908 3857 1020 3935 μονήρει
1048 3855 1099 3934 βίῳ
1125 3855 1262 3916 κάλλιστοι
1292 3855 1484 3934 κατορθοῦνται
1515 3853 1546 3913 ἐκ
1572 3857 1614 3922 τῆς
1656 3867 1657 3904 ³

331 3985 465 4054 κοσμικῆς
490 3985 543 4038 τῶν
572 3972 718 4060 ἀνθρώπων
747 3977 958 4058 ἀναχωρήσεως,
988 3975 1035 4036 καί
1061 3977 1094 4036 τὰ
1120 3981 1166 4037 τοῦ
1193 3973 1320 4053 σώματος
1348 3979 1415 4036 πάνυ
1439 3977 1467 4036 ἐν
1491 3973 1613 4055 ἀσφαλείᾳ
1656 3979 1657 4048 f

331 4105 416 4180 τηρεῖ.
461 4099 509 4175 τἠν
538 4100 591 4180 γὰρ
621 4100 749 4174 βιωτικὴν
780 4099 925 4178 ἀποφυγὼν
957 4099 1168 4178 αῦτοτρικυμίοιν,
1199 4097 1246 4159 καὶ
1275 4105 1308 4180 τῇ
1331 4103 1401 4179 μονῇ
1431 4097 1612 4179 προσδραμών,

331 4222 385 4298 ἤδη
412 4223 544 4304 γαληνιᾷ,
577 4221 609 4282 ἐκ
630 4227 767 4300 χειμῶνος
793 4225 840 4282 τοῦ
867 4220 926 4301 βίον
948 4217 986 4300 τῷ
1009 4223 1121 4301 μσνήρει
1145 4219 1195 4301 βίῳ
1217 4221 1463 4300 καθορμιζόμενος·
1494 4222 1547 4291 τοῖς
1567 4217 1613 4294 γέρ
1656 4217 1657 4224 ’

330 4346 398 4425 πρδς
427 4349 509 4404 ταῦτα
539 4341 655 4419 σπουδὴν
684 4345 855 4418 ποιουμένοις
888 4341 1055 4422 συναίρεσθαι
1084 4341 1131 4402 καί
1160 4343 1224 4417 ἡμῖν
1255 4347 1308 4402 τῶν
1336 4341 1493 4422 ἀναγκαίων
1516 4343 1546 4400 ἀν
1567 4337 1612 4412 τίη.
1656 4363 1657 4370 ¹

333 4466 483 4548 συναίρεται
513 4465 536 4525 δ’
550 4464 589 4538 είς
616 4470 692 4548 τοῦτο
716 4467 745 4525 οῦ
768 4467 849 4541 μόνον
872 4443 887 4522 ό
910 4465 1039 4536 κοινωνός
1060 4470 1241 4545 πρωτουργῶν
1264 4471 1296 4547 τῇ
1319 4464 1441 4546 χορηγίᾳ
1462 4469 1515 4524 τῶν
1536 4464 1612 4538 ἀναγ-

332 4587 427 4671 καίων,
465 4587 543 4649 ἀλλά
580 4585 626 4648 καί
659 4593 712 4660 πᾶς
745 4607 785 4659 τις
820 4586 918 4665 ἀλλος,
956 4587 986 4658 ὃς
1021 4588 1052 4644 ἀν
1087 4585 1187 4667 δυνηθῇ
1218 4607 1243 4646 τι
1275 4586 1532 4666 πραγματεύσασθαι
1562 4583 1613 4650 ταῖς

333 4716 437 4798 μσναῖς.
467 4713 483 4772 ό
506 4711 537 4781 δὲ
559 4712 611 4802 προ
633 4715 686 4774 τῶν
710 4708 807 4772 ἀλλων
831 4711 862 4770 ἀν
885 4706 939 4788 είη,
971 4707 998 4767 εί
1016 4727 1056 4781 τις
1077 4707 1111 4767 τά
1132 4709 1266 4790 προσόντα
1288 4709 1396 4780 ταύταις
1418 4709 1548 4784 κειμήλια
1569 4705 1611 4762 ἐτ-
