3208 5310
241 329 285 396 54

243 521 420 594 Ἀναστασίας
446 520 548 596 μοδίων
563 519 604 596 ς’.
637 524 728 602 ἕτερον
755 523 786 580 το
813 521 966 600 λεγόμενον
990 520 1191 600 Χοιρολανινιίου
1214 520 1308 596 μοδίου
1325 519 1361 582 α’.
1395 522 1540 602 ἕτεροντὸ

243 644 372 704 ἀπονιάτω
386 649 436 718 τῆς
450 635 675 722 Ἅπλοράβδενας
690 641 785 718 μοδίου
796 641 848 716 ς”.
866 643 957 721 ἕτερον
973 643 1111 722 χωράριον
1125 643 1157 701 το
1171 641 1286 718 πλησίον
1301 647 1356 701 τῶν
1373 641 1541 716 Ἀσωμάτων

243 764 345 840 μοδίων
358 763 393 825 δ’.
417 766 509 845 ἕτερον
530 766 668 844 χωράριον
690 765 721 823 τ“ο
744 764 872 824 ἀπαντάτω
887 767 940 822 τῶν
956 763 1078 823 Πλανῶν
1095 762 1197 839 μοδίιυν
1210 762 1245 840 β’.
1271 765 1363 844 ἕτερον
1378 764 1410 822 το
1424 762 1541 840 πλησίον

242 886 334 946 τούτου
358 884 460 961 μοδίιυν
476 885 510 946 δ’.
533 888 671 965 χωράριον
693 888 738 944 τοῦ
755 885 929 964 Ἀστρανιέιυς
952 883 1055 960 μοδίιυν
1068 882 1100 946 ε’.
1126 886 1219 964 ἕτερον
1238 885 1268 944 τ“ο
1283 884 1400 960 πλησίον
1417 886 1493 944 αίποῦ
1506 885 1543 943 τὸ

243 1007 478 1089 Στραβολαχίδιον
502 1005 602 1083 μοάίων
614 1005 651 1086 γ’.
676 1008 768 1086 ἕτερον
790 1007 821 1066 τὸ
842 1005 958 1082 πλησίον
978 1007 1058 1066 αὺτοῦ
1073 1010 1118 1066 τοῦ
1134 1007 1266 1088 Λαρνάπη
1283 1005 1387 1082 μοάίιυν
1400 1005 1435 1080 β’.
1462 1008 1545 1087 ἕτεροι

242 1125 278 1189 τά
299 1129 442 1206 λεγόμενα
463 1132 517 1187 τῶν
533 1129 703 1188 Ἀνοικιώτου
727 1130 875 1204 μνημάτων
892 1127 993 1204 μοδίων
1010 1127 1045 1189 δ’.
1069 1131 1208 1208 χωράριον
1223 1133 1268 1188 τοῦ
1284 1125 1472 1208 Ξηρονιὰμπου
1487 1149 1545 1204 μο-

245 1250 311 1311 δίων
328 1249 354 1310 ι’.
378 1251 518 1330 χωράριον
540 1253 586 1309 τοῦ
609 1249 723 1309 Αάνινιου
747 1249 848 1324 μοδίων
864 1248 904 1324 ς’.
928 1251 1068 1330 χωράριον
1090 1253 1136 1310 τοῦ
1157 1251 1266 1327 παπὰί)
1288 1249 1419 1310 Καλέτου
1442 1249 1546 1326 μοάίων

246 1371 279 1432 δ’.
304 1372 442 1452 χωρὰριον
465 1374 511 1430 τοῦ
529 1369 657 1448 Περδάκη
674 1367 713 1453 (.)
737 1371 782 1430 σὺν
804 1375 850 1430 τοῦ
866 1371 1034 1450 Σπηλιαρίου
1058 1371 1159 1447 μοδίιυν
1173 1371 1206 1444 ζ’.
1231 1373 1323 1452 ἕτερον
1342 1374 1481 1451 χωράριον
1495 1376 1546 1431 τοῦ

246 1494 393 1573 Δρυμῶνος
415 1485 531 1566 πλησίον
554 1491 693 1572 χιυραρίου
714 1497 760 1552 τοῦ
775 1492 927 1572 Ζυγολοῦρι
950 1491 997 1552 καί
1019 1497 1064 1553 τοῦ
1079 1493 1203 1573 Τυράννη
1227 1491 1329 1568 μοδίιυν
1344 1492 1382 1572 γ’.
1406 1490 1546 1574 χωροίριον

245 1613 276 1673 τ“ο
287 1613 460 1688 Καμιτζάτον
477 1611 580 1688 μοάίιυν
591 1611 633 1687 ς’.
650 1614 742 1692 ἕτερον
758 1615 897 1694 χωράριον
913 1617 958 1673 τοῦ
971 1610 1112 1694 Ἀξιναρέα
1128 1614 1230 1690 μοάίων
1241 1613 1279 1691 η’.
1297 1616 1388 1695 ἕτερον
1404 1617 1451 1675 τοῦ
1467 1615 1549 1694 ἁγίου

246 1737 386 1808 Σώζοντος
411 1736 442 1795 τ“ο
464 1729 535 1794 κατὰ
558 1733 729 1815 μεσημβρίαν
751 1738 797 1794 τοῦ
819 1739 884 1795 ναοῦ
908 1735 1003 1810 μοδίου
1020 1733 1055 1796 α’.
1081 1737 1172 1816 ἕτερον
1194 1741 1243 1810 τῆς
1258 1736 1419 1816 Χαλινιερᾶς
1442 1737 1547 1812 μοάίων

245 1857 283 1936 γ’.
309 1859 401 1936 ἕτερον
424 1861 468 1916 τοῦ
491 1855 651 1936 Λαγιαάίου
675 1857 769 1932 μοδίου
784 1855 811 1915 α’
834 1857 865 1916 τ“σ
887 1856 1003 1930 πλησίον
1025 1862 1074 1934 τῆς
1095 1856 1264 1938 Χαλινιερᾶς.
1290 1860 1383 1938 ἕτερον
1405 1861 1547 1940 χωράριον

245 1985 295 2055 τῆς
312 1979 504 2058 Πασιγνράτης
518 1980 548 2038 τὸ
563 1978 679 2055 πλησίον
694 1979 833 2058 χωραρίου
847 1983 894 2038 τοῦ
910 1980 1004 2051 Ῥόζου
1019 1981 1160 2054 νομμάτια
1175 1979 1222 2039 δύο
1238 1979 1340 2055 μοδίιυν
1356 1979 1384 2039 α’
1397 1977 1448 2054 ς”.
1467 1983 1550 2060 ἕτερα

246 2100 280 2160 τά
303 2101 443 2181 Πυργάριοι
466 2099 560 2175 μοδίου
574 2098 626 2175 ς”.
651 2102 744 2178 ἕτερον
766 2105 812 2160 τοῦ
835 2101 1087 2182 Καρβουνολάτινιου
1110 2099 1212 2176 μσδίιυν
1228 2099 1254 2176 β’
1269 2098 1321 2175 ς”.
1352 2103 1493 2182 χιυράριον
1518 2105 1549 2160 το

246 2223 401 2301 λεγόμενον
424 2215 493 2306 [τοῦ]
508 2221 639 2302 Δρανέιυς
655 2219 697 2304 (Ρ)
720 2227 769 2296 τῆς
786 2221 871 2300 Ὀρῆς
895 2220 995 2296 μοάίιυν
1011 2220 1038 2280 α’
1051 2219 1102 2296 ς”.
1128 2224 1218 2302 ἕτερον
1240 2224 1380 2302 χωράριον
1401 2223 1434 2282 τὸ
1456 2223 1550 2300 λεγέ-

247 2363 329 2419 μενον
358 2345 404 2401 τοῦ
428 2341 561 2416 Φαβάτου
592 2337 645 2401 ἀπὸ
675 2346 721 2402 τοῦ
750 2341 903 2423 Πυργαρίσυ
933 2341 1035 2418 μοδίων
1051 2341 1087 2404 δ’.
1119 2344 1209 2423 ἕτερον
1238 2345 1268 2402 το
1298 2343 1471 2419 καλούμενον
1502 2349 1550 2404 τοῦ

247 2463 434 2541 Μαγουλάτου
456 2462 503 2522 ναί
526 2464 589 2522 αίιτά
608 2465 760 2543 χωρησεως
776 2462 878 2540 μοάίιυν
895 2462 929 2525 δ’.
968 2483 1045 2544 τερον
1060 2468 1106 2524 τοῦ
1122 2463 1200 2541 ἁγίου
1215 2463 1384 2544 Μερκουρίου
1400 2464 1498 2540 μοδίου
1512 2464 1549 2525 α’.

247 2586 385 2664 χωράρισν
407 2589 460 2644 τῶν
476 2585 666 2664 Ποταμιάνων,
689 2585 895 2664 τὸλεγόμενον
917 2591 967 2662 τῆς
982 2585 1109 2664 Κάλλας,
1133 2587 1163 2646 το
1185 2584 1301 2662 πλησίον
1321 2585 1392 2645 νιατά
1407 2586 1551 2658 ἀνατολάς
1599 2631 1600 2670 3

248 2711 293 2766 τοῦ
317 2705 394 2784 ἁγίου
409 2705 593 2787 Νινιολάουῖ),
615 2706 708 2778 ναθὼς
731 2707 881 2787 ἀπέρχεται
904 2707 957 2766 ἀπὸ
979 2712 1028 2784 τῆς
1048 2704 1135 2779 οίνιίας
1151 2705 1298 2787 Θεοδώρου
1312 2711 1359 2766 τοῦ
1375 2707 1551 2788 Μελσχίτσυ7
1599 2701 1600 2730 ³

249 2827 342 2900 καθὼς
370 2827 478 2908 ἔρχεται
507 2827 559 2886 ἀπὸ
585 2827 634 2901 τὴν
662 2826 824 2906 ἀγραπιάίαν
853 2826 1070 2908 ίάιοπεριάριστον
1099 2827 1200 2903 μοδίων
1218 2827 1270 2902 ιβ’.
1303 2829 1395 2909 ἕτερον
1417 2827 1551 2908 λαχίδιον

251 2950 341 3010 ἐπάνω
364 2949 443 3008 αὺτοῦ
465 2950 495 3009 το
517 2950 672 3027 λεγόμενον
687 2949 861 3030 Στρογγυλὰν
885 2949 987 3025 μοὰίων
1002 2948 1039 3030 γ’.
1064 2953 1156 3028 ἕτερον
1178 2954 1223 3010 τοῦ
1238 2950 1357 3025 Κάμπου
1379 2951 1410 3010 τ“ο
1430 2951 1552 3027 πλησίον
1599 2989 1600 2992 =

250 3068 321 3158 [τῆς]
340 3076 426 3148 μονῆς
440 3075 486 3132 τοῦ
498 3072 648 3152 Δρεπάνου,
664 3073 757 3144 καθὼς
773 3073 917 3153 ἀνέρχεται
933 3073 985 3132 ἀπὸ
1000 3077 1046 3132 τοῦ
1060 3073 1249 3150 Ἀσραλαντέα
1263 3071 1310 3132 καὶ
1326 3071 1453 3132 ἀποδίδει
1465 3076 1551 3153 μέχρι

250 3199 296 3254 τοῦ
314 3193 453 3275 Ἀγρίλλα
477 3193 578 3269 μοὰίων
595 3193 632 3270 β’.
657 3197 749 3275 ἕτερον
772 3196 910 3274 χωράριον
932 3195 963 3252 τ“ο
986 3193 1101 3268 πλησίον
1123 3193 1261 3274 χωραρίου
1282 3197 1329 3252 τοῦ
1352 3192 1462 3254 Μελέτι
1486 3195 1551 3274 ἀχρι

249 3320 295 3376 τοῦ
312 3317 452 3396 Πρυνερέα
473 3313 520 3374 καί
542 3316 687 3396 ἀνέρχεται
710 3315 868 3398 ἡΧυθέαί)
891 3313 938 3374 καὶ
961 3315 1120 3391 ἀκσυμπίζει
1143 3313 1182 3386 είς
1203 3316 1234 3374 τ“ο
1252 3317 1390 3393 χωράρισν
1412 3317 1444 3375 το
1459 3315 1551 3394 λεγό-

252 3457 334 3513 μενον
360 3437 505 3516 Ἃλιυνάρι,
531 3438 595 3496 ἔνθα
617 3436 663 3495 ναί
686 3439 779 3516 πρῖνος
800 3437 913 3512 ἵσταται,
938 3436 1032 3512 μοδίσυ
1048 3435 1081 3496 δ’.
1113 3435 1239 3513 λαχίάιον
1261 3442 1308 3496 τοῦ
1331 3437 1410 3496 αὺτοῦ
1432 3436 1552 3514 πλησίον

251 3557 346 3634 μοάίσυ
361 3554 411 3632 ς”.
437 3560 527 3637 ἕτερον
549 3559 580 3617 rb
602 3559 757 3634 λεγόμενον
776 3562 822 3617 τοῦ
838 3557 1024 3638 Ξηροιιάμπσυ
1043 3559 1073 3617 rb
1089 3559 1243 3635 λεγόμενον
1259 3561 1304 3617 τοῦ
1321 3559 1431 3635 Φάγου,
1455 3560 1552 3628 καθὼς

251 3681 321 3740 ἐστιν
338 3678 553 3760 ίδιοπεριέριστον
568 3680 640 3738 κατὰ
655 3678 792 3751 ἀνατολάς
807 3684 852 3739 τοῦ
865 3680 1003 3740 Ἰαλάνπου
1018 3679 1064 3740 καί
1079 3679 1196 3754 πλησίον
1209 3683 1255 3738 τοῦ
1267 3679 1437 3758 Καλαράτου
1450 3700 1550 3760 χωρα-

250 3803 308 3882 ρίου
331 3801 434 3877 μοάίιυν
449 3800 486 3880 γ’.
511 3803 603 3881 ἕτερον
626 3806 676 3876 τῆς
698 3801 794 3880 Λυγῆς
816 3806 862 3861 τοῦ
882 3800 1028 3882 Βρουσπίου
1050 3799 1260 3876 νιλεισματίτζην
1284 3800 1377 3876 μοδίου
1394 3798 1431 3861 α’.
1458 3804 1549 3880 ἕτερον

250 3925 280 3983 fo
302 3921 418 3998 πλησίον
441 3927 490 3998 τῆς
513 3921 599 3994 οἰκίας
622 3928 668 3983 τοῦ
692 3923 811 4002 Μελῆτι,
835 3921 882 3983 καί
905 3923 1049 4002 ἀνέρχεται
1072 3925 1154 4002 μέχρι
1175 3926 1222 3982 τοῦ
1245 3917 1406 4006 Ἀγρίλλ[α]
1429 3923 1480 3983 καὶ
1503 3930 1550 3998 τῆς

251 4045 359 4116 Χυθέας
382 4042 428 4104 καί
451 4039 598 4124 ἀνέρχεται
621 4047 703 4124 μέχρι
725 4049 771 4105 τοῦ
786 4045 925 4125 χωραρίου
940 4043 1182 4124 Νικηροράπουλσυ
1205 4046 1235 4103 τέ
1259 4043 1325 4124 ἁχρι
1346 4046 1392 4102 τοῦ
1406 4045 1550 4126 χωραρίσυ

251 4171 296 4227 τοῦ
313 4168 432 4245 Μελῆτι,
456 4165 558 4240 μοάίων
575 4165 602 4224 α’
613 4165 664 4240 ς”.
687 4169 814 4244 χωράριοι
836 4164 876 4237 εἰς
897 4165 931 4225 τά
947 4165 1061 4240 Ὁμαλά
1082 4166 1117 4225 τά
1140 4163 1193 4238 ἔξω
1208 4169 1254 4224 τοῦ
1269 4164 1404 4244 πηγαάίσυ
1419 4165 1457 4224 τὰ
1473 4168 1548 4240 πλη-

251 4289 307 4348 σίον
329 4289 400 4348 κατὰ
423 4287 594 4368 μεσημβρίαν
615 4293 661 4348 τοῦ
676 4287 814 4367 χωραρίου
833 4292 879 4347 τοῦ
896 4288 1044 4365 Ῥομπέτη,
1067 4288 1170 4348 ἵσταται
1186 4286 1218 4346 δὲ
1233 4285 1280 4345 καὶ
1296 4287 1324 4346 ἐν
1341 4285 1413 4364 αὐτῷ
1428 4287 1549 4367 πηγὰἀιν

357 4476 376 4544 ¹)
396 4478 494 4528 Confer
512 4495 537 4543 p.
551 4478 583 4526 23
605 4475 675 4527 ίίόντε
696 4476 721 4527 K.
794 4477 814 4543 ²)
833 4479 877 4528 Sic
898 4476 1042 4542 legendum
1061 4477 1167 4526 videtur
1185 4493 1244 4542 pro:
1264 4471 1482 4542 τὸλεγόμενον
1502 4479 1549 4538 τῆς

252 4571 372 4632 Κάλλας
392 4567 418 4623 τὸ
437 4571 540 4636 πλησίον
559 4571 612 4622 κατ’
623 4568 740 4631 ἀνατολὰς
759 4568 786 4620 τὸ
804 4569 907 4636 πλησίον
926 4574 968 4622 τοῦ
988 4567 1057 4640 ἁγίου
1070 4569 1191 4621 Νικολάου
1210 4564 1417 4638 τὸλεγόμενον
1430 4575 1475 4636 τῆς
1490 4569 1548 4621 ίίάλ-
1599 4561 1600 4564 ¹

251 4667 297 4729 λας
316 4665 395 4728 καθὼς
414 4666 454 4719 ντί
474 4673 546 4720 ..ut
564 4674 638 4718 extat
656 4667 731 4718 locus
749 4669 778 4718 in
796 4669 958 4734 apographo.
1030 4668 1051 4735 ³)
1071 4668 1169 4734 Apogr.
1183 4664 1273 4718 ἀνθίαι
1292 4666 1339 4716 sed
1351 4666 1414 4717 vide
1427 4669 1548 4720 inferius.
