3166 5298
252 354 294 418 98

252 553 299 609 τοῦ
320 548 439 609 τοιούτου
462 547 624 628 ἀρχιερέως,
655 545 723 607 ἀλλ’
736 546 799 606 ούδέ
821 567 862 618 τις
883 551 936 606 τῶν
959 547 1030 606 κατὰ
1051 548 1133 624 γένος
1154 548 1345 627 προσηκόντων
1368 545 1464 624 τούτῳ,
1494 544 1540 602 εἴτε

253 676 306 731 τῶν
330 675 460 748 μοναχῶν
484 668 537 752 εἴη,
560 669 609 743 ήτε
631 675 684 728 τῶν
707 669 821 750 λαϊκῶν,
845 665 1051 741 κατεξουσιάσαι
1073 671 1230 748 πειράσεται
1251 673 1297 728 τού
1319 668 1439 729 τοιούτου
1462 687 1540 743 μονα-

253 793 360 874 οτηρίσυ
379 791 494 854 καὶτῶν
510 792 730 852 διατυπωθέντων
747 761 883 872 σἰθετῆσαι,
907 793 946 863 ὡς
962 790 1075 871 εἴρηται,
1098 791 1171 872 παρὰ
1187 794 1232 850 τού
1248 793 1327 852 αὺτοῦ
1342 790 1541 870 θεοφιλεστάτου

254 916 408 994 ἐπισκύνιον,
432 916 605 996 ύφορόιμενος
626 917 657 975 τ“ο
679 912 742 995 παρ’
756 915 835 974 ούτοῡ
851 915 1006 992 ἐκφωνηθέν
1021 914 1091 974 κατὰ
1106 919 1160 974 τῶν
1174 915 1300 974 τοιούτων
1315 914 1466 994 βαρύτατον
1480 913 1540 992 άφο-

255 1043 349 1119 ρισμοῦ
372 1037 512 1118 ἐπιτίμιον,
537 1037 575 1098 ἔτι
598 1037 630 1098 δέ
651 1039 682 1097 τύ
705 1037 779 1118 παρὰ
800 1041 849 1112 τῆς
870 1037 949 1114 ἡμῶν
972 1037 1160 1118 μετριότητος·
1187 1039 1375 1116 προσεκφωνεῖ
1396 1037 1452 1117 γάρ
1473 1040 1541 1096 τούτο

160 1169 162 1173 ’
253 1159 299 1221 καὶ
321 1162 339 1236 ή
363 1161 505 1241 μετριότης
526 1161 606 1235 ήμῶν
629 1159 673 1218 διὰ
694 1163 740 1220 τοῦ
758 1161 891 1238 παρόντος
906 1158 1041 1236 σιγιλλίου
1057 1160 1148 1238 αὐτῆς,
1172 1158 1357 1231 ἀπολυθέντος
1372 1155 1413 1230 εἰς
1430 1157 1541 1218 διαιωνί-

186 1341 189 1348 ,
253 1285 348 1354 ζουσαν
378 1284 426 1356 τὴν
455 1280 516 1362 περὶ
544 1288 597 1342 τῶν
628 1279 778 1361 εἰρημένων
808 1281 968 1361 ἀσφάλειαν,
1005 1281 1083 1357 μηνί
1114 1279 1306 1361 δεκεμβρίῳ
1337 1277 1542 1350 ἰνδικτιῶνος

253 1404 387 1482 ὀγδόης.

359 1531 460 1588 Sattun
473 1533 497 1587 I.
506 1549 538 1602 p.
554 1533 625 1586 222.
648 1533 692 1587 Dc
703 1532 792 1603 typiaa
806 1533 965 1587 manasterii
974 1531 1065 1602 aaaser
1075 1532 1277 1602 praefationem
1288 1533 1444 1587 υοίυιιιίιιίε,

489 1801 564 1868 VH.
586 1799 840 1891 [6833—1325],
864 1823 973 1866 mense
996 1799 1099 1888 aprili,
1122 1800 1188 1866 ind.
1213 1799 1305 1866 vm.

257 1970 410 2041 Imperator
430 1969 601 2024 Andronicus
622 1969 663 2022 11.
689 1967 870 2039 Ραίαεοίοφυο
890 1967 1030 2054 confimat
1048 1967 1179 2038 αι’φιίίίυιιι
1194 1966 1374 2038 patriarchae
1394 1967 1498 2022 Esaiae
1516 1967 1542 2019 άι

648 2073 737 2145 ίμρίσο
752 2077 777 2128 et
792 2072 978 2127 masticatione
993 2071 1157 2126 monasterti.

358 2263 374 2336 ’s
392 2257 469 2318 Ἐπεὶ
493 2257 507 2316 ό
529 2257 737 2336 θεοφιλέστατος
760 2256 908 2328 ἐπίσκοπος
923 2256 1029 2334 Ζιχνῶν
1050 2255 1166 2331 ἐζήτησε
1182 2255 1227 2316 καί
1244 2256 1332 2332 ἔλαβε
1347 2251 1440 2333 τιμίαν
1456 2255 1540 2334 σιγιλ-

253 2382 343 2458 λιιύδη
373 2379 570 2460 πατριαρχικὴν
599 2381 704 2460 γραφὴν
734 2377 779 2439 ἐπὶ
807 2379 846 2458 τῷ
872 2344 974 2457 ποτικῷ
997 2377 1043 2438 καί
1065 2386 1098 2460 τῇ
1121 2381 1284 2438 καταπόσει
1305 2378 1353 2438 καί
1368 2372 1540 2452 ’διατυπώσεη

253 2507 288 2580 ήν
311 2503 454 2578 ἐποιήσατο
477 2501 517 2573 είς
538 2503 587 2578 τὴν
609 2502 800 2582 ἀνεγερθεῖσαν
823 2503 886 2582 παρ’
900 2503 979 2562 atat
1001 2500 1152 2578 σεβασμίαν
1175 2503 1259 2577 μονὴν
1284 2497 1355 2561 κατὰ
1374 2503 1405 2562 'cb
1425 2501 1488 2581 όρος
1502 2505 1541 2560 τού

254 2627 425 2704 Μενοικέως,
447 2625 496 2700 τήν
516 2623 556 2696 εἰς
571 2624 658 2700 όνομα
672 2626 827 2702 τιμωμένην
846 2627 893 2685 τού
907 2623 995 2700 τιμίου
1009 2627 1144 2704 προφήτου
1161 2623 1322 2704 Πρσθρόμου
1336 2623 1385 2684 καὶ
1400 2624 1541 2684 Βαπτιστοῡ

256 2749 393 2828 Ἰωάννου,
424 2747 497 2808 ὡσόιν
525 2747 647 2823 διαμένει
669 2749 687 2822 ἡ
710 2747 818 2822 τοιαύτη
841 2749 1003 2818 κατάποσις
1025 2745 1072 2807 καὶ
1093 2748 1258 2818 ύποτύπωσις
1281 2745 1383 2822 βεβαία
1406 2746 1453 2806 καί
1475 2745 1540 2820 άμε-

254 2871 367 2943 τάθετος
389 2867 435 2930 καὶ
458 2867 535 2929 οὐδὲν
558 2869 623 2951 εύριη
645 2871 719 2950 παρά
746 2889 819 2941 τινος
845 2874 898 2928 τῶν
920 2869 991 2929 κατά
1012 2870 1094 2946 γένος
1115 2869 1307 2950 προσηκόντων
1329 2866 1404 2946 αύτῷ
1426 2865 1540 2927 καὶτῶν

256 2993 352 3053 ἄλλων
376 2994 501 3052 ἁπάντων
524 2989 676 3071 ἀνατρσπήν
698 3012 757 3051 τινα
779 2991 827 3052 καὶ
849 2992 996 3052 κατάλυσιν
1018 2991 1247 3066 καθόίονθήτινα
1266 2994 1374 3072 τρόπον,
1398 2991 1498 3066 ἐδεήθη
1514 2986 1540 3047 δὲ

254 3118 345 3194 τυχεῖν
373 3113 418 3175 ἐπὶ
444 3119 477 3197 τῇ
501 3111 656 3196 δηλωθείση
679 3113 754 3197 τιμία
774 3120 957 3196 πατριαρχικῇ
980 3119 1070 3195 γραφῇ
1093 3111 1140 3173 καὶ
1162 3115 1372 3194 προστάγματος
1393 3119 1444 3189 τῆς
1467 3111 1539 3187 βασι-

255 3238 335 3310 λείας
357 3257 409 3313 μου
432 3235 477 3297 διὰ
498 3235 547 3310 τὴν
570 3235 692 3295 ἐντεῦθεν
723 3235 833 3317 έθραίαν
855 3235 902 3296 καὶ
925 3239 1038 3312 μόνιμον
1062 3229 1263 3314 ἀνεναχλησίαν
1286 3235 1366 3296 αύτοΰ
1388 3233 1436 3295 καὶ
1459 3235 1539 3312 ἀορά-

255 3362 344 3439 λειαν,
370 3359 420 3435 τήν
440 3357 613 3440 παράκλησιν
636 3357 715 3417 αύτοῡ
736 3355 942 3438 προσδεξαμένη
965 3361 982 3434 ή
1007 3357 1135 3431 βασιλεία
1158 3379 1209 3433 μου
1230 3359 1261 3417 τό
1282 3357 1369 3438 παρον
1392 3355 1464 3437 αύτῷ
1485 3355 1539 3414 ἑπι-

255 3483 372 3562 χορηγεῑ
392 3482 564 3562 πρόσταγμα,
588 3479 622 3540 δι’
634 3473 665 3538 οὗ
684 3478 730 3540 καὶ
746 3479 897 3562 διορίζεται,
920 3482 959 3553 ὡς
973 3485 1007 3540 άν
1022 3481 1093 3540 κατὰ
1109 3481 1157 3556 τὴν
1171 3480 1317 3561 περιληψιν
1331 3486 1382 3556 της
1397 3481 1540 3558 γενομένης

257 3603 338 3684 αύτῷ,
361 3603 453 3673 καθὼς
477 3601 590 3683 εἴρηται,
612 3601 702 3678 τιμίας
717 3609 915 3684 τατριαρχικῆς
930 3609 1037 3683 γραφῆς
1053 3603 1168 3684 διαμένῃ
1183 3603 1202 3680 ή
1216 3601 1383 3673 ύποτύτωσις
1397 3600 1446 3661 καὶ
1459 3601 1539 3661 κατά-

176 3755 181 3762 ·
257 3746 357 3807 στασις,
379 3728 413 3801 ήν
437 3725 563 3800 ἐποίησεν
585 3718 662 3796 οὗτος
685 3724 718 3800 δὴ
742 3726 757 3783 ό
776 3725 984 3805 θεοφιλέστατος
1000 3725 1146 3796 ἐπίσκοπος
1161 3727 1267 3802 Ζιχνιῖιν
1284 3723 1324 3796 εἰς
1337 3725 1387 3799 την
1403 3721 1540 3804 εἰρημένην

211 3869 214 3877 ·
257 3845 408 3925 σεβασμίαν
432 3849 527 3926 μονήν,
551 3845 652 3920 βεβαία
674 3844 721 3906 καὶ
743 3846 914 3918 ὰκαταλυτος
935 3845 983 3906 καὶ
998 3844 1060 3906 att
1076 3843 1133 3919 έξει
1148 3845 1243 3906 ἄδειάν
1257 3867 1298 3918 τις
1312 3851 1365 3905 τῶν
1381 3847 1453 3906 κατὰ
1467 3847 1540 3924 γένος

255 3973 445 4052 προσηκόντων
468 3967 539 4048 αύτῷ
562 3967 609 4029 καὶ
630 3974 683 4028 τῶν
707 3969 803 4030 ἀλλων
825 3971 917 4030 όττοϊον
941 3969 1036 4044 δήτινα
1057 3969 1163 4028 λαίνκῖιν
1184 3989 1215 4028 τε
1234 3967 1281 4028 καί
1301 3974 1431 4047 μοναχῶν
1450 3985 1539 4047 πειρα-

255 4095 334 4172 θηναι
364 4092 411 4153 καί
442 4092 607 4173 ἐργάσασθαί
632 4113 656 4152 τι
684 4090 724 4164 εἰς
751 4089 903 4172 ἀνατροπὴν
929 4089 976 4150 καὶ
1004 4091 1153 4151 κατάλυσιν
1179 4095 1229 4166 τῆς
1250 4090 1377 4166 τοιαύτης
1400 4087 1540 4163 διατάξεως

255 4215 302 4276 καί
328 4212 525 4286 θποτυπιύσεως
553 4217 641 4295 αύτού,
672 4215 766 4290 ἐπειδὴ
793 4214 839 4274 καὶ
865 4214 957 4274 τούτου
980 4216 1073 4273 ἕνεκεν
1097 4211 1275 4292 ἐγένετοκαὶ
1298 4213 1539 4294 ἐπεχορηγήθηη

254 4337 363 4420 τοιαύτη
379 4337 516 4420 σεβασμίᾳ
539 4342 608 4418 μονῇ
623 4335 669 4396 καί
684 4339 715 4396 τύ
730 4337 815 4418 παρόν
830 4341 880 4412 της
896 4335 1040 4409 βασιλείας
1055 4355 1107 4410 μου
1122 4337 1284 4415 τροοτάγμα
1299 4331 1340 4406 εἰς
1355 4335 1503 4414 ἀσφάλειαν
1516 4335 1537 4406 t·

358 4454 472 4536 ήΕίχε
495 4459 530 4518 δέ
553 4457 608 4518 καὶ
631 4456 828 4538 δι’ἐρυθρῶν
848 4460 1052 4538 γραμμάτων
1074 4463 1131 4532 τῆς
1154 4456 1337 4532 βασιλικῆς
1359 4458 1477 4537 χειρός
1497 4455 1538 4512 τό

256 4579 333 4658 μηνὶ
356 4577 523 4660 ἀπριλλίῳ
546 4579 606 4640 ίνδ.
630 4577 657 4655 η’
680 4585 704 4657 ή.

360 4707 461 4765 Sathaa
478 4709 501 4763 I.
517 4727 547 4778 ρ.
567 4709 637 4762 223.
