3194 5298
1268 356 1329 422 159

41 579 114 632 μενον
137 559 339 639 άρχιερατικιῖις
361 564 411 634 τῆς
434 557 558 630 τοιαύτης
582 559 736 632 ἁγιωτάτης
758 556 956 635 μητροπόλεως
979 553 1178 631 Μονεμβασίας
1200 552 1248 614 καὶ
1269 555 1331 626 τούς

38 679 151 758 καθεξῆς
175 683 221 741 τὸν
246 683 329 756 αύτῆς
352 679 563 754 διαδεξομένους
584 681 679 760 θρόνον
703 679 885 739 ἐπαπολαύειν
901 685 950 753 τῆς
966 678 1118 754 ἀνηκούσης
1132 677 1171 756 τῷ
1185 680 1232 738 τοῦ
1248 677 1331 752 Σίδης

38 806 117 882 θρόνῳ
147 809 232 878 τιμῆς
260 803 289 862 ἐν
319 805 411 882 άπασι,
435 803 582 881 καθέδραις
604 823 634 860 τε
657 800 767 877 δηλαδὴ
789 799 836 860 καὶ
857 799 1066 884 προελεύσεσίί)
1090 823 1120 862 τε
1142 799 1189 861 καί
1211 804 1330 880 στάσεσι,

36 929 147 1006 γραφαῖς
170 947 202 984 τε
224 924 272 986 καὶ
287 926 362 997 ὅλως
376 929 432 996 τοῖς
448 923 583 1006 ἑθίμοιςθ)
605 925 696 1004 ἔργοις
711 923 912 1004 ἁρχιερατικοῖς
927 923 974 984 καὶ
989 925 1216 1004 λειτουργῆμασιν
1232 925 1330 982 ἅπασι·
1438 965 1441 970 Δ

37 1050 120 1126 φορεῖν
144 1047 178 1107 δὲ
202 1047 250 1108 καί
272 1051 375 1108 σάκκον
397 1049 426 1106 ἐν
449 1051 509 1120 ταῖς
531 1047 617 1119 θείαις
640 1046 857 1126 ίεροτελεοτίαις,
881 1048 983 1122 ὁμοίως
1006 1047 1038 1106 δὲ
1060 1045 1107 1106 καί
1130 1046 1330 1126 διβάμττουλον,
1364 1113 1367 1118 ,
1391 1131 1394 1138 Ι

36 1168 77 1227 καὶ
99 1170 201 1242 ἁπλῶς
223 1173 312 1230 πάντα
333 1171 367 1228 τὰ
391 1169 498 1244 ἐκείνης
520 1170 654 1249 προνόμια
675 1167 722 1228 καί
738 1167 831 1228 δίκαια
846 1169 935 1246 ἔχειν·
960 1166 1078 1257 ἔξαρχόν
1092 1189 1122 1229 τε
1138 1166 1185 1230 καὶ
1201 1163 1269 1228 εἶναι
1284 1167 1331 1228 καί

36 1293 164 1369 λέγεσθαι
193 1294 238 1352 τόν
267 1297 317 1368 τῆς
343 1292 469 1366 τοιαύτης
491 1293 646 1369 ἁγιωτάτης
673 1290 825 1366 ἐκκλησίας
847 1291 1046 1371 άρχιερατικῶς
1066 1295 1263 1372 προϊστάμενον
1285 1287 1332 1351 καί

36 1419 119 1490 πάσης
151 1415 188 1490 δὴ
212 1421 262 1490 τῆς
285 1414 527 1489 Πελοποννησουθ)
550 1412 669 1488 καὶτῆς
692 1415 814 1473 ἐντεῦθεν
836 1418 916 1488 τιμῆς
938 1413 1225 1494 προσαπολαύονταθ),
1255 1407 1274 1495 ᾖ
1297 1413 1332 1488 δὴ

36 1537 151 1610 καὶτοῖς
167 1538 271 1609 ἄλλοις
286 1537 397 1597 εἴθισται
418 1543 473 1597 τῶν
494 1537 648 1617 ἱερωτάτων
672 1536 822 1616 ἀρχιερέων
845 1537 900 1606 τοῖς
922 1533 1086 1611 ἠξιωμένοις
1101 1536 1235 1618 διαφόρων
1242 1535 1267 1620 ⁵)
1284 1535 1333 1610 ἐξ·

39 1661 160 1738 τρχεύειν
188 1661 316 1736 θεμάτων
342 1679 372 1718 τε
398 1658 445 1718 καί
472 1665 580 1738 χωρῶν.
614 1659 743 1730 ὡσαύτως
772 1657 802 1717 δέ
824 1659 892 1737 πρὸς
914 1661 970 1730 τοῖς
992 1659 1092 1731 ἄλλοις
1115 1658 1261 1719 καὶτοῦτο
1283 1660 1334 1718 θε-

38 1781 120 1852 σπίζει
142 1781 194 1841 καὶ
216 1781 446 1861 παρακελεύεται,
468 1781 571 1852 πάντας
594 1779 704 1854 δηλαδὴ
725 1779 788 1851 τούς
809 1779 941 1867 ύπῇαύτόν
965 1781 1127 1854 ἐπισκόπους
1142 1781 1171 1840 ἔν
1186 1801 1216 1840 τε
1231 1783 1334 1860 φήμαις

38 1903 80 1962 καί
109 1907 232 1984 γραφαῖς
261 1905 467 1982 ταναγιώτατον
494 1903 706 1983 προσαγορεύειν
731 1897 783 1987 [τε]
807 1900 854 1961 καὶ
876 1903 1064 1983 ὀνομάζεσθαι,
1096 1902 1175 1963 αὐτόν
1197 1902 1229 1962 δὲ
1250 1904 1334 1964 πάλιν

41 2026 66 2083 ἐν
94 2029 151 2097 τοῖς
184 2021 358 2101 αημειώμασι
387 2023 435 2084 καὶ
464 2026 620 2104 γράμμασιν
652 2022 805 2084 ἱνδικτιῶνα
832 2023 970 2103 ἐμφαίνειν
992 2025 1059 2106 πρός
1082 2026 1177 2098 αύτούς
1199 2023 1246 2086 καὶ
1266 2025 1334 2106 προς

40 2154 122 2206 πᾶσαν
154 2151 206 2223 τὴν
230 2150 309 2210 αυτοῦ
333 2147 467 2229 ἐπαρχίαν
490 2148 655 2228 ἀνθ’ἑτὲρας
678 2149 899 2223 ύποοημάνσεως.
939 2146 1000 2206 ἐπεὶ
1023 2147 1054 2208 δὲ
1078 2148 1194 2228 ἔφθασαν
1216 2168 1334 2228 προστε-

42 2271 114 2346 θῆναι
134 2274 270 2352 πρότερον
284 2277 317 2352 τῆ
333 2271 442 2352 τοιαύτη
459 2271 597 2352 ἁγιωτάτῃ
614 2270 781 2350 μητροπόλει
796 2269 844 2331 καί
860 2270 1004 2331 ἐπισκοπαὶ
1019 2264 1106 2354 αὗται,
1129 2273 1148 2347 ἡ
1162 2277 1213 2349 τῆς
1227 2271 1335 2332 Κυνουέ

44 2391 96 2468 ρίας
111 2395 146 2472 (ί),
179 2395 197 2467 ῆ
228 2399 275 2454 τοῦ
296 2393 408 2472 Ἕλους,
438 2395 457 2470 ἡ
485 2399 535 2469 τῆς
558 2387 668 2469 Μαίνης
698 2393 745 2452 καὶ
767 2396 785 2468 ἡ
808 2397 854 2453 τού
878 2394 1003 2465 Ῥέοντος
1024 2393 1071 2452 καὶ
1093 2395 1111 2468 ἡ
1134 2397 1180 2453 τού
1202 2395 1334 2473 Ζεμενοῦ,

43 2515 218 2592 τροτβεβαιοῖ
240 2516 291 2590 μὲν
314 2518 528 2596 προηγουμένως
550 2515 597 2576 καὶ
619 2514 828 2598 προσεδράζειί)
851 2517 949 2588 ταύτας
972 2518 1038 2598 αὐτῄ
1061 2514 1107 2576 καὶ
1130 2515 1175 2576 διὰ
1197 2520 1243 2576 τού
1262 2537 1335 2596 παρ-

45 2637 113 2708 όντος
133 2638 346 2718 χρυσοβούλλου
368 2637 455 2716 λόγου
478 2636 591 2719 αύτῆςὸ)
614 2641 632 2712 ἡ
656 2639 785 2714 βασιλεία
808 2659 869 2718 μου,
893 2637 939 2698 καὶ
962 2638 1081 2710 θεσπίζει
1100 2637 1147 2698 καί
1168 2638 1335 2699 διατάττεται

43 2759 86 2817 καί
112 2759 153 2832 εἰς
180 2761 211 2820 τέ
235 2757 300 2835 ἑξῆς
327 2759 370 2818 ὑπ’
384 2761 466 2834 ταύτην
495 2755 572 2840 εἶναι,
606 2761 698 2832 καθὼς
726 2761 892 2842 εὑρίσκονται
920 2763 1002 2842 μέχρι
1024 2759 1070 2820 καί
1093 2760 1132 2833 εἰς
1154 2764 1185 2821 τέ
1207 2763 1260 2820 νύν.
1297 2761 1336 2820 ἑτι

47 2883 132 2952 μέντοι
157 2883 193 2942 δι’
207 2884 286 2942 αότού
308 2881 342 2958 δὴ
365 2883 458 2942 τούτου
480 2883 510 2941 τό
533 2883 672 2961 φιλότιμον
696 2881 918 2962 προσεπαύξουσά
940 2905 970 2942 τε
993 2885 1075 2965 ταύτῃ
1098 2882 1145 2943 καί
1163 2882 1336 2963 προσεπιτεί-

48 3023 123 3063 νουαα
156 3004 264 3063 εύόοκεῖ
289 3003 336 3066 καὶ
361 3005 579 3084 παρακελεύεται
607 3005 649 3063 ὑπ’
664 3007 745 3080 αὐτὴν
773 3000 911 3065 εἶναικαὶ
935 3008 1029 3086 ἑτέρας
1053 3007 1201 3078 ἐπισκοπὰς
1223 3007 1335 3076 ταύτας·

47 3125 124 3202 ἤγουν
155 3128 205 3200 τὴν
231 3133 281 3202 τῆς
307 3123 449 3208 Κορώνης,
483 3109 531 3202 τὴν
561 3133 610 3202 τῆς
633 3129 769 3202 Μεθώνης
801 3127 846 3187 καί
873 3129 921 3202 τῆν
944 3134 993 3202 τῆς
1016 3129 1177 3208 Ἀνδρούπης
1200 3125 1246 3186 καὶ
1268 3125 1336 3186 ύπο-

49 3250 148 3308 κεῖαθαι
177 3249 279 3322 ὁμαίως
305 3248 351 3308 καὶ
378 3251 476 3320 ταύτας
504 3256 537 3330 τῆ
566 3253 633 3332 αύτῆ
662 3252 800 3331 ἁγιωτάτη
829 3251 964 3333 ἐκκλησίᾳ
985 3257 1034 3327 τῆς
1058 3250 1264 3330 Μονεμβασίας,
1299 3253 1339 3320 ὡς

48 3370 89 3428 καὶ
114 3373 164 3442 τὰς
192 3372 295 3451 άλλας,
331 3340 372 3442 ὡς
397 3373 450 3452 άρα
477 3373 644 3452 μητροπόλει
672 3375 757 3433 αύτῶν
780 3371 827 3432 καὶ
851 3373 980 3450 δέχεσθαι
1004 3371 1041 3442 εἰς
1065 3374 1203 3454 ἀρχιερεῖς
1226 3374 1338 3452 ἑαυτῶν,

51 3493 90 3562 ούς
112 3497 144 3552 άν
168 3496 184 3552 ό
209 3493 237 3552 ἐν
259 3501 292 3576 πῆ
316 3492 446 3575 εἰρημένῃ
467 3491 611 3574 ’ἁγιωτάτῃ
640 3497 808 3576 μητροπόλει
832 3495 1021 3574 εὑρισκόμενος
1044 3495 1187 3576 ἀρχιερεύς
1209 3514 1338 3575 χειροτο·

51 3621 120 3689 νῆσοι
150 3616 281 3696 διακρίνοι
308 3616 355 3677 καί
387 3617 586 3695 ἐγκαταστῆσαι
617 3619 659 3676 ἐπ’
674 3620 774 3689 αύταῖς.
813 3620 831 3692 ἁ,
855 3617 886 3677 δέ
908 3625 957 3693 τῆς
981 3617 1116 3698 ἐπαρχίας
1137 3619 1236 3693 ταύτης
1258 3617 1337 3698 περί-

52 3737 116 3818 τέος,
141 3741 180 3810 ὡς
204 3739 233 3797 ἐν
256 3740 329 3818 τύπῳ
350 3741 536 3821 περιγραφικῷ
560 3741 619 3818 ἔχει
641 3719 735 3812 οίπως.
767 3748 872 3820 πρῶτον
897 3741 946 3816 μὲν
970 3741 1015 3801 ούν
1039 3742 1203 3822 Ἐπίδαυρος
1225 3741 1338 3821 άρχαία,

51 3861 247 3936 ἡκαλουμένη
270 3863 395 3941 Λιμηρά·
431 3864 502 3938 μετὰ
532 3865 563 3923 δὲ
585 3865 681 3938 ταύτην
706 3864 749 3924 ἐπὶ
773 3860 844 3944 ἑῴαν
867 3867 983 3944 προϊόντι
1007 3865 1021 3922 ό
1044 3861 1151 3944 Ζάραξ·
1179 3864 1339 3942 προελθόντι

54 3981 79 4042 ἐὲ
100 3987 152 4044 άπύ
175 3986 303 4063 Ζάρακος
325 3985 399 4063 παρὰ
420 3987 468 4062 τὴν
491 3987 629 4045 θάλατταν
652 3989 769 4046 κατιόντι
793 3982 929 4072 [κιύμηίίθ
952 3985 1167 4066 ἡΚυπαρισσία·
1193 3981 1253 4044 εἶτα
1274 3987 1340 4056 ναὸς

53 4112 91 4165 τοῦ
113 4107 191 4184 ἁγίου
208 4107 362 4166 Λεωνίδου·
388 4108 457 4181 μετὰ
480 4107 511 4166 δὲ
534 4111 564 4167 τό
587 4112 633 4168 τοῦ
649 4108 727 4186 ἁγίου
743 4111 814 4168 θεῖον
831 4109 954 4187 τέμενος,
978 4110 1007 4166 τό
1023 4109 1195 4184 καλούμενον
1213 4107 1338 4186 Ἄστρος·

55 4227 214 4303 ἐπαναβάντι
246 4227 276 4287 δὲ
299 4232 380 4305 κώμη
407 4232 425 4304 ἡ
448 4233 607 4306 καλουμένη
632 4234 816 4304 Καατάνιτζα·
853 4228 922 4306 μετά
946 4231 977 4290 δὲ
999 4232 1097 4306 ταύτην
1120 4232 1271 4312 ἀπέρχεται
1293 4229 1339 4290 καὶ

150 4448 170 4512 ¹)
190 4444 363 4512 προεδρεύσεσι
382 4447 412 4496 Β.
485 4446 505 4512 2)
526 4444 657 4514 ἐθιομὲνσις
676 4449 705 4498 Β.
725 4442 813 4506 ύλοιςί
884 4447 905 4513 ³)
925 4444 956 4507 ἐξ.
976 4449 1059 4497 τοῦτον
1083 4446 1154 4516 μόνον
1178 4441 1239 4497 εἷναί
1256 4464 1282 4498 τε
1301 4447 1340 4497 καὶ

56 4535 157 4608 λέγεσθαι
183 4539 263 4604 πάσης
286 4539 345 4594 ίίελ.
368 4537 408 4590 τὸν
436 4545 477 4605 τῆς
501 4541 610 4606 τοιαύτης
636 4539 769 4611 ἁγιωτάτης
792 4541 968 4611 άρχιερατικῶς
993 4541 1058 4593 ἐκκλ.
1084 4546 1180 4610 προϊστ.
1206 4544 1253 4593 alii
1277 4543 1339 4594 odit.
1368 4610 1370 4614 Ι

57 4637 74 4699 ⁸)
89 4635 241 4688 ἀπολαύοντα
260 4639 322 4688 edit.
396 4639 416 4702 ὓ)
436 4637 558 4706 διαφόρως
572 4640 603 4690 R.
676 4639 808 4704 ⁰)si0R.‚
828 4639 875 4689 alii
890 4637 1160 4706 υιίῖθοτεαίίυθονρίας,
1234 4639 1339 4706 7)πρσσ-

57 4731 169 4800 τέράζεται
187 4735 219 4785 Β.
291 4735 313 4800 ⁸)
333 4730 406 4798 αὑτῆς
424 4733 452 4783 Ζ.
525 4733 546 4800 ⁰)
565 4733 676 4802 πόλισμά
693 4751 715 4784 τι
732 4736 764 4785 Β.
