3166 5298
1257 347 1317 412 127

48 541 68 602 οί
86 542 150 617 μετὰ
171 541 205 603 σὲ
228 543 459 622 ἐνασχολοθμενοι
481 543 644 604 τὰτοιαῦτα
666 545 792 618 κτήματα
814 543 973 622 διατηρῶσιν
996 542 1090 614 α’ντοίις
1110 543 1319 620 ἁνενοχλήτους.

48 662 112 738 μηνί
133 664 315 740 δκτωβρίου
337 663 360 738 ς’
382 665 411 742 †.

137 794 282 850 Ιυανιτιίὰοε
298 793 349 848 Ντ.
368 796 417 848 13.

231 1077 391 1144 XXVIII.
417 1075 664 1166 [6853-1353],
687 1099 796 1151 mense
819 1077 951 1162 octobri,
973 1079 1040 1145 ind.
1063 1079 1121 1144 VI.

46 1263 96 1317 Rex
104 1262 256 1334 Stephanus
269 1264 367 1318 &aaa
378 1264 518 1334 confimat
528 1264 688 1318 monasterio
699 1264 893 1334 μοιοεεείοοαα
903 1264 1026 1320 maacha
1036 1263 1154 1320 Samma
1164 1264 1318 1320 Barbarae.

47 1463 167 1546 Ἕτερον
194 1468 393 1548 πρόσταγμα
421 1473 479 1542 τῆς
510 1466 686 1540 βασιλείας
716 1467 827 1548 κυρίου
849 1469 1014 1548 Στεφάνου
1042 1465 1117 1548 περὶ
1143 1473 1202 1544 τῆς
1224 1467 1322 1546 ἁγίας

584 1588 771 1668 Βαρβὰρας.

134 1767 151 1839 †
167 1760 248 1822 Ἐπεί
263 1761 288 1823 οἱ
305 1763 487 1842 εὑρισκόμενοι
497 1759 620 1840 ,μοναχοὶ
637 1763 665 1820 ἐν
680 1769 713 1845 τῇ
728 1762 800 1822 κατὰ
810 1763 840 1822 τδ
852 1763 915 1843 θρος
925 1767 971 1822 τοῦ
979 1765 1098 1844 Σερρῶν,
1109 1765 1139 1824 τδ
1152 1763 1322 1838 καλούμενον

46 1882 201 1963 θίενοίκεων,
231 1884 391 1967 διοοιειμένῃ
413 1882 548 1966 οεβασμίᾳ
571 1889 640 1965 μονῇ
667 1889 716 1959 τῆς
741 1885 920 1964 περιποθήτου
947 1885 1078 1966 θυγατρὸς
1103 1891 1152 1960 τῆς
1179 1885 1322 1962 βασιλείας

46 2025 96 2082 μου,
116 2012 164 2081 τῆς
186 2005 362 2083 ἁβηλοτοίτης
385 2005 515 2086 ῥηγαίνης
532 2004 657 2086 Σερβίας,
680 2011 713 2088 τῇ
738 2004 777 2078 είς
798 2006 885 2082 ὄνομα
899 2008 1039 2089 τιμωμένῃ
1054 2011 1100 2068 τοῦ
1116 2006 1193 2086 ἁγίου
1210 2003 1321 2079 ἐνδόξου

46 2131 165 2206 ερορητου
188 2123 376 2214 [Προδρόμου]
401 2127 448 2187 καί
469 2129 619 2188 Βαπτιστοῦ
641 2127 768 2188 Ἰωοίννου
794 2127 929 2210 ᾐτήσαντο
956 2129 1003 2203 σἠν
1032 2127 1172 2202 βασιλείαν
1200 2148 1250 2203 μου
1276 2130 1322 2188 τθν

46 2247 95 2328 περὶ
114 2252 143 2310 εδ
166 2251 363 2329 ζευγηλατεῐον
387 2249 468 2326 αθιῆς
482 2251 513 2310 τδ
528 2250 698 2325 καλούμενον
713 2251 866 2330 Βερνὰρους
880 2251 1070 2331 εὑρισκόμενον
1088 2253 1224 2332 εδκτηριον
1237 2245 1321 2331 οίκον,

47 2373 81 2429 τἐν
102 2370 138 2444 είς
161 2372 250 2449 δνομα
271 2369 423 2448 τιμώμενον
446 2377 495 2448 τῆς
518 2371 598 2450 ἁγίας
620 2371 864 2452 μεγαλομὰρτυρος
886 2371 1043 2452 Βαρβοίρας,
1074 2373 1148 2444 ὅπως
1170 2371 1323 2454 εὑρίσκηται

48 2491 77 2563 είς
100 2499 229 2572 μετδχιον
256 2501 304 2570 τῆς
326 2495 386 2554 κατ’
400 2494 494 2566 αίντοίις
520 2495 643 2569 τοιαύτης
666 2499 761 2574 μονῆς,
795 2495 843 2569 τὴν
874 2493 977 2571 αἴτησιν
1008 2495 1094 2556 αἰντῶν
1116 2490 1322 2576 προσδεξαμένη

47 2615 60 2690 η
79 2615 202 2690 βασιλεία
225 2637 277 2692 μου
301 2617 443 2697 διορίζεται
467 2616 645 2692 ἐπιλαβέσθαι
667 2615 713 2676 καί
736 2618 862 2694 κατέχειν
879 2617 974 2689 αθτοθς
988 2619 1032 2678 τδν
1049 2617 1208 2694 δηλωθέντα
1224 2617 1323 2692 εθκιη-

12 2705 14 2812 ί
47 2756 92 2813 μον
112 2733 186 2797 οίκον
211 2739 274 2813 μεθ’
286 2733 323 2798 ὧν
338 2739 482 2814 κέκτηνται
498 2735 536 2810 είς
552 2739 678 2816 μετὸχιον
692 2743 742 2815 τῆς
758 2737 951 2817 διαληρθείοης
967 2744 1061 2819 μονῆς,
1077 2737 1123 2798 καὶ
1140 2739 1177 2814 μὴ
1194 2737 1323 2820 εὑρίσκειν

12 2843 14 2926 ί
48 2857 134 2942 ἐτίτῄ
161 2865 271 2940 κατοχῇ
300 2859 395 2932 αίιτοθς
416 2861 490 2940 παρὰ
512 2879 583 2932 τινος
606 2859 759 2935 διασεισμδν
781 2863 799 2934 ἢ
824 2859 996 2938 διενόχλησιν
1020 2859 1182 2935 οἱανδήτινα.
1231 2859 1324 2919 τούτου

47 2979 89 3058 χίρ
113 2985 192 3062 χοίριν
217 2981 340 3058 ἀπελύθη
362 2990 395 3065 τῇ
420 2982 598 3064 διαληρθείση
620 2981 756 3064 σεβασμίᾳ
779 2989 847 3064 μονῇ
869 2988 914 3043 τοῦ
939 2982 1096 3063 Προδρὰμου
1118 2980 1165 3042 καί
1186 2984 1215 3041 τ“ο
1237 2983 1323 3062 παρδν

48 3103 194 3181 πρόσταγμα
218 3111 268 3180 τῆς
291 3103 433 3178 βασιλείας
457 3125 517 3185 μου,
541 3105 649 3183 ὀφεῖλον
672 3107 812 3184 προσεῖναι
835 3107 900 3186 αὐτῇ
924 3103 958 3162 δι’
971 3105 1120 3184 ἁσροίλειαν
1142 3108 1167 3180 †.

137 3231 153 3302 †
176 3219 261 3304 Εἶχε
292 3225 331 3286 δι’
346 3225 488 3306 ἐρυθρῶν
510 3229 714 3306 γραμμοίτων
737 3232 794 3302 τῆς
817 3226 996 3302 βασιλικῆς
1017 3224 1073 3286 καί
1096 3222 1189 3298 θείας
1210 3225 1324 3304 χειρδς

49 3346 87 3401 τέ·
125 3349 293 3425 Στέφανος
326 3349 440 3420 πιστδς
474 3347 506 3407 ἐν
533 3346 661 3428 Χριστῷ
695 3347 737 3427 τῷ
771 3345 834 3425 θεῷ
864 3349 993 3428 κροίλης
1023 3345 1078 3407 καί
1113 3345 1324 3430 αθτοκρὰτυρ

50 3465 177 3546 Σερβίας
199 3467 255 3528 καί
279 3467 480 3548 Ῥωμανίας,
504 3466 581 3544 μηνί
604 3467 775 3548 δκτιοβρίῳ
798 3466 857 3529 ίνδ.
882 3466 905 3541 ς’
928 3473 954 3546 †.

136 3597 283 3652 Ιοαιειιὰίεε
298 3597 350 3652 Nr.
369 3597 419 3652 14.
443 3597 505 3652 lad.
530 3597 577 3652 VI.
595 3603 633 3651 τοι
648 3598 729 3651 εοίιινκ
745 3599 921 3652 anai1338.

355 3942 383 4012 χ
507 3897 636 3966 XXIX.
661 3899 737 3966 Sine
759 3921 853 3966 anno.

54 4078 104 4134 Βαο
116 4081 268 4155 Stephanus
283 4083 385 4140 Παίονα
399 4085 482 4140 donat
500 4087 661 4140 monasterio
678 4084 794 4141 Sanctae
810 4087 974 4142 Δααεθατίειε
989 4086 1242 4158 Ρθατοιαοοίμθιὰαο
1256 4089 1326 4144 bona

353 4189 473 4256 fratrum
492 4191 682 4260 ayriaazoram
696 4192 751 4245 sita
766 4192 794 4245 ιἰι
809 4193 867 4246 vico
885 4192 1010 4246 Οαοθίθοα.

147 4392 353 4475 Πρόσταγμα
375 4395 545 4472 Στεφάνου
566 4398 623 4452 τοῦ
644 4393 753 4474 κροίλη
777 4392 919 4472 Σερβίας
940 4391 995 4454 καὶ
1019 4391 1215 4470 Ῥωμανίας.

142 4567 214 4644 ΓΗ
241 4567 381 4648 κραλὰτης
410 4587 461 4644 μου
489 4567 548 4644 ἔχει
575 4565 686 4642 θέλημα
712 4565 759 4626 καί
786 4567 926 4647 διορίζεται
953 4565 998 4628 διὰ
1023 4569 1069 4628 τοῦ
1089 4567 1222 4646 παρόντος
1244 4568 1326 4644 αθιῆς

58 4689 248 4766 ἶροστὰγματος
269 4685 317 4766 καί
340 4689 476 4768 εθεργετεῖ
497 4689 563 4768 πρδς
584 4689 633 4764 τὴν
649 4687 797 4764 σεβασμίαν
814 4687 898 4763 μονὴν
913 4693 962 4766 τῆς
977 4687 1057 4767 ἁγίας
1073 4684 1183 4760 ἐνδόξου
1199 4689 1325 4767 μεγαλο-
