3166 5298
1263 363 1324 428 119

143 559 158 628 †
185 549 267 632 Εἰχε
295 553 352 616 καί
383 555 421 616 δι’
440 555 581 636 ἐρυθρῶν
609 560 816 637 γραμμάτων
846 565 905 634 τῆς
934 557 1116 634 βασιλικῆς
1145 555 1201 617 καί
1230 557 1325 628 θείας

46 676 154 756 χειρός
173 679 219 734 τό·
243 674 321 752 μηνί
344 673 513 757 ἀπριλλίῳ
535 677 580 750 κς’
687 683 712 754 ή.

143 804 282 860 Ιυιιιιιιίιίσσ
297 805 349 860 Nr.
369 806 396 860 6.

210 1043 216 1070 t

314 1055 408 1122 XXI.
433 1053 510 1120 Sine
532 1078 626 1142 anno,
655 1055 684 1120 9.
708 1057 827 1122 mensis
851 1055 1043 1122 decembris.

47 1221 103 1274 Ra
116 1219 264 1292 Stephanus
281 1221 380 1276 Βαίου
401 1223 498 1276 iterum
512 1223 605 1277 σσαιθίί
620 1221 653 1276 de
667 1221 834 1276 restitutione
849 1222 912 1294 αρτί
926 1221 993 1276 dicti
1008 1221 1168 1292 Monospita
1183 1221 1221 1275 αιί
1235 1237 1324 1275 mona·

614 1326 734 1380 sterium.

329 1494 533 1572 Πρόσταγμα
555 1491 578 1564 ζ’
603 1491 646 1564 εἰς
668 1492 721 1568 τὴν
744 1493 844 1568 αἰιτὴν
867 1492 1029 1552 ὑπόθεσιν.

139 1656 154 1728 †
176 1649 272 1710 Οἰκείε
296 1655 328 1731 τῇ
352 1649 481 1732 βασιλείᾳ
503 1669 565 1726 μου,
588 1649 731 1725 δομέστικε
752 1651 801 1729 κΰρ
817 1649 931 1722 Ἰωάννη
947 1648 1137 1726 Ταρχανιιίιτη.
1160 1645 1325 1723 ήβασιλεία

46 1791 93 1843 μου
106 1771 242 1851 δισρίζεταί
265 1793 315 1832 σοι.
338 1772 390 1852 πρδ
412 1772 518 1852 χρόνων
541 1771 586 1830 διὰ
606 1769 813 1850 χρυσσβοόλλου
836 1769 889 1828 σίπδ
912 1766 1050 1844 μεσιτείας
1071 1773 1121 1843 τῆς
1142 1770 1324 1849 περιποθήτου

47 1893 165 1974 θυγατρός
190 1900 239 1969 της
267 1893 410 1968 βασιλείας
433 1914 494 1971 μου,
517 1897 566 1969 τῆς
588 1893 762 1969 ὑψηλοτάιης
783 1889 935 1972 κραλαίνης
957 1895 1006 1966 τῆς
1029 1890 1246 1962 αίιθεντοποίιλας
1268 1898 1325 1971 σου,

46 2017 105 2092 πρός
129 2017 175 2090 τὴν
202 2016 274 2076 κατὰ
295 2017 326 2076 τό
353 2016 416 2096 όρσς
438 2015 598 2076 Μενσίκεων
625 2015 799 2089 διακειμένην
821 2012 974 2088 σεβασμίαν
997 2013 1082 2088 μονήν
1104 2013 1153 2088 τήν
1176 2009 1217 2084 εἰς
1238 2012 1327 2088 ὄνομα

46 2140 188 2214 τιμωμένην
212 2142 260 2197 τοῦ
286 2137 373 2212 τιμίου
399 2139 533 2216 προφήτου
556 2135 718 2216 Προδρόμου
740 2132 787 2194 καί
808 2135 957 2194 Βάπιιστοῦ
980 2135 1107 2194 Ἰωάννου
1128 2135 1160 2194 τό
1181 2133 1254 2214 παρὰ
1276 2139 1327 2209 τῆς

47 2259 158 2336 τοιαύτης
179 2265 265 2334 μονῆς
286 2259 475 2339 εὑρισκόμενον
499 2257 629 2338 ιἰγρίδισν,
651 2258 682 2316 τό
704 2257 857 2335 λεγόμενον
881 2257 1070 2337 Μονόσπητον,
1094 2257 1160 2336 όπερ
1182 2255 1326 2334 κατείχετο

48 2383 162 2460 πρότερον
184 2381 229 2442 διὰ
250 2389 398 2462 πρακτικοῦ
421 2380 460 2454 εἰς
483 2379 638 2456 οἰκονομίαν
659 2377 735 2458 παρὰ
755 2382 802 2438 τοῦ
825 2377 924 2438 οἰκείου
946 2385 979 2460 τῇ
1000 2378 1128 2462 βασιλείᾳ
1143 2400 1205 2458 μου,
1229 2383 1327 2440 σεπτοῡ

47 2501 127 2580 κυρίου
140 2503 294 2583 Νικηφόρσυ
316 2508 362 2564 τοῦ
377 2503 524 2584 Μαρτίνου,
549 2501 606 2562 ἀντί
627 2502 775 2578 ποσότητος
798 2503 970 2577 νομισμάτων
985 2501 1014 2560 λ’
1031 2548 1038 2562 .
1058 2549 1064 2562 .
1083 2548 1089 2562 .
1105 2501 1171 2580 πρδς
1194 2501 1273 2559 αίιτδν
1295 2497 1327 2559 δὲ

46 2624 86 2681 τόν
107 2626 198 2686 σεπτόν
214 2626 352 2704 Μαρτῖνον
376 2623 466 2684 ἐδίδου
488 2625 518 2684 ιδ
541 2625 591 2700 μὲν
613 2625 743 2704 πρότερον
767 2618 825 2682 ἀντί
847 2623 940 2684 τούτου
961 2625 1041 2704 χάριν
1056 2617 1199 2701 προσοδίου
1216 2623 1295 2682 αἰιτοό
1305 2621 1326 2703 ¹)

47 2741 211 2832 νσρήίσματα]
241 2795 276 2809 ..
300 2793 307 2810 .
330 2750 382 2827 πρό
404 2768 475 2818 τινος
504 2747 593 2822 δ’ήδη
621 2750 715 2826 καιροῦ
742 2744 883 2826 διωρίσατο
912 2747 931 2822 ή
959 2743 1087 2818 βασιλεία
1103 2765 1163 2825 μου,
1194 2744 1239 2803 ἵνα
1261 2741 1327 2826 δοθῇ

47 2887 81 2943 τῳ
101 2869 206 2948 τοιούτῳ
230 2868 358 2948 Μαρτίνῳ
382 2866 439 2928 ἀντὶ
461 2871 508 2928 τοῦ
531 2869 705 2943 δηλωθέντος
732 2849 856 2948 οἰγριδίου
875 2866 928 2927 ἀπό
950 2873 1000 2942 τῆς
1023 2865 1180 2943 οἰκονομίας
1201 2860 1235 2940 ἧς
1257 2886 1327 2925 κατ-

50 2991 101 3064 εῖχε
120 2989 178 3070 περὶ
199 2991 249 3062 τὰς
271 2991 375 3071 Σάρρας
397 2991 414 3065 ἡ
438 2992 557 3070 θυγάτηρ
579 2996 625 3050 τοῦ
649 2989 789 3066 Ῥωμαίου
813 2989 926 3068 ἐκείνου,
949 2991 1067 3064 ποσότης
1090 2989 1263 3063 νομισμάτων
1286 2985 1326 3066 λ’,

50 3105 87 3166 διὰ
105 3113 134 3170 τό
154 3112 197 3171 ἵνα
211 3099 363 3190 κατέχηται
381 3113 412 3172 τό
428 3111 553 3186 δηλωθὲν
570 3109 690 3190 ἀχρίδιον
705 3109 780 3190 παρὰ
794 3116 843 3186 τῆς
859 3107 1006 3190 εἰρημένης
1022 3114 1107 3184 μονής
1123 3108 1327 3189 ἀνενσχλήτως,

50 3229 199 3310 ἀσυγχήτως
220 3233 267 3294 καὶ
288 3233 466 3307 άδιασείστως
482 3232 538 3292 οἰντί
554 3235 711 3314 ποσότητος,
736 3235 774 3305 ὡς
790 3231 956 3310 δεδήλωται,
979 3233 1152 3308 νομισμάτων
1167 3229 1206 3292 λ’.
1230 3229 1329 3312 ἀρτίως

51 3350 76 3412 δὲ
97 3354 237 3435 ἐχνὼρισεν
259 3358 277 3430 ή
301 3355 430 3425 βασιλεία
453 3377 505 3430 μου
529 3353 560 3428 ἐξ
583 3357 719 3437 ἀναφορᾶς
740 3359 787 3416 τοῦ
809 3355 1016 3434 θεοφιλεστάτου
1039 3354 1187 3414 ἐπισκόπου
1209 3355 1326 3434 Ζιχνῶν,

48 3475 73 3546 ἰς
93 3481 267 3553 συνεστήσατο
290 3479 339 3552 τήν
360 3479 483 3553 τοιαύτην
506 3479 591 3554 μονὴν
614 3476 644 3551 ἐξ
667 3475 773 3538 οἰκείων
796 3478 888 3536 κόπων
908 3475 956 3536 καί
972 3471 1172 3554 ἀναλωμάτων,
1197 3477 1236 3534 ότι
1252 3473 1329 3535 σὐδὲν

47 3599 154 3660 πείθεται
177 3602 191 3660 ὁ
216 3599 353 3674 δηλωθείς
374 3600 512 3680 Μαρτῑνος
535 3597 717 3672 ἀναδέξασθαι
741 3599 774 3658 ἐκ
794 3605 844 3676 τῆς
867 3598 992 3678 ῥηθείσης
1015 3596 1172 3672 οἰκονομίας
1194 3600 1240 3656 τοῦ
1256 3597 1329 3656 Ῥω-

49 3720 118 3793 μαίου
147 3723 251 3782 ἐκείνου
277 3723 326 3797 τὴν
355 3723 527 3798 δηλωθείσαν
549 3725 686 3796 ποσότητα
707 3726 760 3780 τῶν
783 3720 811 3781 λ’
835 3723 1006 3796 νομισμάτων
1029 3717 1076 3779 καί
1099 3717 1143 3777 διὰ
1165 3721 1242 3778 τοῦτο
1265 3717 1329 3778 οἰιδὲ

49 3843 73 3900 τό
94 3847 174 3924 μέρος
195 3851 245 3920 τῆς
268 3844 442 3920 δηλωθείσης
465 3851 551 3920 μονῆς
575 3843 684 3922 ἐγένετο
708 3843 799 3920 ἀκμὴν
823 3843 852 3903 ἐν
874 3849 981 3924 κατοχῇ
1003 3845 1049 3902 τοῦ
1065 3841 1192 3922 ῥηθέντος
1208 3839 1329 3920 ἀγριδίσυ

50 3967 88 4021 τεῦ
101 3966 288 4044 Μονοστσήτου,
311 3965 358 4026 καὶ
380 3967 557 4046 παρεκάλεσε
579 3965 626 4026 καί
649 3967 764 4041 ἐζήτησε
786 3963 834 4026 καὶ
857 3962 940 4044 αὖθις,
964 3965 1003 4036 ὡς
1026 3966 1057 4022 ἄν
1081 3962 1185 4044 διορίσρ
1207 3963 1225 4038 ή
1249 3961 1329 4036 βασι-

51 4084 107 4145 λεία
128 4109 177 4163 μσυ
200 4087 247 4149 καί
272 4087 396 4170 ἀπολυθῇ
418 4090 581 4166 πρόσταγμα
605 4087 644 4160 εἰς
665 4088 714 4165 τήν
736 4085 797 4167 περὶ
819 4087 911 4146 τούτου
934 4085 1101 4165 δερέντευσιν
1124 4081 1171 4146 καί
1186 4079 1330 4145 ἀποκατά-

50 4227 128 4268 στασιν
149 4217 198 4286 τῆς
223 4207 369 4291 εἰρημένης
392 4215 488 4285 μονῆς.
523 4210 571 4285 τήν
593 4213 659 4287 γοῦν
680 4208 852 4290 παράκλησιν
876 4210 955 4268 αυτοῦ
976 4205 1184 4287 προεδεξαμένη
1206 4207 1225 4284 ή
1248 4206 1330 4282 βασι-

49 4325 104 4388 λεία
124 4353 173 4405 μου
197 4332 258 4409 ἔχει
282 4331 393 4408 θέλημα
414 4329 461 4392 καί
484 4331 628 4411 διορίζεταί
650 4352 700 4411 σοι,
732 4331 771 4402 ὡς
794 4333 835 4410 ἂν,
858 4329 951 4402 καθὼς
973 4329 1134 4412 διακομισθῇ
1156 4329 1225 4408 πρός
1247 4328 1278 4388 σὲ
1300 4329 1331 4388 τδ

51 4452 124 4530 ταρδν
143 4457 316 4534 πρόσταγμα,
340 4453 374 4515 ἐκ
394 4457 440 4514 τοῦ
461 4453 613 4534 παραυτίκα
634 4453 801 4535 παραδώσης
823 4451 853 4511 σίι
875 4453 942 4532 πρός
964 4451 1012 4528 τήν
1034 4453 1164 4529 τουαίιτην
1180 4451 1266 4528 μονὴν
1281 4452 1330 4528 τήν

143 4715 161 4780 ¹)
180 4709 252 4772 ωας
270 4715 291 4764 1.
