3246 5288
1323 354 1384 419 441

94 557 205 610 diaconi
218 555 365 625 Νἰσσρόοπι·
383 555 533 624 hausimus,
557 572 626 624 φυασ
641 555 715 608 dicta
730 561 792 608 ουπί
807 555 840 608 de
861 554 976 610 θέειον-ια
991 557 1148 610 monasterii
1168 557 1197 610 ιἰι
1214 556 1388 625 praefatione

95 685 119 732 τί
134 677 176 732 his
191 679 317 732 addimus
332 676 534 746 άιοονιρίίοποιυ
550 675 604 730 ίοσί
616 681 641 730 σί
649 673 809 746 fragmenta
826 676 959 745 φυασάαυι
974 675 1210 746 ammarum,
1234 694 1304 746 quae
1319 677 1388 732 ίιθτο

95 818 145 854 suo
169 801 296 868 ἐπυσνιιέίς
318 805 344 854 εί
360 799 452 869 primo
474 799 580 869 φυάίσνι
603 797 755 852 ίσοίιῖιιοιιέα
776 797 809 852 dc
831 797 1011 852 ουιιιίόθυπιίιιισ
1033 797 1191 852 monasterii
1209 798 1343 867 μουιῖιιυιι.

200 917 222 976 1.
246 914 431 994 Μαρτυρίαι
445 911 596 993 περὶτῶν
612 911 709 972 ὁσίων
727 911 878 992 πατέρων
903 911 940 971 ἐκ
961 916 1024 972 τῶν
1045 911 1310 992 χρυσοβοθλλων
1333 917 1388 974 τοῦ

97 1037 130 1095 ἐν
161 1036 355 1118 βασιλεῦσιν
383 1035 535 1111 ἀοιδίμου
558 1032 811 1094 Χωνσταντίνου
832 1036 888 1094 ποῖ
910 1035 1130 1114 Μονομάχου,
1160 1037 1216 1094 τοῦ
1238 1033 1389 1116 κτίτορος

96 1164 154 1234 τῆς
177 1165 290 1234 μονῆς.
321 1158 391 1217 Δίδ
413 1155 461 1216 καί
482 1158 500 1230 ή
523 1156 671 1236 θεοστεφὴς
693 1156 773 1232 ἡμῶν
795 1154 954 1232 γαληνόν-ης
975 1161 1009 1238 τῇ
1033 1155 1062 1215 ἐν
1078 1155 1138 1234 Χίῳ
1154 1155 1214 1238 Νέᾳ
1237 1157 1318 1237 Μονή
1339 1161 1389 1232 τής

96 1279 246 1358 όπεραγίας
268 1280 404 1358 θεοτόκου,
427 1281 461 1356 ήν
477 1279 574 1358 ἄνδρες
598 1277 727 1354 εὐλαβεῖς
751 1276 783 1338 ἐκ
805 1277 913 1358 βάθρων
933 1277 1020 1337 αθτῶν
1044 1277 1245 1358 ἀνεγείραντες,
1270 1277 1299 1338 ἐν
1322 1279 1388 1359 α’ντῇ

96 1399 143 1460 καί
164 1401 214 1472 τὰς
236 1399 361 1474 καλύβας
385 1397 519 1474 ἐπήξαντο
535 1398 668 1458 καὶκατὰ
683 1399 732 1470 τὰς
754 1398 900 1479 φιλεργοὺς
923 1398 1058 1474 μελίσσας
1080 1400 1110 1458 τό
1132 1399 1221 1460 καλόν
1245 1399 1273 1460 ἐν
1296 1399 1389 1472 αίιτοιῖς

96 1527 145 1596 τῆς
168 1521 268 1601 ἀρετῆς
291 1521 357 1596 μέλι
387 1521 541 1598 φιλοπόνως
563 1520 747 1598 συλλέγοντες
770 1520 911 1596 πάντοθεν,
942 1521 1033 1599 ὥσπερ
1056 1519 1086 1578 ἐν
1110 1521 1238 1595 οίμβλοις
1262 1520 1388 1580 ἐναποτί-

97 1644 197 1722 θενται,
219 1643 265 1701 τδν
289 1643 322 1702 ἐκ
342 1643 434 1702 τούτου
456 1643 590 1721 φωτισμόν
614 1641 718 1702 ἐκεῖνον
741 1635 826 1701 ἀίδιον
848 1639 896 1700 καί
919 1641 968 1716 τήν
990 1639 1162 1720 γλυκυτάτην
1184 1648 1233 1718 τῆς
1256 1638 1389 1722 ἀφθάρτου

96 1769 195 1843 τρυφῆς
225 1764 445 1842 ἀπεκδεχόμενοι
476 1762 594 1840 μέθεξιν.
640 1771 679 1825 Et
707 1772 736 1824 in
765 1771 821 1825 alio
850 1770 1033 1840 σθιχιοθυίίοι
1062 1763 1148 1824 πολὺν
1175 1764 1229 1845 γὰρ
1252 1763 1277 1824 σί
1301 1765 1390 1824 ἐκεῖσε

98 1884 215 1964 μοναχοὶ
232 1885 270 1969 (οἱ
286 1887 315 1946 ἐν
330 1893 363 1968 τῇ
378 1883 451 1968 Χίῳ)
466 1890 512 1946 τοῦ
528 1881 599 1946 κατὰ
621 1885 684 1946 θεδν
707 1885 766 1960 βίου
780 1887 960 1962 ποιησάμενοι
983 1884 1079 1967 λόγον,
1102 1885 1177 1965 είπερ
1192 1886 1263 1959 τινδς
1286 1886 1389 1966 ἐτέρου,

98 2007 294 2086 φροντίσαντες,
326 2007 472 2086 ἀναλόγως
498 2007 537 2086 τῷ
567 2005 618 2086 βίῳ
640 2005 687 2068 καί
708 2009 755 2067 τδν
776 2006 852 2086 παρὰ
874 2013 924 2083 τῆς
953 2005 1098 2082 βασιλείας
1128 2028 1180 2082 μου
1203 2007 1389 2067 ἐπεσπάσαντο

98 2129 189 2190 ἔλεον.
236 2136 274 2190 Et
296 2137 325 2190 ιἰι
347 2137 438 2190 tertio:
462 2128 497 2190 Οί
520 2132 615 2208 γάρτοι
636 2128 711 2208 παρὰ
732 2134 765 2210 τῇ
789 2127 902 2210 ῥηθείσῃ
925 2128 1060 2212 σεβαομίφι
1083 2135 1153 2211 μονῇ
1177 2125 1225 2213 (τῇ
1247 2126 1322 2211 Νέᾳ)
1346 2128 1391 2187 διὰ

98 2249 157 2322 βίον
186 2253 367 2331 προσανέχειν
396 2253 529 2334 ᾑρημένοι
558 2257 591 2332 τή
621 2252 768 2330 θεομήτορι
793 2248 938 2312 καὶτοῦτο
960 2251 1012 2330 πφδ
1034 2249 1088 2310 τῶν
1112 2251 1208 2310 ἀλλων
1232 2249 1312 2328 έργον
1335 2255 1389 2310 τῶν

33 2373 42 2387 ’
98 2370 317 2434 σπουδαιοτάτων
344 2374 477 2447 τιθέμενοι
500 2372 615 2452 καρδίαν
637 2372 760 2452 καθαρὰν
782 2371 829 2432 καί
851 2377 957 2447 πνεῦμα
980 2371 1057 2445 εθθίνς
1079 2374 1127 2448 τὴν
1158 2373 1209 2448 μὲν
1233 2373 1261 2434 ἐν
1286 2371 1390 2443 ἑαυτοῖς

98 2495 141 2554 ἀεί
170 2515 229 2566 πως
258 2495 419 2568 κτιζομένην
442 2497 516 2574 ἔχειν
538 2496 613 2576 όροῖν,
642 2495 673 2554 τό
697 2492 721 2552 δ’
738 2495 767 2554 ἐν
789 2497 845 2566 τοῖς
869 2494 1247 2574 ἐγκάτοις“ἐγκαινιζόμενον.
1294 2501 1388 2570 Praes.

93 2643 125 2694 p.
145 2624 203 2678 ΙΙΙ.
232 2618 269 2676 ll.
287 2617 344 2676 Ἐκ
358 2621 420 2676 τῶν
435 2616 696 2696 χρυσοβοθλλων
711 2621 767 2678 τοῖν
784 2616 937 2692 ἀοιδίμου
957 2615 1125 2692 βασιλέως
1141 2615 1391 2678 Χωνσταντίνου

98 2743 152 2798 τοῦ
182 2739 299 2798 Δοὺκα.
344 2740 403 2813 Τὴν
427 2739 456 2797 ἐν
477 2737 538 2817 Χίῳ
568 2741 664 2818 μονήν,
694 2741 752 2813 ἥτις
777 2739 818 2797 ἐπ’
835 2738 946 2813 ὀνόματι
967 2744 1017 2814 τῆς
1039 2739 1222 2819 θπεραμώμου
1246 2735 1388 2814 δεσποίνης

97 2862 176 2936 ἡμῶν
199 2859 246 2919 καί
275 2861 442 2940 θεομήτορος
471 2859 582 2939 ίδρυται,
615 2861 647 2918 ἐκ
668 2859 806 2938 κρηπίδων
829 2859 876 2920 καί
906 2860 1014 2940 βάθρων
1037 2860 1124 2921 αὑτῶν
1146 2861 1339 2934 συνεστήσαντο
1362 2859 1388 2920 σί

98 2981 226 3056 εὐλαβεῖς
257 2979 374 3058 μοναχοὶ
405 2979 451 3040 καί
481 2982 637 3060 θαυμάσιοι,
672 2980 696 3040 οἱ
727 2983 863 3058 σύμψυχοι
892 2975 940 3040 καί
969 2982 1114 3062 όμότφοποι
1143 2979 1189 3042 καί
1219 2982 1268 3058 τήν
1297 2981 1387 3060 ψυχὴν

96 3105 246 3178 ὁμαίμονες
273 3107 292 3178 ἡ
323 3102 371 3178 τὴν
400 3107 446 3164 τοῦ
475 3106 602 3178 σώματος
633 3105 725 3182 σχέσιν
754 3101 801 3162 καί
824 3103 857 3163 ἐκ
884 3104 976 3164 τούτου
1005 3104 1178 3181 συγγένειαν·
1211 3105 1311 3184 θερμός
1333 3102 1386 3182 γάρ

97 3226 166 3305 ἔρως
195 3231 245 3300 πής
275 3225 384 3302 ἀγάπης
416 3224 573 3304 ἀμφοτέρων
604 3225 739 3304 ἐνέσκηψε
768 3228 826 3295 ταῖς
856 3227 964 3303 ψυχαῖς,
995 3224 1095 3298 κλῆσις
1116 3223 1154 3302 τῷ
1178 3222 1228 3298 μὲν
1252 3221 1386 3301 Νικήσας,

96 3349 209 3427 θάτερος
232 3346 263 3406 δέ
279 3347 411 3422 Ἰωάννης
433 3331 656 3428 κατονόμάζεται,
680 3347 728 3420 τὴν
745 3345 885 3422 ἐπίκλησιν
902 3346 954 3406 ἀπδ
973 3350 1022 3420 τῆς
1044 3350 1090 3405 τοῖν
1111 3346 1194 3406 τόπου
1216 3346 1388 3422 κτησάμενος

95 3471 200 3542 θέσεως
228 3469 327 3528 τοότων
356 3469 372 3526 ό
402 3469 463 3546 μέν,
493 3470 552 3540 ταῖς
583 3467 614 3527 δέ
643 3473 697 3526 τῶν
727 3467 830 3545 ἀρετῶν
852 3468 1044 3546 καθωροίῖοται,
1075 3467 1090 3524 ὁ
1120 3465 1144 3526 δ’
1162 3465 1265 3538 ἄλλαις
1288 3467 1388 3526 τούτων

95 3592 275 3667 κεκόσμηται.
309 3588 356 3650 καί
380 3589 526 3670 ἀμφότεροι
547 3589 597 3661 τάς
618 3591 708 3660 πάσας
731 3588 765 3648 δι’
780 3583 916 3662 ἀλλήλων
940 3588 1071 3648 ἔσπευσαν
1094 3588 1306 3664 ἐπικτησάμενοι
1329 3635 1386 3650 ...

98 3721 130 3774 In
153 3721 242 3774 eodem
264 3719 446 3788 chrysobullo:
477 3711 547 3782 Τοίνς
579 3711 607 3771 ἐν
636 3717 670 3792 τῇ
700 3713 775 3790 νήσῳ
804 3715 837 3792 τῇ
861 3709 921 3789 Χίῳ
950 3710 998 3785 τὴν
1021 3711 1096 3770 Νέαν
1120 3710 1216 3786 Μονὴν
1246 3716 1296 3786 τῆς
1322 3712 1387 3772 θεο-

95 3837 213 3916 μήτορος
237 3835 271 3895 ἐκ
301 3833 408 3914 βάθρων
433 3834 519 3894 αθτῶν
549 3834 739 3914 ἀνεγείραντσς
768 3835 945 3909 τιμιωτάτους
968 3833 1105 3912 μοναχοίις
1127 3831 1174 3894 καί
1195 3833 1320 3914 κτίτορας
1342 3831 1389 3892 καί

94 3957 255 4036 καθηγητὰς
277 3953 325 4016 καί
348 3954 393 4014 διὰ
413 3962 462 4030 τής
485 3956 584 4036 ἀρετῆς
605 3952 644 4034 τῷ
667 3955 722 4035 θεῷ
741 3957 952 4036 πλησιάζοντας,
975 3953 1097 4030 Νικήταν
1112 3953 1160 4014 καί
1175 3955 1315 4036 Ἰωάννην,
1339 3947 1389 4014 οἷοι

94 4081 143 4154 τὴν
167 4079 267 4158 ἀρετήν
297 4076 344 4137 καί
366 4079 412 4137 τδν
434 4076 495 4157 περί
517 4078 565 4152 τὴν
588 4043 727 4152 εθσέβειαν
760 4078 845 4155 ζῆλον
869 4079 1087 4156 ἐπιγινώσκουσιν
1111 4047 1238 4156 άπαντές,
1269 4079 1327 4136 όσοι
1350 4077 1389 4152 μὴ

97 4201 282 4278 ἐθελοκωφεῖν
306 4199 439 4278 αἱροῦνται
460 4201 527 4278 πρός
549 4199 583 4260 τά
604 4199 691 4278 καλά,
722 4202 830 4272 τούτους
853 4198 969 4260 αἰδεῖται
998 4200 1049 4274 μὲν
1071 4199 1117 4260 καί
1139 4199 1206 4281 τιμᾷ
1228 4199 1314 4258 πλέον
1335 4204 1390 4258 τῶν

96 4325 193 4384 ἀλλων
213 4323 244 4382 τό
266 4323 366 4402 κράτος
387 4323 467 4396 ἡμῶν
490 4320 650 4395 σεβάίεσθαι
673 4323 721 4397 τὴν
745 4323 844 4403 ἀρετὴν
867 4322 1044 4398 ἐπιστάμενον
1066 4369 1123 4383 ...
1147 4327 1186 4382 Ec
1208 4328 1237 4381 ιἰι
1259 4325 1329 4382 alio:
1350 4319 1390 4398 τῷ

95 4466 137 4506 τοι
159 4445 222 4516 τοὺς
243 4444 379 4516 τοιοότους
401 4442 511 4522 ἀνδρας,
535 4443 573 4515 ὡς
597 4443 718 4518 εῑνσεβεῖς
740 4443 786 4503 καί
809 4443 897 4516 θείους
919 4443 966 4502 καί
989 4443 1077 4524 ίεροίις
1098 4440 1144 4504 καί
1159 4443 1193 4502 τά
1212 4443 1272 4502 θεῖα
1294 4441 1391 4520 σσφοθς

94 4568 113 4641 ἡ
136 4564 265 4638 βασιλεία
288 4583 339 4640 μου
369 4563 474 4640 τιμῶσα
496 4562 544 4624 καί
565 4556 609 4624 οἷα
632 4563 715 4644 εἰκός,
745 4567 794 4640 τήν
824 4567 923 4626 τούτων
955 4561 1063 4638 ἀξίωσιν
1094 4563 1210 4642 εὔλογον
1240 4560 1321 4624 οὖσαν
1343 4561 1390 4623 καί

96 4687 247 4764 θαυμασίαν
271 4688 301 4746 οὺ
322 4685 528 4767 παρεβλέψατο.
574 4693 667 4764 Praef.
686 4711 756 4765 ραφ.
774 4695 793 4746 Ι
798 4695 828 4750 V.
