3486 5282
1351 372 1412 437 185

86 565 164 640 μὴν
194 567 245 628 καὶ
266 569 285 645 ἡ
306 573 354 630 τοῦ
375 575 546 650 προεστῶτος
568 571 709 650 διάκρισις.
746 569 781 629 τά
803 569 870 630 αῐιτά
891 569 925 629 δὲ
946 571 1076 649 κρατὴσει
1098 566 1145 628 καὶ
1163 567 1236 628 κατὰ
1249 569 1280 627 τό
1296 567 1412 648 δεῖπνον,

86 691 149 748 &ts
182 691 280 752 τούτου
301 693 405 771 καιρός.
437 692 634 767 διαταττόμκδα
657 691 688 752 δέ
710 689 757 752 καὶ
779 693 861 768 ἡμαῑς
876 690 902 750 οἱ
917 687 1022 764 ἀνάξιοι
1045 692 1083 763 ὡς
1098 692 1238 770 κτήτορες,
1260 692 1333 770 τρεῖς
1349 689 1412 766 μίν-

86 833 176 884 σους
201 812 303 874 ἐσθίειν
326 815 428 896 ἑκάστη
449 815 541 897 ἡμέρᾳ
563 815 593 874 έν
615 835 645 874 τε
666 816 726 887 ταῖς
749 815 895 888 ἀπολίτοις
916 815 1034 894 ἡμέραις
1056 812 1103 901 καί
1126 814 1155 873 έν
1180 817 1239 886 ταῖς
1262 810 1412 893 ξηροφαγι-

87 935 214 1016 σέμοις,
240 934 270 994 ἑν
293 935 325 996 δὲ
347 938 407 1009 ταῖς
429 936 600 1014 έορτασίμοις
622 938 739 1017 ἡμέραις
761 934 889 1008 καὶτοῖς
913 936 1095 1012 μνημοσίινοις
1117 934 1164 996 καὶ
1184 937 1248 1014 άχρι
1262 941 1316 994 τῶν
1330 935 1412 994 πέντε

90 1055 224 1137 ἐσθίειν,
248 1057 378 1128 λούεσθαι
401 1057 432 1117 δὲ
454 1058 525 1118 κατὰ
547 1057 695 1139 σάββατον,
718 1057 783 1118 ἀνευ
805 1063 854 1134 τῆς
870 1058 951 1137 ἁγίας
967 1057 1096 1136 μεγάλης
1110 1062 1343 1138 τεσσαρακοστῆς·
1365 1055 1412 1116 καί

89 1181 171 1238 τότε
196 1179 255 1260 γὰρ
277 1179 349 1240 κατὰ
369 1180 401 1239 τό
423 1179 566 1254 σάββατον·
581 1180 613 1240 τό
634 1180 789 1260 λεγόμενον
804 1183 850 1240 τοῦ
866 1180 944 1259 άγίου
962 1181 1089 1260 Λαζάρου
1104 1181 1278 1242 λουέσθωσαν
1294 1181 1412 1250 ἅπαντες

91 1303 183 1375 μετὰ
212 1299 263 1361 καί
288 1305 335 1362 τοῦ
359 1302 513 1380 ἡγουμένου
539 1299 587 1362 καί
613 1301 774 1362 ἑσθιέτωοαν
800 1299 848 1362 καί
874 1299 980 1382 ἰχθύας,
1010 1300 1111 1377 ὁμοίιος
1138 1301 1170 1362 δὲ
1196 1299 1243 1360 καί
1270 1301 1342 1360 κατὰ
1362 1301 1412 1376 τῆν

90 1419 194 1501 ἁγίαν
225 1423 321 1503 ἑορτὴν
348 1427 394 1484 τοῦ
423 1423 626 1504 εἰνογγελισμοῦ
654 1423 816 1484 έοθιέιωσαν
845 1422 940 1504 ἰχθύας
966 1423 1006 1496 είς
1035 1421 1118 1498 δόξαν
1144 1429 1195 1501 τῆς
1220 1425 1412 1503 παναχράντου

92 1547 295 1626 θεομὴτορος.

221 1665 257 1728 δ’.
283 1666 364 1748 Περὶ
384 1673 444 1744 τῆς
467 1666 666 1744 ένδυμενίος
687 1673 749 1728 τῶν
772 1669 939 1746 ἀδελφῶν.

222 1789 361 1870 ίίροσὴκει
383 1790 415 1850 δὲ
436 1788 484 1850 καὶ
506 1790 600 1867 ίμιίτιοι
622 1793 747 1851 ὠνείσθαι
768 1785 840 1850 κατὰ
861 1791 910 1865 τῆν
931 1797 981 1865 τῆς
997 1796 1083 1865 μονῆς
1100 1788 1225 1868 εὐπορίαν
1245 1788 1351 1868 τρίχινα
1365 1787 1412 1847 καί

94 1911 142 1990 τῷ
172 1911 281 1991 δοχείιρ
302 1911 517 1992 ἑνατοτίθεοθαι,
548 1914 589 1984 ὡς
609 1915 642 1972 ἀν
664 1912 691 1974 οἱ
713 1910 827 1990 ἁδελροί
849 1911 1029 1990 λαμβάνοιεν,
1060 1914 1106 1971 ὅτε
1127 1913 1265 1992 γρῄζοιεν,
1287 1931 1411 1989 περιποι-

99 2035 200 2093 εῖσθαί
230 2055 261 2094 τε
288 2033 337 2093 καί
361 2035 397 2094 τὰ
420 2033 530 2096 παλαιά
553 2035 601 2096 καί
626 2036 794 2116 παρέχεσθαι
816 2035 883 2115 πρός
904 2040 1012 2114 χρῆσιν.
1044 2035 1074 2092 τό
1097 2031 1122 2092 δ’
1135 2035 1199 2094 αίπδ
1221 2033 1343 2110 γίνεσθαι
1364 2033 1413 2092 καί

100 2155 152 2214 ἐπὶ
185 2163 244 2216 τῶν
272 2157 399 2232 μανδύων
425 2156 473 2217 καί
494 2157 672 2238 περιστηθίων
694 2156 741 2218 καὶ
762 2156 916 2218 όποδόσεων
939 2155 986 2216 καί
1007 2159 1115 2216 πάντων
1136 2155 1235 2225 ἁπλῶς
1256 2160 1310 2214 τιῖιν
1331 2175 1411 2233 περι-

103 2278 249 2358 βολαίων,
273 2280 320 2338 ὅτε
343 2281 434 2354 μέντοι
458 2280 511 2362 ἔχη
541 2300 581 2349 τις
610 2277 706 2359 χρείαν
729 2277 829 2352 λαβεῖν
851 2279 953 2356 καινόν,
983 2279 1156 2358 προσρερέτω
1178 2278 1210 2336 τό
1230 2275 1349 2336 παλαιόν
1373 2275 1413 2348 εἰς

104 2401 140 2458 τό
171 2400 287 2478 δοχεῐον
310 2399 412 2475 είδὴοει
434 2407 480 2462 τοῦ
502 2407 684 2482 προεστῶτος,
706 2399 753 2460 καί
775 2401 861 2472 οὕτως
883 2400 1111 2476 ἀντιλαμβανέτω
1133 2401 1235 2480 καινόν,
1260 2401 1358 2480 μέτρον
1381 2398 1413 2458 δὲ

104 2529 177 2582 πᾶσι
201 2524 261 2595 τοῖς
283 2523 471 2603 περιβλήμασι
492 2526 510 2600 ἡ
533 2523 614 2603 χρεία
636 2524 716 2604 ἔστω,
738 2522 930 2604 πληρουμένου
952 2523 1090 2584 κάνταῦθα
1111 2526 1157 2582 τοῦ
1179 2523 1251 2582 κατὰ
1264 2523 1326 2594 τοὺς
1341 2522 1413 2582 ἀπο-

106 2646 232 2716 στόλους
254 2645 337 2724 ῥητοῠ
358 2650 405 2706 τοῦ
426 2647 589 2723 μάττοντας·
624 2645 757 2706 διεδέδοτο
781 2647 899 2725 ἑκάστη),
921 2639 991 2706 κοόό
1014 2641 1048 2706 ἅν
1070 2667 1110 2717 τις
1132 2645 1229 2726 χρείαν
1252 2640 1324 2724 εἶχε.

219 2764 254 2827 ε’.
280 2764 360 2847 Περὶ
381 2775 439 2844 τῆς
461 2769 621 2844 νηστείας
642 2773 704 2828 τῶν
728 2767 832 2846 ἁγίων
854 2775 1143 2847 τεσσαρακοστῶν.

220 2887 290 2967 Περί
313 2890 364 2964 μὲν
385 2895 434 2964 τῆς
456 2889 581 2966 νηστείας
602 2895 651 2966 τῆς
672 2891 803 2968 μεγάλης
825 2895 1054 2969 τεσσαρακοστῆς,
1078 2891 1117 2950 ἔτι
1140 2890 1171 2949 δὲ
1193 2887 1240 2950 καί
1258 2896 1308 2965 τῆς
1323 2890 1412 2968 λεγο-

111 3013 201 3088 μένης
231 3016 279 3072 τοῦ
306 3011 385 3090 ἁγίου
407 3011 549 3074 Φιλίππου
570 3013 601 3072 τό
624 3012 811 3073 στσυδιωτικδν
832 3013 942 3072 τυπικδν
965 3010 1073 3084 διέξεισι
1094 3009 1142 3070 καί
1163 3012 1412 3092 παραρυλαττέσδω

111 3134 145 3192 τὰ
168 3132 217 3193 ἐπὶ
239 3135 351 3206 ταίιταις
364 3133 436 3194 κατὰ
450 3133 500 3208 τὴν
516 3135 620 3195 ἐκείνου
634 3135 791 3216 περίληψιν,
814 3135 885 3195 κατὰ
904 3135 935 3194 δὲ
950 3136 999 3210 τῆν
1013 3135 1066 3214 πρό
1081 3141 1131 3210 τῆς
1146 3137 1242 3214 ἑορτῆς
1257 3140 1310 3193 τῶν
1325 3135 1412 3211 άγίυιν

113 3255 289 3338 ἀποστόλων,
313 3255 408 3331 ἐπειδὴ
432 3257 556 3334 μεγάλαι
579 3255 644 3318 είσὶν
667 3257 695 3316 αί
717 3259 778 3318 τότε
800 3259 912 3337 ἡμέραν,
936 3255 977 3330 δὶς
998 3257 1170 3336 ἑσθιέτωσαν,
1194 3255 1221 3316 εί
1233 3277 1267 3336 γε
1282 3255 1329 3315 καί
1345 3255 1411 3330 βοό-

112 3376 222 3438 λοιντο·
246 3381 331 3438 ταῆτα
351 3378 406 3458 γὰρ
429 3379 511 3454 μόνον
535 3380 596 3458 ἔχει
616 3379 840 3460 παρηλλαγμένα
862 3381 938 3460 παρὰ
959 3381 1008 3453 τὰς
1031 3380 1124 3450 ἀλλας
1139 3379 1291 3452 ἀπολύτους
1305 3381 1412 3460 ἡμέρας

115 3500 267 3575 ῆτοιαίιτη
290 3499 410 3580 νηστεία,
433 3500 465 3560 τό
485 3501 660 3579 στιχολογεῖν
682 3501 711 3561 ἐν
733 3508 766 3584 τῇ
789 3501 863 3584 τρίτη
884 3500 932 3562 καὶ
955 3503 1021 3584 έκτη
1044 3503 1112 3584 ὥρᾳ,
1136 3500 1186 3560 τίδ’
1199 3501 1283 3574 οίιτως
1303 3503 1412 3582 ἀριστᾶν

115 3621 159 3682 ναί
182 3623 215 3682 τδ
237 3621 389 3700 ἀπέχεσθαι
410 3625 489 3702 πυροῦ
510 3620 557 3682 καὶ
579 3617 643 3701 ᾠοῦ.

219 3739 261 3816 ς’.
286 3742 368 3824 Περί
388 3749 447 3820 τῆς
469 3744 662 3824 λεγομένης
685 3745 866 3824 ἀποταγῆς.

218 3865 331 3924 Κωλίιω
358 3864 390 3925 δὲ
415 3864 462 3926 καί
489 3866 537 3942 ιὴν
563 3866 720 3945 λεγομένην
747 3867 898 3948 ἁποταγὴν,
930 3867 1005 3948 εἴπερ
1033 3869 1089 3929 ἐστί
1118 3869 1153 3928 δι’
1169 3869 1303 3942 ἀκινὴτων
1330 3869 1412 3939 τέλος

119 3986 250 4064 ἀγόντων·
275 3984 298 4046 εἰ
322 3987 353 4047 δέ
374 4007 415 4058 τις
437 3988 476 4064 μῆ
498 3992 616 4048 τοιοῦτον
637 3991 809 4072 προσενέγκῃ
831 3996 865 4070 πῆ
887 3992 1041 4070 δεομὴτορι,
1065 3995 1142 4051 τοῦτο
1164 3989 1352 4070 παραδεκτέον
1373 3991 1412 4061 ὡς

120 4108 244 4184 ἀνάθημα
270 4107 319 4170 καὶ
347 4109 434 4190 δῶρον
455 4108 504 4170 καί
525 4110 731 4191 ἁμαρτημάτων
755 4109 906 4188 ἐξίλασμα·
940 4113 988 4186 τῆν
1010 4113 1065 4192 γὰρ
1087 4111 1224 4191 ὑποταγὴν
1246 4115 1291 4171 τοῦ
1313 4133 1411 4191 προσι-
1433 4133 1435 4138 ’

120 4230 189 4302 οντος
211 4229 270 4291 ἀντὶ
292 4227 382 4307 πάσης
403 4231 498 4306 ἁλλης
519 4229 708 4312 προσενέξεως
729 4233 812 4314 κρίνω
833 4233 1018 4314 καὶμᾶλλον,
1041 4234 1117 4315 εἴπερ
1133 4255 1173 4307 τις
1189 4236 1256 4316 αὐτῆ
1272 4233 1318 4294 καὶ
1335 4236 1411 4311 άλλη

121 4353 254 4432 πρόσεστιν
278 4353 405 4434 ἐνέργεια
426 4353 606 4414 λυσιτελοῡσα
628 4357 688 4426 ταῖς
707 4358 755 4416 τοῦ
777 4355 956 4435 μσνοστηρίου
980 4355 1137 4428 διακονίαις.

213 4473 256 4546 ζ’.
283 4472 364 4555 Περὶ
385 4481 444 4551 τῆς
465 4475 639 4556 προβολῆς
660 4482 723 4538 τῶν
746 4477 963 4554 διακονητιῖιν.
1239 4509 1251 4538 ι

220 4593 364 4658 Ἔστωσαν
387 4597 418 4656 δέ
441 4595 489 4657 καὶ
512 4595 668 4673 διακονηττί
690 4598 915 4678 προβαλλόμενοι
936 4599 1011 4678 παρὰ
1032 4602 1079 4660 τοῦ
1099 4607 1269 4678 προεστιῒνιος
1290 4607 1324 4683 τῇ
1342 4621 1411 4679 συγ-

124 4715 197 4794 κρίσει
219 4715 267 4778 καὶ
292 4717 411 4800 ἐπιλογῆ
430 4723 484 4779 τῶν
499 4717 613 4800 λοιπῶν,
637 4718 735 4799 ἀνδρες
749 4720 879 4796 εὐλαβεῖς
893 4741 923 4780 τε
939 4719 985 4780 καὶ
1002 4721 1123 4801 ένεργεϊς
1138 4720 1184 4781 καί
1200 4722 1410 4803 ἀκατάγνωστον
