3222 5284
1315 357 1378 422 349

52 553 95 626 ’ἡ
122 552 176 613 ἀπδ
198 555 245 613 τοῦ
267 554 319 633 πρό
342 557 387 614 τοῦ
410 551 490 632 άγίου
520 554 644 628 βήματος
675 553 758 612 τόπου
781 552 918 630 ἀνάληψις
939 557 993 611 τῶν
1015 551 1076 632 περί
1100 553 1217 626 ἑκάστης
1241 551 1379 624 διακονίας

79 675 238 755 ἐγγράφων,
261 677 300 746 ὡς
322 674 435 756 εἴρηται,
464 674 666 754 διαταγμάτων.
712 675 766 754 χρὴ
790 673 821 733 δὲ
843 670 891 733 καί
913 673 961 745 τάς
985 671 1174 752 διακονητρίας
1196 673 1230 731 τά
1251 679 1301 749 τῆς
1324 674 1378 748 ἐμ-

77 799 297 873 πεπιστευμένης
331 798 434 878 ἑκάστη
463 798 564 857 τούτων
594 796 732 868 διακονίας
762 795 836 856 ίδικόι
864 795 1088 876 παραγγέλματα
1116 795 1149 855 ἐκ
1178 799 1224 856 τοῦ
1252 799 1304 876 πρό
1333 801 1379 856 τοῦ

79 917 160 994 ἀγῖου
183 917 308 994 βήματος
330 921 413 978 τόπου
435 918 676 999 παραλαμβάνειν,
699 919 738 990 ὡς
760 921 793 977 ἀν
816 916 913 1002 εἰδείη,
936 919 998 978 όδεν
1017 939 1048 977 τε
1071 917 1236 996 ἀναδέχεται
1251 919 1300 992 τὴν
1316 917 1379 977 δια-

80 1038 177 1098 κονίαν
193 1037 240 1100 καί
256 1042 331 1111 όπως
353 1041 520 1118 ὑπισχνεῖται
528 1037 552 1124 ¹)
575 1041 674 1115 τσάτην
697 1041 809 1100 διέπειν.

186 1163 267 1240 Κεφ.
300 1160 346 1221 ιβ’.
383 1161 464 1243 Περὶ
494 1168 552 1238 τῆς
582 1162 909 1241 σκευοφυλακίσσης·
944 1160 1000 1221 Καί
1030 1162 1279 1240 οκευοφυλάκισοαν
1310 1157 1379 1221 εἶναι

81 1283 219 1358 βοῦλομαι
243 1283 272 1343 ἐν
295 1290 328 1364 τῆ
352 1290 432 1364 μονῇ,
454 1286 514 1360 ῆτις
537 1283 640 1364 όφειλει
663 1283 805 1363 φυλάττειν
828 1283 862 1342 τά
884 1283 943 1362 ίερά
965 1285 1048 1360 σκεῦη
1064 1281 1112 1343 καί
1129 1284 1231 1344 ἔπιπλα
1246 1281 1293 1343 καί
1307 1305 1379 1342 παν-

80 1404 158 1477 τοίας
188 1405 349 1480 ἐπιμελείας
376 1403 466 1478 ἀξιοῦν
491 1407 557 1465 αῦτά
578 1405 786 1486 παραδιδόμενα
808 1403 924 1486 παότηό)
948 1405 982 1464 δι’
996 1406 1134 1484 ἐγγράφου
1157 1403 1205 1464 καί
1228 1403 1380 1478 ἀξιοπίστου

80 1533 129 1602 τῆς
155 1527 337 1607 παραδόσεως
363 1531 520 1607 πρακτικοῦ.
567 1527 696 1599 ὡσαύτως
718 1521 765 1587 καί
787 1529 818 1586 τό
842 1525 1020 1605 εἰσαγόμενον
1042 1527 1136 1607 κηρίον
1161 1527 1190 1586 ἐν
1212 1533 1245 1608 τῇ
1269 1533 1339 1609 μονῇ
1362 1527 1379 1601 ῆ

82 1649 149 1722 αῦτη
179 1649 283 1728 όφειλει
312 1649 542 1730 παραλαμβάνειν
563 1647 611 1708 καί
640 1649 858 1730 προσγράφεσῦαι
887 1649 958 1708 κατά
980 1649 1082 1710 λεπτόν
1104 1649 1153 1718 τὰς
1178 1645 1381 1720 είοοδοεξόδσυς

81 1771 162 1830 αότσῦ
184 1768 233 1830 καί
262 1771 473 1850 λογαριάζεσδαι
499 1772 575 1852 παρὰ
596 1778 646 1848 τῆς
668 1773 835 1851 ἡγουμένης.
879 1772 897 1846 ἡ
921 1772 987 1846 αῦτη
1011 1771 1042 1830 δὲ
1073 1769 1176 1850 ὀφείλει
1206 1771 1308 1830 ἔσωθεν
1331 1777 1380 1846 τῆς

82 1899 169 1968 μονῆς
193 1892 238 1952 διά
268 1898 403 1971 γυναικῶν
433 1895 644 1965 κατασκευάζειν
666 1893 701 1952 τά
730 1889 811 1972 κηρία
834 1893 867 1952 τό
891 1891 931 1965 εἰς
961 1891 1100 1971 φωταψίαν
1130 1899 1219 1952 πᾶσαν
1241 1895 1287 1952 τοῦ
1315 1896 1380 1951 ναοῦ

83 2010 268 2086 ἐξοδιάζεσδαι
300 2014 413 2090 ἐτησίως
443 2015 610 2096 διορισθέντα
639 2015 710 2074 κατὰ
732 2015 777 2074 τδν
806 2016 961 2074 κοπωθέντα
987 2015 1062 2095 παρὰ
1083 2020 1133 2090 τῆς
1163 2014 1306 2090 βασιλείας
1329 2035 1380 2088 μου

64 2138 243 2213 ,σταδμόνίλ
267 2135 313 2196 καί
335 2137 514 2218 παραδιδόναι
537 2143 570 2219 πῆ
595 2136 840 2220 έκκλησιαρχίσση.
886 2139 903 2210 ἠ
928 2135 959 2195 δὲ
981 2137 1029 2211 τῆν
1051 2142 1101 2212 τῆς
1125 2135 1275 2211 ἐκκλησίας
1296 2137 1379 2211 ποιῆ-

84 2279 157 2317 σεται
180 2258 372 2338 φωταγωγίαν,
396 2260 488 2331 καθὼς
512 2259 619 2331 ἐντοῖς
643 2255 742 2338 ἐφεξῆς
770 2256 916 2338 εἰρήσεται.
963 2257 1006 2318 δεῖ
1028 2257 1059 2318 δὲ
1080 2259 1178 2333 ταότην
1201 2257 1236 2316 τά
1259 2259 1309 2332 μὲν
1332 2263 1381 2332 τῆς

83 2383 268 2460 καθημερινῆς
298 2381 395 2460 χρείας
416 2380 464 2440 καί
485 2382 520 2440 τόι
543 2381 571 2440 ἐν
594 2384 653 2451 ταῖς
676 2381 782 2461 ἑορταῖς
808 2379 928 2460 χρειώδη
951 2380 1131 2462 παραδιδόναι
1153 2385 1186 2462 πῆ
1209 2379 1380 2459 ἐκκλησιαρ-

83 2502 163 2586 χίσση
188 2500 227 2574 είς
250 2501 395 2582 ὑπηρεσίαν
418 2510 467 2578 τῆς
491 2503 651 2582 ἐκκλησίας,
682 2505 727 2562 ὅτε
752 2503 783 2562 δὲ
805 2505 910 2582 καιρός,
940 2501 1169 2582 παραλαμβάνειν
1191 2502 1276 2561 πάλιν
1297 2503 1381 2560 ταῦτα

85 2621 114 2694 ἐξ
138 2625 222 2700 αὐτῆς
243 2623 290 2683 καί
312 2625 539 2704 παραφυλάττειν,
567 2625 602 2684 τόι
624 2625 656 2685 δέ
679 2625 808 2684 ἐπέκεινα
829 2629 882 2683 τῶν
904 2623 1047 2704 χρειωδῶν
1071 2625 1145 2702 ἔχειν
1169 2624 1198 2682 ἐν
1220 2623 1258 2704 τῷ
1281 2644 1380 2684 σκευο-

85 2745 222 2824 φυλακείῳ
254 2746 472 2824 ἐγκεκλεισμένα
494 2746 541 2806 καί
572 2745 792 2821 βεβουλλωμένα
814 2740 888 2826 παρόι
910 2753 959 2822 τῆς
982 2747 1193 2824 καβηγουμένης
1215 2744 1262 2806 καί
1286 2745 1378 2822 αῦτῆς,

84 2869 170 2927 πάντα
192 2868 227 2926 τόι
255 2869 338 2950 ταῦαη
371 2869 607 2944 ἐμπεπιστευμένα
637 2868 875 2948 ἀντιπαραδιδόναι
906 2867 1079 2946 όφειλοῦοης,
1110 2868 1226 2943 όπηνίκα
1253 2869 1304 2926 κάν
1332 2875 1381 2942 τῆς

85 2991 207 3063 τοιαύτης
238 2988 377 3062 διακονίας
409 2991 579 3065 μετακινοῖτο
609 2990 680 3049 κατὰ
710 2992 740 3049 τό
770 2991 885 3069 γεγονδς
912 2992 979 3069 πφδς
1010 2990 1092 3064 αῦτῆν
1121 2995 1171 3064 τῆς
1202 2989 1380 3068 παραδόσεως

85 3113 243 3189 πρακτικόν·
276 3111 319 3170 ἐπ’
333 3109 456 3184 ἐξουσίας
478 3115 531 3192 γάρ
556 3113 610 3172 ἐστι
633 3118 667 3192 τῆ
690 3113 885 3194 καθηγουμένη
914 3113 1041 3186 μεβιστάν
1062 3112 1112 3183 τάς
1136 3111 1311 3183 διακονοῦσας
1333 3110 1379 3170 καί

87 3229 274 3312 ἐναλλάττειν,
296 3235 358 3293 καθ’
371 3235 401 3292 δν
424 3233 560 3315 εἰρήσεται
583 3237 694 3314 τρόπον·
717 3235 766 3306 τάς
788 3235 841 3313 γάρ
866 3235 906 3313 ἐφ’
920 3236 1021 3316 ἑκάστη
1043 3241 1097 3294 τῶν
1118 3235 1379 3315 διακονιῶνπροκε-

85 3357 260 3434 χειρισμένας
282 3362 469 3436 προσεκτικῶς
492 3357 542 3431 μέν
565 3354 611 3415 καί
634 3357 773 3436 θεσφόβως
789 3356 870 3427 αῦτάς
886 3357 1029 3430 μετιοῦσας
1046 3357 1092 3414 έσῖν
1109 3357 1321 3432 ἀμετακινητους
1336 3356 1379 3416 δί-

84 3499 170 3556 καιον,
195 3477 354 3552 ἀμελοῦσας
370 3478 401 3537 δὲ
418 3477 504 3536 αῦτῶν
520 3477 567 3537 καί
589 3480 817 3558 καταφρονούσας,
841 3477 905 3550 ἴσως
922 3477 952 3536 δέ
967 3477 1014 3537 καί
1030 3477 1227 3554 δολιευομένας
1243 3480 1272 3538 ἐν
1288 3479 1381 3552 αδεαῖς

85 3601 210 3674 μεθιστάν
233 3599 279 3658 καί
311 3601 406 3680 ἑτέρας
428 3600 621 3658 ἀποκαθιστᾶν.
670 3599 697 3660 εί
716 3621 755 3672 τις
779 3599 810 3659 δέ
832 3601 932 3659 τούτων
955 3601 1130 3678 νοσφιζομένη
1153 3602 1222 3684 τόχη
1248 3603 1310 3682 άχρι
1333 3599 1379 3660 καί

84 3725 128 3780 τοῦ
149 3723 289 3799 τυχόντος,
313 3721 441 3792 ὑπόδικος
465 3723 538 3781 ἔσται
561 3728 593 3804 τῆ
616 3725 800 3801 παναχράντῳ
823 3721 870 3781 καί
894 3723 1112 3806 Κεχαριτωμένη
1135 3723 1264 3802 θεοτόκῳ,
1289 3723 1333 3802 ἀφ’
1345 3719 1379 3798 ἧς

84 3844 135 3922 ἀρα
157 3843 207 3914 τάς
236 3841 316 3915 κλεῖς
345 3844 514 3924 παρέλαβεν.
560 3846 578 3919 ἡ
601 3845 668 3920 αῦιὴ
691 3845 722 3904 οῦ
745 3845 979 3923 σκευοφυλάκισσα
1010 3847 1091 3920 μόνον
1115 3845 1199 3922 ἔσται,
1231 3843 1309 3904 ἀλλά
1331 3843 1378 3904 καί

83 3965 331 4046 χαρτοφυλάκισσα,
356 3966 425 4041 μετά
448 3967 609 4046 ἀπογραφῆς
630 3967 664 4026 τά
686 3965 800 4046 χαρτῷα
821 3969 909 4026 πάντα
932 3962 1103 4040 δικαιώματα
1118 3971 1166 4040 τῆς
1183 3972 1268 4042 μονῆς
1284 3987 1377 4047 παρα-

84 4085 264 4161 λαμβάνουσα
286 4086 333 4146 καί
354 4089 599 4168 παραφυλάττουσα
620 4086 766 4148 ταῦτακαὶ
788 4089 917 4159 παντοίας
942 4087 1103 4163 ἐπιμελείας
1120 4085 1231 4160 ἀξιοῦσα
1246 4086 1292 4147 καί
1309 4091 1378 4163 μήτε

86 4208 242 4288 σητόβρωτα
265 4214 443 4288 συγχωροῦσα
465 4209 596 4287 γίνεσθαι.
627 4210 725 4290 χρείας
749 4209 780 4269 δὲ
802 4210 914 4289 χαρτίου
936 4211 1008 4281 τιν’σς
1030 4211 1187 4289 γινομένης,
1211 4209 1314 4290 όρισμῷ
1329 4215 1378 4284 τῆς

85 4331 294 4409 καθηγουμὲνης
318 4328 451 4414 ἐξενέγκῃ
467 4333 497 4390 τδ
513 4333 677 4407 ζητούμενον
692 4333 813 4412 χαρτίον,
829 4330 876 4391 καί
892 4332 1019 4391 ἐπιδώσει
1033 4334 1270 4412 προσγραφομένη,
1287 4333 1378 4391 όποῖόν

86 4471 112 4508 τε
133 4453 163 4511 τό
185 4451 299 4533 χαρτίον
323 4451 377 4511 έστί
400 4452 446 4512 καί
469 4451 509 4524 τίς
532 4455 546 4511 ό
568 4458 645 4513 τοῦτο
668 4454 888 4530 ἀναλαβόμενος.
920 4456 1030 4534 ἡμερῶν
1055 4455 1085 4513 δέ
1108 4476 1186 4514 τινων
1210 4455 1279 4530 μετόι
1301 4459 1378 4512 τοῦτο

168 4611 273 4618 -—--

148 4713 209 4779 ’1)
229 4711 372 4780 ὑπισχνῆται
390 4715 427 4763 Μ,
498 4714 520 4778 ²)
538 4717 612 4782 ταυτῄ
632 4713 667 4763 Μ.
740 4715 759 4780 ³)
780 4709 900 4780 σταυθμόν
919 4715 947 4764 C.
968 4716 1072 4764 emend.
1091 4715 1127 4765 M.
