3240 5286
160 264 164 271 ²
231 321 295 428 ιιι

229 517 333 598 αρχικόι
354 517 510 598 προέβησαν
533 520 693 598 γράμματα,
717 516 816 588 ἄλλοις
837 516 912 598 παρὰ
933 518 963 578 τό
985 518 1087 597 πρέπον
1109 514 1157 576 καὶ
1172 514 1275 578 δίκαιον
1290 515 1340 590 τὴν
1355 511 1477 586 ἐξουσίαν
1491 531 1522 572 τε

229 638 276 704 καί
299 639 428 715 διοίκησιν
449 642 619 722 χορηγοῦντα
642 643 688 700 τοῦ
710 640 789 702 αδτοῶ
811 638 883 702 θείου
905 639 1096 720 μοναυτηρίου·
1122 638 1200 700 ἀλλά
1221 642 1304 700 ταῦτα
1326 637 1378 714 μὲν
1392 637 1522 718 ιρότερον

229 761 275 827 καί
298 765 351 836 ἕως
373 756 405 823 οὗ
427 763 531 842 ἀφανὴς
553 759 586 840 ἦν
609 764 626 838 ἡ
650 761 776 842 ἀνωτέρω
799 762 912 842 ῥηθεῖσα
934 765 1029 843 νεαρά,
1051 765 1097 824 τοῦ
1120 760 1151 822 δὲ
1167 761 1289 836 ἀοιδίμου
1306 759 1410 822 ἐκείνου
1423 779 1522 838 πατρι-

229 887 315 965 άρχου
337 889 386 966 κόρ
409 882 544 947 Διονυσίου
565 885 611 944 τόν
631 885 826 964 πατριαρχικόν
847 889 897 962 τῆς
919 883 1232 955 Κωνοταντινουπόλεως
1253 884 1348 963 θρόνον
1371 883 1522 956 διέποντος,

228 1009 243 1068 ό
271 1009 422 1084 άγιῶτατος
447 1009 617 1087 πατριάρχης
640 1006 839 1086 Ἱεροσολθμων
866 1009 916 1087 κῶρ
938 1007 958 1065 Γ
959 1009 1088 1088 ερμανός,
1119 1011 1280 1082 σωματικῶς
1307 998 1362 1066 ὧδε
1381 1003 1415 1076 ,ἐν
1436 1004 1522 1062 Κων-

228 1128 363 1194 σταντίνου
392 1130 616 1210 παραγενόμενος
645 1127 692 1190 καί
721 1128 840 1206 ἐντυχὼν
870 1129 977 1208 νομίμῳ
1008 1127 1143 1208 βασιλικῷ
1165 1124 1278 1205 παλαιῷ
1301 1121 1432 1212 [κῶδικι],
1452 1126 1522 1204 πρός

226 1253 283 1323 τοῖς
307 1245 407 1323 ἀλλοις
428 1247 476 1313 καί
496 1251 544 1326 τὴν
567 1250 692 1332 ῥηθεῖσαν
715 1251 815 1331 νεαρὰν
838 1251 928 1328 ἔχοντι
950 1253 1158 1331 γεγραμμένην,
1185 1249 1219 1312 τά
1241 1250 1292 1326 μὲν
1314 1249 1398 1322 οότως
1421 1249 1522 1326 ἔχοντα

226 1379 276 1450 τῆς
304 1371 438 1453 ἐπαρχίας
464 1373 544 1436 αἰτοῦ
568 1375 658 1449 πάσης
680 1373 750 1454 όρια,
782 1372 912 1448 ἐζήτησεν
935 1371 1165 1448 ἐπιβεβαιωθῆναι
1186 1371 1260 1453 παρὰ
1281 1377 1331 1448 τῆς
1352 1371 1412 1430 τότε
1435 1369 1521 1446 ἐνδη-

227 1495 328 1572 μαθσης
351 1495 481 1573 μεγάλης
503 1493 555 1554 τῶν
579 1489 729 1575 ἀρχιερέων
752 1495 872 1557 συνόδου.
902 1493 949 1556 καὶ
971 1498 1017 1556 τοῦ
1031 1498 1134 1556 σκοπεῖν
1149 1493 1179 1554 εῖν
1194 1493 1352 1574 διήμαρτεν,
1375 1495 1467 1574 ῶσπερ
1488 1495 1520 1550 τό

226 1616 304 1678 δοθέν
334 1615 406 1694 αθτῖρ
434 1619 496 1681 τότε
525 1616 663 1678 συνοδικόν
689 1618 806 1698 γράμμα
836 1616 988 1696 δηλοτσιεῖ,
1019 1617 1085 1696 όπερ
1115 1617 1132 1690 ἡ
1156 1617 1297 1696 μετριότης
1318 1616 1398 1690 ἡμῶν
1421 1613 1522 1696 ἀρτίως

225 1739 334 1818 ἀνέγνω
355 1735 403 1804 καί
425 1737 567 1802 ἐθεάσατο.
614 1737 692 1800 οῦδὲν
716 1737 747 1801 δὲ
771 1737 847 1811 ίδίως
868 1737 928 1818 περὶ
951 1743 1000 1814 τῆς
1023 1735 1182 1818 ἐλευθερίας
1203 1743 1252 1813 της
1271 1736 1346 1809 θείας
1360 1739 1459 1812 ποιότης
1474 1735 1522 1798 καί

226 1861 371 1937 βασιλικῆς
387 1867 482 1936 μονῆς
501 1858 548 1924 καί
570 1864 616 1920 τοῦ
639 1859 668 1920 ἐν
691 1861 758 1940 αὐιῄ
781 1859 936 1938 όφείλσντος
958 1855 1028 1922 εῖναι
1044 1859 1189 1920 ἐπισκόπου
1208 1857 1322 1922 καὶτῶν
1339 1859 1446 1938 ἀλλων,
1469 1861 1521 1920 όσα

224 1981 383 2044 συντείνουσι
406 1981 446 2054 εἰς
469 1983 590 2046 σίνοτασιν
612 1980 659 2042 καὶ
682 1982 815 2058 διαμονὴν
838 1983 935 2057 ταύτην
959 1983 1076 2059 ἐζητηθη
1099 1985 1117 2056 ἢ
1142 1981 1269 2059 ἐλαλήθη
1292 1981 1331 2062 τῷ
1353 1983 1416 2044 τότε
1438 2001 1520 2044 συνο-

224 2104 319 2184 δικῶς,
342 2105 382 2166 διό
403 2103 450 2166 καὶ
474 2105 512 2166 ἔτι
536 2107 618 2186 μέχρι
640 2110 686 2180 ταῶ
706 2109 751 2166 νῦν
774 2104 916 2184 ἀμφίβολα
937 2102 1005 2182 ἦσαν
1028 2105 1062 2164 τὰ
1083 2099 1145 2186 περὶ
1166 2105 1268 2178 τοίιτου,
1292 2104 1332 2182 μὴ
1352 2105 1520 2182 φαινομένων

223 2234 276 2290 τῶν
305 2225 454 2308 εἰρημένων
477 2230 645 2308 γραμμάτων
668 2225 714 2288 καί
737 2233 852 2309 νεαρῶν,
882 2225 928 2288 καὶ
951 2229 1065 2300 ἕκαστος
1087 2233 1141 2288 τῶν
1163 2231 1337 2308 πατριαρχῶν
1361 2226 1451 2301 ἐζήτει
1473 2225 1522 2286 καί

199 2350 325 2425 ’ἤθελεν
348 2348 511 2422 ἐξουσιάζων
539 2349 586 2410 καὶ
614 2349 725 2412 διοικεῖν
749 2350 778 2410 ἐν
801 2352 868 2433 αὐιῄ
889 2356 921 2433 τῇ
945 2351 1005 2434 θείᾳ
1026 2357 1097 2436 μονῇ
1121 2350 1185 2410 ἀνευ
1208 2351 1354 2412 ἐπισκόπου
1376 2349 1520 2426 μενούσης.

224 2470 283 2532 ἐπεὶ
306 2470 337 2532 δὲ
360 2479 410 2548 τῆς
430 2474 509 2548 ἡμῶν
534 2473 707 2552 μετριότητος
729 2473 876 2547 συνοδικῶς
895 2473 954 2554 άρτι
967 2474 1189 2554 προκαθημένης,
1212 2471 1436 2552 συνεδριαζόντων
1451 2473 1520 2554 αὺτῇ

222 2592 268 2654 καί
298 2599 350 2654 τῶν
380 2595 597 2675 παρευρεθέντων
628 2596 781 2675 ῖερωτάτων
812 2596 1017 2675 μητροπολιτῶν
1041 2594 1087 2656 καί
1116 2593 1331 2675 θεοφιλεστάτων
1353 2595 1520 2672 ἐπισκόπων,

221 2719 407 2797 παραστάντες
429 2717 453 2776 οῖ
477 2716 521 2778 ἐπί
543 2718 628 2795 τούτῳ
650 2717 852 2790 ἀποσταλέντες
874 2717 947 2798 παρὰ
969 2724 1018 2794 τῖγς
1033 2717 1109 2790 θείας
1123 2719 1223 2794 ταότης
1238 2723 1334 2795 μονῆς,
1358 2718 1419 2776 ότε
1434 2717 1520 2778 όσιῶ-

220 2859 301 2910 τατος
323 2838 504 2919 ίερομόναχος
516 2838 563 2898 καί
577 2841 759 2915 πνευματικός
777 2835 888 2924 [πατὴρ]
904 2845 953 2921 κῖιρ
969 2839 1069 2919 ’ίωσηφ
1083 2838 1159 2900 κσὶό
1176 2839 1205 2899 ἐν
1221 2842 1353 2918 μσναχοῖς
1368 2840 1520 2910 ὁσιώτατος

220 2961 344 3039 Μωϋοῆς
364 2957 481 3042 ἤρξαντο
505 2961 737 3040 δικαιολογεῖσθαι
758 2959 806 3022 καὶ
829 2962 970 3042 ἀναφέρειν
990 2962 1024 3022 τό
1039 2961 1109 3022 κατὰ
1123 2962 1172 3036 τὴν
1188 2962 1273 3036 μονὴν
1289 2960 1391 3038 δίκαια,
1415 2959 1521 3020 δίκαιον

220 3083 305 3162 ἐφάνη
333 3081 380 3143 καί
403 3081 519 3163 εὔλογον
541 3081 589 3144 καί
610 3084 765 3164 θεαίρεσιον,
795 3084 840 3144 ἵνα
860 3085 878 3158 ἡ
902 3083 1009 3144 παλαιά
1032 3084 1097 3160 αότη
1121 3083 1251 3158 βασιλικὴ
1274 3080 1369 3162 νεαρά,
1401 3085 1461 3158 ἥτις
1483 3083 1521 3142 τό

218 3208 263 3264 νῖν
287 3205 382 3285 εὑρέθη
406 3203 452 3266 καί
475 3204 633 3282 ἀνεγνώσθη
657 3205 770 3266 ἐνῶπιον
792 3207 881 3284 ἡμῶν,
905 3202 1014 3286 ὑπάρχῃ
1037 3203 1138 3278 βεβαία
1156 3203 1202 3266 καὶ
1218 3204 1431 3286 ἀμετάτρεπτος,
1462 3206 1520 3276 ἕως

219 3320 250 3386 οὗ
272 3327 287 3386 ό
310 3327 390 3403 ἥλιος
413 3325 506 3410 ἐφορᾷ,
529 3327 575 3388 καί
597 3335 757 3406 προτιμᾶται
780 3335 833 3387 τῶν
854 3327 951 3388 ἀλλων
966 3327 1092 3386 ἀπάντων
1106 3329 1276 3406 γραμμάτων
1290 3333 1344 3386 τῶν
1360 3343 1520 3406 μεταγενε-

217 3451 318 3530 στέρων
340 3449 413 3530 παρά
437 3449 524 3525 μηδὲν
546 3451 740 3526 καταλυομένη
763 3451 793 3510 τό
816 3451 937 3512 σύνολον.
984 3450 1074 3529 όγόιρ
1098 3447 1329 3520 ἑπτακαιδέκατος
1350 3449 1443 3510 κανῶν
1464 3455 1520 3524 τῆς

217 3571 298 3649 άγίας
321 3569 510 3648 οίκουμενικῆς
526 3569 553 3631 δ’
579 3569 690 3633 συνόδου
711 3573 780 3652 πρός
801 3573 857 3644 τοῖς
881 3571 981 3644 σίλλοις
1003 3571 1049 3631 καὶ
1072 3568 1155 3632 ταῦτά
1175 3591 1264 3652 φησιν·
1289 3573 1350 3650 ,,ῶς
1372 3570 1435 3632 δέον
1458 3571 1520 3632 ἐστὶ

216 3691 262 3753 καί
292 3693 340 3767 τὴν
369 3698 423 3754 τῶν
445 3693 679 3767 ἐκκλησιαστικῶν
702 3701 849 3774 παροικιῶν
872 3713 902 3754 τε
925 3692 973 3754 καί
992 3696 1160 3774 πραγμάτων
1182 3691 1257 3766 τάξιν
1279 3695 1336 3766 τοῖς
1358 3693 1520 3768 βασιλικοῖς

216 3815 306 3886 τόποις
328 3815 520 3878 άκολουθεῖνίί.
566 3815 612 3876 καί
636 3818 696 3892 μετ’
709 3815 805 3894 όλίγον
827 3816 926 3878 πάλιν·
950 3813 1059 3896 ,ἔξεστι
1078 3817 1132 3896 γάρ
1146 3815 1185 3895 τῷ
1201 3817 1311 3891 βασιλεῖ
1325 3815 1386 3896 περὶ
1402 3817 1519 3898 ἐνοριῶν

216 3935 449 4011 ἐκκλησιαστικαῖν
472 3937 658 3998 διατάττεσθαι
680 3937 726 3998 καί
748 3939 882 4018 προνόμιά
904 3957 983 3998 τινων
1006 3937 1173 4018 ἀφαιρεῖσθαι
1195 3937 1241 3998 καί
1266 3937 1417 4010 ἐπισκοπόις
1437 3936 1519 4010 αὖθις

215 4057 256 4130 είς
271 4060 453 4137 μητροπόλεις
468 4065 547 4134 τιμάν
563 4058 610 4136 καὶ
628 4061 797 4138 ἡγουμένους
811 4059 1029 4140 προχειρίζεσθαι
1044 4058 1090 4146 καί
1107 4061 1188 4138 ἕτερά
1202 4081 1261 4120 τινα
1272 4064 1381 4121 τοιοῶτα
1392 4062 1518 4122 ποιεῖν“.

215 4179 308 4240 ἔπειτα
335 4181 406 4242 κατά
432 4182 480 4256 τἠν
504 4181 628 4242 δοθεῖσαν
651 4183 711 4242 τότε
733 4181 879 4257 βασιλικὴν
901 4181 948 4242 καί
970 4180 1110 4256 συνοδοιὴν
1134 4178 1259 4255 ἐξουσίαν
1280 4180 1327 4242 καί
1351 4181 1518 4242 διατιθέτωσαν

171 4337 175 4344 ·
214 4301 346 4377 έπισκοπλ
375 4301 417 4378 είη
446 4301 493 4364 καὶ
520 4303 637 4386 δεομένη
662 4305 695 4364 τό
720 4305 788 4364 κατό
814 4306 845 4365 τό
868 4303 975 4366 Σίναιον
1001 4303 1064 4383 όρος
1091 4305 1188 4366 σεπιόν
1211 4306 1389 4384 μοναστηριον
1411 4306 1443 4364 τό
1467 4304 1516 4364 ἐπ’

213 4423 324 4498 όνόματι
350 4427 504 4500 τιμώμενον
527 4429 573 4486 τοῖν
595 4426 725 4505 Σωτῆρος
748 4426 873 4506 Χριστοῦ,
896 4423 943 4486 καὶ
967 4426 1020 4508 ἔχῃ
1043 4425 1175 4502 διηνεκῶς
1197 4425 1244 4485 καί
1268 4426 1443 4500 ἀμεταθέτως
1464 4428 1518 4486 τόν

213 4545 292 4606 αθτδν
314 4547 466 4623 ἡγούμενον
489 4546 535 4607 καί
560 4546 716 4627 ἐπίσκοπον,
743 4549 781 4619 ῶς
805 4547 834 4606 ἐν
855 4546 895 4625 τῷ
916 4546 1035 4626 τακτικῷ
1058 4547 1171 4629 εἴρηται,
1194 4549 1261 4627 όπερ
1283 4549 1376 4620 οδταῖς
1398 4545 1517 4622 λέξεσιν

212 4667 339 4749 ἀνωτέρω
366 4668 585 4747 ἑσημειῶσαμεν,
616 4671 654 4740 ὡς
681 4672 714 4729 ἀν
743 4669 774 4730 αἵ
792 4689 822 4729 τε
846 4667 984 4744 βασιλικαὶ
1006 4667 1053 4729 καὶ
1076 4665 1212 4730 ουνοδνκαί
1235 4669 1367 4743 διατάξεις
1390 4673 1517 4745 μένωσιν
