3194 5298
240 355 301 418 160

238 547 277 621 εἰς
300 549 394 628 ἑτέραν
417 549 514 622 κώμην
530 547 673 625 λεγόμενα
687 547 823 618 Ζίντζινα·
849 543 908 607 εἶτα
923 545 963 619 εἰς
977 549 1042 608 ναδν
1057 553 1110 608 τῶν
1127 543 1212 627 ἁγίων
1229 547 1416 629 Ἁναργίιρων·
1445 550 1547 609 ἔπειτα

237 667 277 740 εἰς
299 668 348 740 τάς
369 668 461 740 Ἄλως
482 668 531 740 τὰς
555 666 673 748 ἀρχαίας
695 667 743 729 καὶ
765 667 804 740 εἰς
826 671 857 728 τδ
872 667 963 749 Ξηρδν
979 669 1086 750 Φρέαρ,
1110 671 1198 744 μεθ’δ
1220 671 1384 752 κατέρχεται
1407 669 1454 744 εἰς
1478 671 1547 730 ναδν

236 794 282 850 τοῦ
310 790 388 867 ἁγίου
412 789 562 864 Εἰθυμίου·
598 786 648 850 εἷθ’
661 791 746 862 οθτως
773 789 812 862 εἰς
840 791 888 865 τὴν
916 789 1066 866 σεβασμίαν
1094 793 1179 866 μονὴν
1201 793 1251 867 την
1275 791 1314 866 είς
1336 791 1426 868 ὄνομα
1451 812 1547 867 τιμω-

136 967 138 970 ,
237 913 322 987 μένην
344 915 391 972 τοῦ
413 911 491 990 ἁγίου
514 911 652 992 Γεωργίου
674 911 720 972 καὶ
744 913 964 988 ἐπικεκλημένην
987 916 1033 972 τοῦ
1055 913 1272 992 Λυκοβουνοῦί)·
1304 914 1357 974 ἀπό
1382 913 1413 974 δὲ
1439 915 1547 988 τοώτης

235 1041 285 1110 τῆς
315 1035 466 1110 σεβασμίας
493 1041 579 1113 μονῆς
607 1036 744 1116 διέρχεται
773 1035 818 1095 διά
844 1040 889 1096 τοῦ
917 1035 1011 1096 πεδίου
1038 1035 1085 1095 καί
1112 1035 1234 1118 καταντᾷ
1261 1035 1301 1108 εἰς
1327 1037 1376 1111 τἠν
1404 1037 1547 1096 ἀπέναντι

236 1158 311 1218 θείαν
339 1159 423 1234 μονὴν
453 1163 503 1232 τῆς
530 1158 678 1237 θτεραγίας
700 1156 847 1238 Θεοτόκου,
874 1159 922 1232 τὴν
951 1156 990 1228 εἰς
1017 1159 1104 1233 όνομα
1130 1161 1286 1234 τιμωμένην
1308 1157 1355 1220 καί
1380 1160 1471 1234 αῐιιὴν
1496 1165 1546 1234 τῆς

238 1281 398 1360 Ἐλεοίιοης,
415 1277 496 1340 οὖσαν
511 1245 628 1355 πλησίον
643 1285 692 1355 τῆς
707 1282 805 1356 κώμης
820 1285 865 1340 τοῦ
878 1281 1016 1360 Ἀρκασὰ·
1033 1275 1092 1341 εἶτα
1109 1277 1257 1362 ἀπέρχεται
1274 1280 1313 1355 εἰς
1329 1283 1424 1360 ἑτέραν
1437 1285 1546 1356 κώμην

236 1403 441 1478 ὀνομαζομένην
464 1398 543 1480 Σοχά
564 1404 631 1482 πρδς
652 1404 709 1473 τοῖς
731 1401 792 1462 ποσί
815 1406 861 1462 τοῦ
884 1402 962 1482 ὅρους
983 1407 1030 1463 τοῦ
1052 1403 1205 1482 Ταϋγέτου·
1235 1406 1364 1465 κάκεῖθεν
1388 1405 1546 1484 ἀνέρχεται

236 1524 276 1598 εἰς
302 1528 350 1602 τἠν
377 1526 469 1586 τοθτου
495 1529 623 1606 κορυφήν,
654 1525 718 1584 ἔνθα
740 1521 774 1602 ἦν
797 1525 936 1606 εὺκτήριον
958 1530 1004 1585 τοῦ
1026 1528 1161 1606 προφήτου
1184 1527 1289 1607 Ἧλιοθ,
1314 1527 1545 1602 ἐπικεκλημένον

237 1648 476 1709 Πεντεδάκτυλον·
500 1645 547 1708 καὶ
569 1646 653 1708 πάλιν
676 1649 839 1727 κατέρχεται
861 1647 932 1708 κατὰ
955 1645 1046 1720 δεξιὰν
1070 1647 1110 1721 είς
1130 1650 1268 1731 ευκτηριον
1284 1653 1377 1730 ἕτερον
1392 1655 1439 1711 τοῦ
1457 1651 1545 1710 αυτοῦ

235 1773 370 1852 προφήτου
386 1770 491 1849 Ἠλιοθ,
515 1771 530 1830 δ
554 1770 685 1830 ἐπίκειται
707 1772 775 1850 πρός
796 1770 835 1849 τῷ
858 1771 934 1830 τέλει
956 1776 1006 1846 της
1027 1771 1190 1848 κοιλάδοςί)
1206 1769 1309 1852 κατάἰ)
1325 1775 1473 1852 φάραγγος
1491 1777 1544 1846 τῆς

236 1895 359 1975 σκληρᾶς
381 1893 428 1954 καὶ
450 1893 591 1972 δυσβάτου,
616 1892 645 1952 ἐν
668 1887 690 1973 ᾧ
712 1891 759 1952 καί
781 1892 854 1974 ίιδωρ
877 1894 933 1972 βεῑ·
958 1893 1028 1968 μετὰ
1048 1894 1080 1954 δὲ
1095 1896 1125 1954 τ“ο
1141 1892 1284 1974 εἰρημένον
1302 1896 1442 1976 εὺκτηριον
1461 1893 1542 1964 αὖθις

234 2017 305 2078 κατά
335 2014 424 2088 δεξιόν
454 2017 538 2096 μέρος
564 2014 603 2093 τῷ
629 2013 819 2089 καταβαίνοντι
850 2013 900 2074 εἰσί
926 2019 1010 2076 ταῦτα
1036 2016 1071 2075 τὰ
1100 2015 1295 2094 λεχθησόμενα
1321 2017 1411 2098 χωρία
1432 2037 1467 2076 τε
1493 2015 1542 2076 καί

234 2139 403 2216 πολίσματα·
439 2135 600 2218 Δυρράχιον,
630 2136 787 2220 πόλιομαί)
819 2138 933 2219 ἀρχαῖον
964 2138 1032 2198 οθτω
1067 2139 1252 2215 καλούμενον·
1288 2141 1359 2216 μετὰ
1392 2140 1423 2200 δὲ
1455 2145 1540 2199 τοῦτο

234 2263 398 2342 κατέρχεται
421 2260 460 2334 εἰς
481 2263 526 2320 τόν
550 2262 637 2342 σωρδν
659 2265 709 2337 τῆς
731 2261 937 2336 ὀνομαζομένης
952 2261 1053 2340 Γραός·
1078 2257 1137 2320 είτα
1160 2262 1298 2342 διέρχεται
1319 2267 1370 2338 τῆς
1385 2261 1540 2336 βασιλικῆς

235 2383 298 2444 όδοίι
324 2383 371 2444 καί
398 2384 520 2465 καταντᾷ
546 2381 585 2454 εἰς
611 2383 673 2454 τοὺς
696 2383 917 2461 Χοιρολάκκους·
953 2383 1045 2443 ἔπειτα
1069 2383 1213 2464 ἀνέρχεται
1238 2382 1276 2456 εἰς
1297 2385 1346 2458 τὴν
1368 2385 1538 2458 Βαυλκάνην

234 2504 281 2567 καί
311 2506 448 2586 διέρχεται
471 2504 511 2578 εἰς
532 2510 578 2566 τοῦ
600 2507 701 2566 Βουνοῦ
723 2505 771 2584 τὴν
794 2506 951 2583 λεγομένην
975 2506 1078 2580 Ὀπην·
1118 2501 1166 2566 εἷθ’
1179 2508 1263 2578 οθτως
1292 2504 1331 2578 εἰς
1358 2508 1388 2566 τδ
1416 2506 1482 2587 όρσς
1506 2507 1537 2564 τό

235 2625 379 2708 Ὄρθριον·
414 2626 461 2688 καὶ
482 2629 647 2708 κατέρχεται
674 2626 713 2700 εἰς
735 2628 784 2703 τὴν
808 2628 910 2706 Πθλον,
935 2629 980 2688 τδν
1003 2627 1175 2704 καλούμενον
1199 2629 1351 2710 Ἂβαρίνον,
1386 2629 1416 2688 ἑν
1439 2624 1463 2708 ᾧ
1487 2625 1536 2686 καί

234 2753 319 2828 λιμὴν
350 2753 449 2830 μέγας.
487 2752 575 2810 πάντα
604 2754 686 2810 ταῦτα
709 2749 756 2810 καί
779 2750 829 2810 ὅσα
852 2751 877 2811 οἰ
900 2749 1038 2832 εἰρημένοι
1060 2753 1136 2812 τότοι
1158 2753 1226 2830 πρός
1248 2771 1282 2830 γε
1305 2751 1339 2810 τὰ
1360 2751 1436 2810 νότια
1460 2751 1534 2830 μέρη

233 2873 424 2955 περικυκλοῡοι
446 2871 493 2932 καὶ
516 2871 684 2954 διορίζουσιν,
707 2867 785 2945 οὗτός
808 2874 888 2954 ἐστιν,
911 2875 950 2943 ώς
973 2873 1087 2954 εἴρηται,
1111 2876 1126 2932 ό
1147 2879 1197 2950 τῆς
1220 2871 1354 2954 ἐπαρχίας
1377 2873 1534 2954 περιοδικάς

234 2999 323 3077 τίτας,
354 2999 392 3068 ὡς
420 2997 449 3058 ἐν
477 2997 584 3074 συνόψει
606 3001 654 3072 τῆς
678 2996 832 3074 ἁγιωτάτης
860 2997 1057 3076 μητροπόλεως
1081 2995 1288 3077 Μονεμβασίας,
1320 2997 1384 3056 ἁνευ
1406 3001 1461 3055 τών
1486 2995 1532 3053 δύο
1573 2981 1578 2994 ’

235 3120 387 3180 ἐπισκοπῶν
409 3125 459 3194 τῆς
473 3117 624 3198 Κυνουρίας
645 3116 693 3178 καί
714 3123 764 3193 τῆς
779 3121 913 3199 Ζεμενὰς,
936 3119 1009 3195 πλὴν
1033 3117 1056 3178 εἰ
1079 3117 1125 3179 καί
1148 3119 1246 3199 ἀρτίως
1270 3117 1438 3198 εὑρίσκονταί
1460 3138 1533 3188 τινες

233 3248 287 3302 τῶν
317 3239 467 3322 εἰρημένων
498 3243 656 3321 ἁγιωτάτων
686 3241 839 3302 ἐπισκοπῶν
868 3240 907 3313 εἰς
934 3243 964 3302 τδ
987 3243 1071 3321 μέρος
1093 3247 1146 3301 τών
1170 3240 1304 3320 Λατίνων,
1334 3241 1403 3300 ἀλλ’
1416 3239 1463 3300 οὖν
1485 3236 1532 3300 καί

233 3369 278 3424 νῦν
300 3361 347 3424 καὶ
370 3363 485 3439 όπηνίκα
507 3365 570 3436 θεδς
592 3363 765 3439 ευδοκήσειεν
789 3365 950 3426 ἐπανελθεῖν
972 3364 1019 3424 καὶ
1042 3366 1213 3441 ἀνασωθῆναι
1237 3363 1311 3435 αὖθις
1330 3365 1430 3436 ταθτας
1446 3363 1487 3436 εἰς
1502 3365 1531 3422 τό
1594 3371 1595 3388 ’

234 3488 317 3566 μέρος
339 3491 388 3562 τῆς
415 3486 558 3562 βασιλείας
580 3481 666 3571 [μου],
696 3487 745 3546 θπδ
767 3489 815 3562 τὴν
837 3488 960 3563 τοιαύτην
985 3487 1090 3547 ἔσονται
1110 3483 1266 3565 ἁγιωτάτην
1289 3487 1459 3568 μητρόπολιν
1483 3491 1530 3560 τῆς

235 3609 441 3684 Μονεμβαοίας,
467 3609 613 3680 ἐπ’ἀδείας
628 3627 658 3668 τε
681 3606 738 3682 ἕξει
753 3609 823 3684 μετὰ
837 3614 883 3669 τοῦ
899 3607 1047 3685 ἀνήκοντος
1063 3610 1216 3691 ἀρχιερεῦσι
1232 3609 1336 3670 δικαίου
1351 3611 1366 3670 ό
1380 3611 1482 3686 ταότης
1498 3609 1529 3680 δὴ

232 3734 428 3812 προϊστάμενος
450 3734 615 3812 χειροτονεῖν
639 3731 799 3802 ἐπισκόπους
815 3731 844 3791 ὲν
866 3713 968 3812 αυτάίς,
991 3734 1030 3804 ώς
1045 3731 1091 3792 καί
1108 3732 1137 3792 ἐν
1152 3734 1210 3803 ταῖς
1227 3731 1409 3806 δηλωθείσαις
1425 3733 1530 3812 ἑτέραις
1593 3787 1594 3814 ,

235 3853 402 3925 ἑπισκοταίς.
433 3854 501 3912 οθτω
523 3852 577 3932 γάρ
601 3853 635 3928 δη
657 3853 719 3933 περὶ
741 3854 840 3914 τούτων
863 3848 910 3914 καί
933 3854 1115 3930 δεδοκίμακεν
1137 3856 1155 3928 ἡ
1179 3852 1308 3928 βασιλεία
1330 3874 1392 3934 μου,
1415 3853 1464 3914 καί
1487 3854 1530 3914 διὰ
1593 3815 1594 3882 ί

233 3981 282 4050 τῆς
312 3975 464 4051 δεδομένης
493 3975 575 4056 ταίτη
601 3978 690 4056 χάριτι
722 3979 767 4034 τοῦ
790 3977 905 4055 Χριστοῦ
931 3974 994 4056 περὶ
1019 3981 1073 4036 τών
1099 3976 1225 4035 τοιοθτων
1249 3977 1362 4050 ἐννόμου
1385 3974 1433 4035 καί
1456 3976 1529 4046 θείας

233 4097 318 4170 όντως
348 4097 443 4169 ἀδείας
470 4117 499 4156 τε
527 4094 574 4156 καί
602 4094 725 4169 ἐξουσίας
754 4098 986 4177 παρεκελεύσατο,
1020 4100 1234 4178 προηγουμένως
1261 4098 1312 4173 μέν
1335 4096 1459 4178 δηλαδή,
1494 4101 1529 4168 ώς

234 4218 347 4300 εἴρηται,
370 4221 416 4280 τδν
438 4221 520 4279 τόπον
544 4220 618 4296 ἔχειν
640 4225 689 4295 τῆς
711 4220 935 4299 προεσβεσμένης
956 4217 1003 4280 καί
1024 4222 1077 4298 πρό
1099 4223 1207 4298 χρόνων
1228 4219 1406 4296 ἀπολομένης
1422 4220 1527 4296 ἐκκλη-

234 4341 293 4412 σίας
315 4345 361 4402 τοῦ
383 4341 467 4418 Σίδης
493 4343 539 4400 τὀν
561 4341 660 4418 ταότης
683 4340 717 4416 δὴ
740 4347 789 4416 τῆς
812 4343 966 4419 ἁγιωτάτης
989 4342 1188 4420 μητροπόλεως
1210 4340 1409 4417 Μονεμβασίας
1432 4341 1527 4420 ἀρχιε-

339 4631 359 4696 ¹)
378 4625 520 4694 Λυκοβοθση
532 4629 563 4678 Β.
635 4627 656 4694 ²)
675 4625 829 4685 πεδιάδυςΒ.
901 4627 923 4692 ³)
937 4626 976 4676 καί
988 4628 1085 4694 reliqui
1098 4628 1214 4680 editores
1227 4629 1376 4694 praeterB.
1450 4630 1473 4695 ⁴)
1485 4647 1526 4679 που

233 4725 263 4774 Β.
282 4721 351 4783 πόλις
369 4723 506 4794 καλουμένη
525 4725 573 4774 alii
592 4725 654 4774 edit.
