3194 5298
268 343 331 408 120

265 537 304 608 εἰς
333 539 363 597 τό
394 537 519 610 θηλωθὲν
546 535 664 616 ἀγρίόιον
686 537 820 611 ποσότητα
843 543 895 592 τῶν
918 533 945 592 λ’
970 521 1136 614 ἰυτερπθρων,
1159 531 1206 592 καὶ
1228 529 1408 608 οἰκονόμησον
1439 531 1580 607 κατέχει

265 657 311 718 καί
334 657 472 729 δεσπόζειν
497 659 577 734 αθτὴν
601 658 634 732 δὴ
657 659 705 732 τὴν
728 660 865 732 ποσότητα
888 655 933 716 διὰ
947 656 995 731 τἠν
1010 655 1155 734 περίληψιν
1170 653 1217 714 καὶ
1232 652 1307 733 ἰσχὺν
1321 657 1368 714 τοῦ
1384 653 1580 733 έπιχορηγηί

188 757 190 760 V
266 780 359 851 θέντος
383 781 458 862 αὐτῇ,
483 780 520 850 ὡς
544 778 708 860 δεδήλωται,
731 778 936 858 χρυσοβοόλλου
958 783 1007 854 τῆς
1023 775 1166 851 βασιλείας
1186 797 1246 858 μου,
1269 778 1336 857 πρός
1351 775 1382 835 θὲ
1397 775 1456 834 τόν
1478 774 1580 850 ὃηλωι

265 903 345 962 θέντα
363 901 463 970 ,σεπτόν
486 901 611 978 Μαρτῑνοι
633 900 813 980 παραδώσεις,
845 899 937 972 καθὼς
960 898 1073 980 εἴρηται,
1105 898 1158 960 ἀπό
1179 904 1229 975 τῆς
1252 897 1377 978 ῥηθείσης
1401 894 1580 971 οἰκονομέπη

265 1026 310 1084 τοῦ
334 1021 470 1098 Ῥωμαίου
494 1022 598 1082 ἐκείνου
620 1028 670 1098 της
691 1027 744 1082 τῶν
768 1022 903 1102 ῥηθέντων
925 1018 952 1080 λ’
976 1021 1131 1101 θπερπίιρων
1153 1011 1312 1098 ποσότητος,
1343 1020 1404 1080 ὅθεν
1431 1017 1495 1079 καὶ
1526 1013 1580 1080 ἐπεί

266 1143 309 1204 διὰ
332 1145 379 1218 τὴν
401 1145 481 1220 τιμὴν
504 1143 550 1203 καὶ
572 1145 601 1203 τό
625 1144 793 1204 ἀκατοίλυτον
816 1147 862 1203 τοῦ
877 1143 1028 1224 προβάντος
1050 1142 1255 1224 χρυσοβοθλλου
1277 1147 1327 1218 τῆς
1347 1141 1514 1210 βασιλείας
1533 1159 1580 1216 μοι

266 1267 429 1349 τητοιαίιτη
452 1271 522 1347 μονῇ
546 1263 622 1325 οὐδέν
648 1266 706 1343 ἔχει
729 1264 849 1340 δυνατόν,
872 1265 915 1326 ἵνα
938 1265 1025 1341 μηδὲν
1048 1265 1100 1347 ἔχῃ
1123 1265 1171 1338 τὴν
1194 1261 1339 1345 εἰρημένην
1361 1265 1522 1339 ποσότητα
1546 1260 1580 1338 εἰη

265 1390 295 1448 τό
319 1386 445 1464 θηλωθέν
469 1385 599 1468 ἀγρίόιον,
624 1385 646 1446 εἰ
671 1387 708 1463 μὴ
732 1387 808 1446 θέλει
830 1385 877 1446 καὶ
898 1388 1065 1466 προαιρεῖται
1088 1387 1102 1445 ό
1125 1390 1243 1458 τοιοῦτος
1265 1386 1411 1466 Μαρτῑνος,
1438 1385 1496 1444 ἵνα
1524 1381 1580 1442 ἀντί

265 1511 357 1570 τούτου
388 1505 500 1586 δέξηται
528 1509 577 1582 την
601 1509 727 1588 ῥηθεῖσαν
757 1511 895 1584 ποσότητα
927 1508 979 1568 ἀπό
1008 1514 1057 1584 τῆς
1080 1505 1235 1584 οἰκονομίας
1256 1511 1303 1567 τοῦ
1325 1506 1486 1587 Ῥωμαίου,
1524 1505 1580 1580 ἤδη

266 1631 371 1712 καλῶς,
395 1628 418 1690 εἰ
442 1629 467 1689 δ’
481 1627 536 1708 οὖν,
560 1629 591 1689 σὺ
614 1628 664 1706 μέν
688 1629 809 1708 όρείλεις
830 1629 976 1690 ἀποδοῦναι
999 1631 1066 1710 πρός
1088 1629 1136 1704 τὴν
1159 1628 1329 1704 θηλωθεῑσαν
1353 1628 1440 1702 μονὴν
1461 1629 1522 1703 τὴν
1540 1625 1580 1698 εἰς

266 1753 296 1812 τό
319 1751 444 1828 όηλωθὲν
467 1746 587 1832 θηρίδιον
609 1754 745 1828 ποσότητα
767 1757 819 1811 τῶν
842 1751 869 1812 λ’
887 1753 1052 1833 ὑπερτέρων,
1076 1752 1113 1822 ὡς
1137 1749 1281 1831 διορίζεται
1303 1749 1493 1827 ἠβαστιλείοι
1513 1771 1577 1825 μου,

266 1876 347 1946 αότός
370 1873 400 1934 δέ
423 1875 437 1933 ό
460 1871 596 1950 δηλωθεὶς
619 1876 715 1946 σεπτός
731 1866 878 1954 Μαρτῖνος,
902 1873 949 1933 έόιν
972 1875 1041 1934 οίντω
1065 1871 1110 1932 ἰόν
1134 1874 1203 1955 θέλῃ
1227 1870 1408 1945 όιαθέξασθαι
1431 1873 1490 1946 τὴν
1515 1891 1575 1930 τοι-

267 1997 347 2071 αύτην
369 1996 514 2072 ποσότητα,
539 1996 640 2071 μέλλει
663 1997 812 2076 παρεῖσθαι
833 1997 944 2072 ταύτην·
968 1999 1044 2056 τοῦτο
1068 1995 1099 2056 δὲ
1120 1997 1151 2055 τό
1170 1996 1281 2070 θέλημα
1303 1993 1349 2054 καὶ
1364 1989 1432 2079 [τόν]
1450 1995 1575 2074 ὁρισμόν

265 2123 314 2192 τῆς
341 2116 483 2193 βασιλείας
512 2137 562 2193 μου
589 2117 636 2176 καί
659 2108 857 2197 ἀποπλήρωσον
881 2117 1075 2197 ἀνυπερθέτως,
1106 2119 1169 2177 ὅσον
1192 2115 1335 2196 όιορίζεταί
1356 2136 1396 2176 σοι
1418 2118 1450 2176 τό
1478 2118 1573 2197 πρόσ-

265 2260 368 2319 ταγμα,
398 2241 414 2298 θ
440 2237 487 2298 καὶ
515 2239 685 2319 ἀντίστρεψον
714 2237 757 2298 ἐπὶ
783 2238 822 2318 τῷ
847 2244 985 2319 προσεῖναι
1011 2246 1044 2322 τῇ
1068 2239 1223 2322 δηλωθείσῃ
1252 2246 1321 2322 μονῇ
1350 2238 1394 2298 διὰ
1420 2240 1474 2315 τὴν
1507 2237 1572 2318 περὶ

267 2362 359 2421 τοίντου
382 2359 581 2438 ἀνενοχλησίαν
604 2363 686 2437 αθτῆς
707 2361 755 2421 καί
777 2361 927 2441 ἀσροίλειαν
949 2367 974 2438 †.

371 2477 482 2560 ῥΕίχε
497 2482 553 2542 καί
569 2481 762 2564 δι’ἐρυθρῶν
777 2487 982 2574 γραμμάτων
997 2491 1055 2562 τῆς
1071 2485 1248 2561 βασιλικῆς
1263 2484 1317 2544 καὶ
1333 2483 1426 2557 θείας
1442 2486 1570 2563 χειρός

268 2607 314 2664 τό·
340 2605 505 2683 Στέφανος
529 2604 698 2685 βασιλεὺς,
722 2609 933 2688 αὐτοκράτωρ
949 2605 1090 2686 Σερβίας
1113 2607 1167 2666 καὶ
1185 2606 1379 2683 Ῥωμανίας,
1404 2605 1482 2682 μηνί
1507 2606 1565 2664 δε-

268 2725 417 2803 κεμβρίω
440 2724 463 2785 θ’
488 2730 513 2800 †.

372 2855 516 2908 Ιυωκιιίιίοτ
532 2855 581 2908 Nr.
604 2857 627 2906 7.

569 3159 680 3224 XXII.
706 3160 781 3224 Sine
804 3183 898 3244 anno,
923 3160 951 3226 8.
976 3164 1094 3226 mensis
1117 3164 1254 3246 augusti.

273 3341 330 3396 Rex
345 3339 498 3414 Stephanus
515 3342 613 3396 Dntan
634 3344 711 3396 tertio
730 3345 824 3398 sentit
843 3345 875 3398 σία
893 3345 1060 3398 restitutione
1079 3348 1143 3416 αρνό
1156 3346 1224 3398 dicti
1239 3345 1395 3414 Monospita
1411 3345 1449 3399 ad
1467 3361 1557 3398 πιοιια-

854 3451 973 3503 sterium.

584 3649 784 3730 Πρόσταγμα
807 3651 855 3722 εἰς
877 3653 934 3726 τὴν
958 3653 1055 3726 αὐτὴν
1079 3653 1240 3712 ὑπόθεσιν.

371 3827 386 3898 η
410 3823 583 3914 Συμπένθερε
610 3829 659 3900 της
683 3823 827 3898 βασιλείας
855 3845 915 3904 μου,
945 3827 1167 3906 πρωτοσπαθοίριε
1195 3830 1244 3906 κῡρ
1269 3825 1422 3904 Άνόρόνικε
1445 3828 1550 3886 Καντα-

268 3945 390 4018 κουζηνέ.
430 3945 444 4002 ό
467 3945 674 4023 θεοφιλέστατος
698 3940 844 4018 ἐπίσκοπος
859 3948 964 4025 Ζιχνῶν
987 3947 1114 4027 ἀνέφερεν
1139 3945 1176 4020 εἰς
1198 3949 1245 4023 τὴν
1269 3948 1410 4023 βασιλείαν
1434 3969 1493 4022 μου,
1516 3951 1548 4019 ὡς

267 4067 285 4140 ἡ
309 4065 511 4126 ἀποκαθιοτᾶσα
538 4065 673 4143 οεβασμία
701 4069 770 4143 μονὴ
797 4070 814 4142 ἡ
843 4067 882 4140 εἰς
906 4069 991 4143 όνομα
1013 4071 1153 4145 τιμωμένη
1175 4073 1221 4130 τοῦ
1243 4070 1330 4145 τιμίου
1354 4067 1464 4142 ἐνδόξου
1485 4091 1547 4150 προ-

268 4188 350 4266 φήτου
373 4188 533 4267 Πρσόρόμου
556 4187 601 4248 καὶ
622 4189 771 4249 Βαπτιστοϋ
787 4190 912 4250 Ἰωοίννου
934 4189 981 4250 καί
1004 4191 1209 4266 ἐπικεκλημένη
1231 4196 1277 4251 τοῦ
1294 4193 1454 4264 Μενοικέως
1477 4195 1546 4271 εὐερ-

267 4309 369 4387 γετηθη
393 4308 437 4370 διὰ
458 4309 665 4390 χρυσοβοόλλου
687 4315 732 4372 τοῦ
755 4311 833 4391 ἁγίου
856 4333 907 4388 μου
930 4313 1055 4372 αθθέντου
1077 4311 1123 4373 καί
1145 4313 1293 4394 βασιλέως,
1316 4318 1362 4374 τοῦ
1384 4317 1489 4376 πάππου
1504 4320 1545 4390 τῆς

268 4413 414 4504 βασιλείας
436 4452 487 4505 μου
512 4481 518 4492 .
545 4481 551 4493 .
576 4478 583 4494 .
607 4428 665 4518 [τό]
686 4432 747 4512 περί
776 4435 857 4508 αὐτην
885 4435 933 4508 τὴν
957 4433 1126 4510 δηλωθεϊσαν
1150 4434 1184 4511 δὴ
1209 4437 1294 4514 μονὴν
1318 4433 1438 4517 ἀγρίδισν
1461 4437 1544 4498 Μονό·

268 4571 367 4628 σπητον
396 4552 597 4629 ὀνομαζόμενον
624 4554 695 4614 κατὰ
721 4555 769 4630 την
796 4557 933 4632 ποσότητα
962 4557 1119 4636 ὑπεραίρων
1142 4555 1180 4638 λ’,
1214 4560 1229 4616 ’ό
1255 4557 1289 4634 δὴ
1319 4558 1477 4634 όιπεσποίσθη
1500 4563 1544 4640 πρό

266 4675 372 4754 χρόνων
402 4675 476 4754 παρὰ
501 4679 547 4736 τοῦ
575 4677 735 4752 δομεστίκου
759 4673 895 4757 Γεωργίου
921 4682 966 4738 τοῦ
989 4679 1145 4759 Στρατηγοΰ
1174 4680 1226 4739 ἀπό
1253 4685 1303 4756 τῆς
1331 4679 1482 4757 οἰκονομίας
1505 4687 1543 4740 τοῦ
