3240 5286
240 352 304 416 284

239 567 318 624 τερος
340 547 426 624 λε’γος
449 545 488 618 είς
511 547 558 621 τἠν
581 545 755 621 ὑψηλοτάτην
777 543 825 604 καί
847 547 1031 621 συνετωτάτην
1054 546 1129 620 ὑμῶν
1152 545 1267 625 βουλήν,
1299 544 1414 624 ἑρίοατε,
1446 544 1497 602 ἶνα
1520 544 1545 602 σί

238 673 350 729 τοιοῦτοι
381 667 498 747 διωγμοί
519 666 566 727 καὶ
588 665 734 747 πειρασμσί
755 668 920 747 παύσωνται,
950 666 998 748 κφί
1021 667 1102 727 άδεια
1123 664 1142 748 ᾖ
1164 672 1244 726 πάσιν
1266 664 1308 738 είς
1329 667 1364 726 τὰ
1386 667 1473 742 ἔθιμα
1496 663 1544 724 καί

238 791 286 866 τὴν
309 789 394 849 πίστιν
417 789 502 849 αὑτῶν
525 791 622 868 ποιεῖν,
654 790 692 860 ὡς
715 787 868 862 βοῦλονται.
914 796 991 850 τοῦτο
1014 791 1053 861 ὡς
1077 788 1181 849 δίκαιον
1204 786 1251 848 καί
1273 791 1544 867 συμφορώτατοντῄ

238 913 396 993 ὑψηλοτάτη
425 912 501 986 ὑμῶν
532 911 656 992 σὺθεντίᾳ
684 912 789 990 γράφω.
836 909 859 970 εί
890 907 935 970 οὑν
964 911 979 969 ά
1010 913 1100 988 μέγας
1128 909 1175 970 καί
1202 910 1374 987 ὑψηλότατος
1396 911 1544 988 σὺθέντης,

239 1037 335 1115 ἑτέρας
357 1034 473 1106 πίστεως
495 1035 543 1114 ὤν,
567 1033 629 1106 τοῦς
652 1032 829 1113 Χριστιανσὺς
851 1031 898 1093 καὶ
919 1035 1023 1104 πάντας
1046 1033 1150 1112 ἀφίησιν
1174 1031 1214 1104 είς
1235 1033 1285 1108 τήν
1307 1030 1470 1113 ἐλευθερίαν
1493 1037 1546 1106 τῆς

237 1159 352 1235 γνώμης
374 1152 422 1215 καί
441 1154 558 1226 πίστεως
579 1157 692 1234 πάντας,
715 1153 762 1214 καί
784 1156 877 1234 πέρυσι
901 1156 1006 1234 μαθών,
1030 1156 1069 1226 ὡς
1092 1155 1121 1214 ἐν
1143 1159 1177 1236 τῇ
1201 1155 1314 1237 μεγάλη
1338 1153 1449 1236 Βλαγίφ
1475 1155 1544 1228 βιοῖ-

238 1280 336 1348 ζωνται
357 1277 420 1347 ποῦς
436 1277 600 1358 Ἀρμενίους,
624 1277 668 1336 ἵνα
684 1274 847 1356 ἀρθσδέξσυς
861 1278 1002 1357 ποιήσωσι,
1025 1280 1135 1357 γράψας
1149 1275 1197 1336 καί
1213 1275 1324 1348 στειλας
1339 1278 1431 1358 ὥρισε,
1453 1277 1544 1349 νέμον

237 1401 301 1458 θεοῦ
323 1394 438 1458 εἶναιτὸ
455 1397 593 1479 ἀβίαστσν,
615 1396 663 1458 καί
677 1401 847 1458 κατέπαυσεν
862 1400 908 1458 τὀν
925 1399 1016 1458 ἐκεῖσε
1033 1397 1165 1478 διωγμὸν,
1188 1397 1288 1478 πολλῷ
1305 1399 1418 1474 μᾶλλον
1434 1397 1544 1457 δίκαιέν

240 1520 319 1598 ἐστιν,
349 1519 420 1594 ὑμᾶς
447 1523 523 1580 τοῦτο
549 1526 670 1601 ποιῆσαι,
700 1517 748 1580 καί
774 1525 829 1590 τοῖς
856 1521 907 1579 ὑπο
933 1522 982 1595 τἠν
1011 1521 1143 1600 ὑμετέραν
1170 1528 1258 1580 πᾶσαν
1281 1516 1370 1599 ἀρχὴν
1394 1522 1433 1593 ὡς
1451 1521 1543 1594 νέμον

238 1642 300 1701 θεοῦ
328 1639 418 1700 δοῦναι
445 1644 475 1701 τίν
502 1640 641 1720 ἀβίαστον,
671 1639 717 1700 καί
746 1637 850 1721 ἀφεῖναι
877 1643 981 1713 πάντας
1010 1642 1038 1701 ἐν
1061 1663 1095 1724 τη
1119 1639 1226 1724 ἐξουσίᾳ
1248 1646 1294 1702 τοῦ
1319 1642 1398 1714 ἔθους
1419 1641 1464 1702 καί
1488 1647 1542 1718 τῆς

236 1763 360 1834 πίστεως,
384 1761 431 1822 καί
453 1763 491 1839 μὴ
516 1761 561 1822 διά
582 1783 661 1823 τινων
683 1760 847 1836 πλεονεξίαν
870 1760 916 1824 καὶ
939 1763 1051 1839 θέλημα
1074 1763 1218 1842 ἀλόγιστον
1234 1763 1329 1823 άδικέν
1343 1784 1368 1823 τι
1383 1762 1431 1823 καί
1444 1765 1541 1842 παρά-

237 1886 323 1964 λογον
340 1885 445 1964 ἀφεῖναι
460 1884 591 1967 γίνεσθαι,
607 1886 670 1945 θεάν
684 1905 714 1944 τε
730 1885 777 1945 καί
792 1887 867 1962 ἡμεῖς
882 1885 987 1964 λυπεῖν,
1003 1883 1050 1944 καὶ
1066 1887 1157 1964 ὥσπερ
1172 1883 1255 1958 κύβον
1272 1884 1408 1964 ἀρριπτεῖν
1419 1885 1538 1964 τάπρά-

236 2027 339 2089 γματα,
363 2005 501 2082 μηδεμιᾶς
524 2005 640 2086 εὑλέγσυ
664 2003 787 2084 ἀνάγκης
808 2004 856 2066 καὶ
876 2011 1035 2082 σοπατικῆς
1049 2010 1100 2083 τῆς
1116 2005 1258 2078 αὑθεντίας
1273 2007 1501 2086 κατεπειγούσης,
1526 2005 1540 2062 ἓ

237 2127 302 2198 ἴσως
317 2127 382 2187 οὐδὲ
396 2129 411 2186 ὁ
427 2128 490 2200 θεὺς
506 2128 671 2208 περιόψεται.
703 2131 787 2187 ταῦτα
802 2127 853 2203 μὲν
868 2127 988 2188 καθόλου
1004 2127 1093 2206 φαμέν
1108 2125 1155 2188 καὶ
1171 2129 1201 2187 τ“ο
1216 2133 1270 2186 πάν
1290 2125 1329 2200 εἰς
1345 2127 1395 2202 τὴν
1407 2129 1540 2218 ὑμετέραν

238 2247 347 2328 ἀρίστην
369 2247 416 2308 καὶ
440 2248 547 2309 δικαίαν
570 2249 672 2324 βουλὴν
694 2247 742 2308 καί
764 2255 863 2328 γνῶσιν
887 2245 1058 2330 ἀναρτῶμεν,
1082 2247 1158 2321 ἰδίως
1173 2249 1204 2308 δέ
1220 2249 1353 2328 λέγομεν,
1378 2249 1417 2320 ὡς
1431 2249 1449 2324 ἡ
1463 2251 1539 2324 ἡμε-

237 2371 303 2450 τέρα
325 2369 470 2448 ἐκκλησία,
494 2369 631 2445 μηδεμίαν
653 2373 784 2451 προτερον
808 2371 931 2447 ἀνάγκην
954 2373 972 2445 ἦ
996 2370 1114 2430 ἐπίθεσιν
1131 2369 1243 2449 έχοντα,
1266 2369 1428 2450 παρέβλεπε
1442 2370 1540 2432 πολλὰ

236 2497 290 2551 τῶν
314 2491 504 2566 δικαιωμάτων
521 2493 613 2572 αὑτῆς,
635 2493 665 2552 τ“ο
681 2493 854 2573 ἀπρόσκοπον
868 2494 1133 2572 πραγματευομένη·
1157 2497 1203 2554 νῦν
1222 2494 1300 2553 δὲέν
1318 2495 1434 2576 μεγίστη
1449 2515 1538 2554 κατα-

238 2617 322 2672 στᾶσα
345 2612 462 2694 ἀνάγκῃ,
485 2611 531 2672 καὶ
555 2613 640 2693 βάρος
663 2615 737 2692 μέγα
762 2614 931 2690 ἐπικείμενον
956 2615 1070 2692 ἔχουσα·
1096 2613 1208 2696 (ἄλλως
1230 2616 1284 2695 γὰρ
1308 2615 1358 2676 οὑκ
1373 2619 1406 2676 ἀν
1423 2617 1538 2676 ἐνταῦθα

237 2734 347 2808 συσταίη
371 2733 516 2814 ἐκκλησία,
548 2734 625 2794 ἀλλὰ
647 2732 695 2794 καί
716 2737 746 2794 το
770 2735 857 2810 ὄνομα
879 2739 925 2795 τοῦ
949 2737 1065 2816 Χριστοῦ
1088 2735 1210 2796 ἐντεῦθεν
1234 2733 1420 2816 ἐξαλειφθείη,
1451 2737 1537 2812 τίμὴ

236 2856 345 2931 τοιαῦτα,
375 2856 495 2934 γίγνοιτο
525 2853 667 2932 οἰκονομία
695 2855 742 2916 καί
770 2854 867 2940 δέοις),
898 2859 966 2936 πρὸς
997 2856 1097 2917 δὲκαὶ
1121 2855 1161 2930 είς
1182 2857 1245 2930 τσὺς
1267 2859 1386 2934 πένητας
1407 2857 1455 2919 καί
1477 2861 1536 2929 τοῦς

238 2977 266 3038 ἐν
295 2975 493 3060 αίχαμαλωσίᾳ
516 2977 727 3056 ἀναγκαζομένη
759 2977 916 3038 ἀναλίσκειν
939 2975 1044 3057 πολλά,
1077 2975 1116 3050 είς
1140 2979 1243 3040 ἔννοιαν
1266 2975 1353 3054 ἦλθεν
1376 2985 1430 3040 τῶν
1454 2981 1535 3055 αὑτῆς

238 3099 357 3160 θικαίων.
397 3098 438 3159 δίο
461 3105 506 3160 τοῦ
530 3097 705 3173 ένδοξοτάτσυ
728 3099 929 3182 ἀποκρισιαρίσυ
951 3107 1001 3178 τῆς
1024 3101 1198 3178 ὑψηλοτάτης
1222 3100 1362 3172 αὑθεντίας
1384 3101 1463 3174 ὄντος
1488 3102 1534 3161 έν-

236 3224 331 3301 ταῦθα,
353 3220 416 3304 περὶ
438 3227 491 3281 τῶν
515 3220 712 3302 είσοδημάτων,
735 3216 773 3282 ὧν
795 3225 814 3298 ἡ
837 3224 960 3301 ἡμετέρα
979 3222 1115 3298 ἐκκλησία
1130 3223 1159 3283 ἑν
1180 3223 1325 3304 τῇίίρητη
1342 3218 1430 3304 είχεν,
1454 3224 1534 3283 κεκί-
1610 3281 1611 3284 ,

238 3364 315 3419 νηται
337 3344 424 3422 λόγος
454 3342 500 3404 καί
528 3347 574 3404 τοῦ
596 3349 757 3424 κρατοῦντος
778 3349 855 3404 τοῦτο
881 3344 1084 3421 ἐνθυμηθέντος.
1130 3341 1329 3424 καὶπρότερον
1352 3343 1403 3420 μὲν
1426 3347 1441 3404 ὑ
1465 3345 1534 3404 ἀπσ-

237 3467 386 3546 κρισιάριος
408 3463 515 3544 ἀγαθὰς
536 3467 601 3540 ἡμῖν
625 3464 746 3526 δέδωκεν
771 3465 896 3545 ἐλπίδας,
921 3463 1013 3540 εἰπών,
1037 3467 1107 3548 ,,ὡς,
1131 3464 1190 3524 ἐπεὶ
1212 3467 1230 3540 ἡ
1248 3465 1383 3541 ἐκκλησία
1398 3467 1466 3543 αῦτη
1482 3486 1533 3542 με·

236 3585 328 3662 γάλην
359 3587 417 3663 ἔχει
440 3585 573 3664 ἀνάγκην,
605 3583 653 3644 καὶ
674 3585 777 3646 πολλοὶ
801 3586 834 3646 ἐκ
856 3588 955 3663 ταύτης
979 3587 1126 3667 εὑρίσκουσι
1149 3587 1289 3666 βοήθειαν,
1318 3589 1468 3664 ποιήσομεν
1489 3585 1534 3647 καί

237 3709 318 3782 ἡμεῖς
348 3707 501 3786 ὡρισμένην
525 3703 565 3778 εἰς
587 3707 685 3781 ταύτην
708 3707 869 3782 βοηθειανίέ.
914 3709 1024 3788 ὑστέρον
1056 3707 1087 3768 δέ
1117 3709 1147 3768 τ“ο
1176 3714 1230 3767 πᾶν
1253 3708 1403 3790 ἀνήρτησεν
1426 3707 1467 3781 είς
1488 3709 1533 3786 τὴν

236 3827 410 3906 ὑψηλοτάτην
441 3826 571 3902 βουλήν·
600 3827 646 3886 διὰ
668 3831 746 3888 τοῦτο
768 3831 908 3908 γράφομεν
931 3827 979 3889 καὶ
1001 3827 1129 3904 ἀξιοῦμεν
1152 3827 1188 3889 δι’
1202 3829 1284 3905 αὑτην
1305 3829 1354 3906 τὴν
1376 3837 1423 3890 τοῦ
1445 3831 1533 3910 κυρίου

238 3951 327 4026 Ἰησοῦ
349 3949 468 4028 ἀγάπην,
490 3947 720 4028 παραβλέψαντες
730 3945 753 4033 ¹)
776 3952 864 4010 πάντα
885 3953 903 4026 ἢ
926 3950 1046 4011 καθέλου
1065 3954 1083 4026 ἡ
1102 3950 1130 4009 έν
1150 3953 1237 4031 μέρει,
1259 3951 1327 4032 πρὸς
1342 3953 1391 4028 τὴν
1407 3951 1532 4027 βοηθέων

236 4072 315 4146 ἡμῶν
339 4069 527 4149 ἀποβλέψατε,
549 4069 594 4128 ἵνα
615 4069 662 4130 καί
684 4073 765 4146 ἡμεῖς
789 4072 939 4152 ἀπέμοιράν
962 4093 1021 4132 τινα
1042 4074 1107 4152 παρ’
1116 4072 1191 4148 ὑμῶν
1207 4072 1329 4152 ἔχοντες,
1354 4069 1385 4146 ἐξ
1400 4069 1439 4134 ὧν
1454 4073 1531 4150 νομί-

237 4195 320 4268 ζομεν
349 4194 491 4272 ἡμετέρων
515 4191 638 4274 δικαίων,
671 4192 781 4272 εὑχετοά
804 4191 851 4253 καί
875 4193 1012 4254 ἐπαινεταὶ
1035 4191 1111 4270 ὦμεν
1134 4195 1218 4270 ὑμῶν.
1264 4198 1341 4255 τοῦτο
1365 4193 1389 4254 εί
1411 4197 1530 4275 γένηται,

237 4315 367 4393 μεγίστην
390 4311 472 4388 δόξαν
494 4313 541 4375 καὶ
562 4314 648 4385 κλέος
671 4315 772 4374 ἐποίσει
794 4321 828 4396 τῇ
852 4313 1009 4398 ὑψηλοτάτη
1032 4317 1107 4391 ὑμῶν
1132 4315 1270 4399 σὺθεντίρ·
1295 4314 1319 4376 εί
1341 4315 1396 4396 γὰρ
1420 4317 1473 4377 ἀπθ
1488 4321 1529 4376 τοῦ

235 4435 344 4496 πολλοῦ
356 4435 459 4496 δικαίου
474 4437 553 4512 ἡμῶν
568 4433 616 4496 καί
631 4435 782 4517 ἀπέμοιράν
797 4453 858 4496 τινα
873 4433 972 4516 δῴητε,
989 4435 1140 4518 ὡσπερανεὶ
1155 4438 1186 4498 τ“ο
1202 4443 1255 4497 πᾶν
1272 4437 1408 4514 λαβόντες
1420 4440 1528 4519 εὑχαρι-
1608 4423 1609 4455 ¹

240 4593 442 4601 *ffl—

343 4696 363 4761 ¹)
382 4694 426 4746 sic
444 4709 533 4746 moen:
552 4695 601 4744 Th.
622 4697 745 4760 proponit
763 4691 957 4762 περιβλέψαντες.
