3240 5286
873 816 967 891 XII.

820 1008 897 1084 Acta
919 1010 1019 1086 varia.

555 1233 581 1298 Ι.
605 1232 806 1318 6472-964,
831 1207 943 1298 monde
965 1245 1113 1320 augusto,
1136 1235 1201 1299 ind.
1225 1235 1285 1301 IX.

275 1415 441 1470 patriarcha
451 1417 610 1487 polyeuctus
621 1417 743 1470 declarat
754 1419 944 1472 ιπσαασιαιάαιιι
958 1416 1074 1473 Sanctae
1085 1415 1196 1473 Mariae
1207 1419 1307 1473 ἀίσίαιπ
1319 1417 1478 1487 Ρίιίάυιιομίιί
1486 1417 1561 1470 sitm

623 1537 710 1592 prope
726 1521 918 1578 Βσπιοόααιιαιιι
933 1540 988 1580 οντα
1002 1523 1211 1594 σιααναρερίαπι.

296 1722 478 1805 Κῦριλλος,
511 1724 597 1805 ἐλέῳ
629 1727 705 1788 θεοῦ
736 1725 1002 1807 ἀρχιεπίσκοπος
1027 1725 1425 1804 Κωνσταντινουπόλεως,
1456 1723 1542 1796 Νέας

562 1847 702 1927 Ῥώμης,
725 1847 781 1908 καί
805 1845 1038 1925 οἰκουμενικδς
1059 1851 1276 1930 πατριάρχης.

376 2018 450 2080 Ἶσσν
480 2021 703 2100 ἀπαραλλάκτως
732 2027 778 2083 τοῦ
808 2021 864 2084 ίσσυ
893 2029 940 2084 τοῦ
970 2025 1142 2104 πρωτοτίιπου
1164 2027 1360 2104 πατριαρχικοῦ
1381 2023 1559 2100 παλαιγενοῦς

273 2139 464 2220 σιγιλλιωδους
492 2145 664 2223 γράμματος,
699 2143 836 2223 ἐκβληθέν
863 2145 938 2226 παρὰ
959 2149 1006 2206 τοῦ
1027 2145 1146 2206 παλαιοῦ
1168 2143 1215 2206 καί
1238 2145 1354 2224 ἀρχαίου
1376 2143 1496 2214 κίνδυνος
1517 2147 1560 2214 τῆς

272 2267 319 2323 τοῦ
341 2264 457 2343 Χριστοῦ
487 2265 616 2344 μεγάλης
647 2265 806 2348 ἐκκλησίας,
836 2268 981 2348 δραθέντος
1003 2270 1077 2348 παρσί
1099 2289 1129 2327 τε
1151 2273 1200 2344 τῆς
1222 2269 1301 2343 ἡμῶν
1324 2267 1499 2347 μετριότητος
1519 2261 1559 2322 καὶ

272 2389 321 2460 τῆς
343 2385 576 2467 θπερτελεοτάτης
599 2387 674 2468 ἱερᾶς
697 2393 750 2448 τῶν
773 2389 924 2470 ἀρχιερέων
947 2389 1067 2471 συνόδου,
1089 2396 1143 2451 τῶν
1159 2391 1188 2450 ἐν
1208 2389 1279 2469 όγίῳ
1293 2391 1425 2464 πνεῦματι
1439 2388 1559 2448 ποθεινο·

271 2509 359 2566 τάτων
381 2507 508 2587 ἀδελφῶν
530 2505 577 2568 καὶ
599 2509 827 2590 συλλειτουργιῦν,
849 2516 902 2570 τῶν
926 2509 972 2571 καί
994 2513 1117 2572 κάτωθεν
1137 2512 1358 2592 θπογραψόντων.

375 2630 635 2712 ίίίολὺευκτος,
667 2629 753 2712 ἐλέῳ
776 2634 850 2693 θεοῦ
875 2632 1559 2714 ἀρχιεπίσκοπος,Κωνσοαντινουπόλεως

272 2750 361 2824 Νέας
384 2752 521 2832 Ῥώμης,
544 2750 599 2814 καί
622 2751 856 2830 οίκουμενικδς
878 2758 1088 2838 πατριάρχης
1111 2761 1135 2833 †.

313 2913 315 2919 ·
376 2871 471 2950 ἀΚαί
502 2875 622 2950 λιμένων
653 2874 703 2952 μὲν
729 2874 894 2937 κατασκευαὶ
920 2880 977 2950 τοῖς
1004 2877 1037 2937 ἐκ
1058 2877 1198 2956 πελάγους
1219 2879 1443 2956 χειμαζομένοις,
1473 2873 1559 2934 οἰκιῶν

271 3017 301 3056 τε
330 2973 509 3070 καταστάσεις
538 2995 663 3080 πρόξενοι
693 2981 841 3078 ὑποδοχῆς,
872 2999 965 3061 πόλλα
994 3021 1034 3081 τε,
1066 3002 1200 3072 όσα.τοϊς
1224 2995 1373 3080 ἀνθρώποις
1398 2999 1558 3073 ἐιανενόηιαι

271 3120 338 3198 πρός
368 3119 521 3200 ἐπικουρίαν
550 3127 603 3180 τῶν
636 3120 832 3204 ἐνοχλούντων,
862 3126 977 3202 πρᾶγμα
1003 3127 1079 3184 τοῦτο
1106 3121 1250 3193 λυσιτελὲς
1275 3119 1322 3180 καί
1353 3120 1464 3199 πολλὴν
1491 3120 1558 3196 ἀφέ-

272 3243 352 3301 λειαν
382 3241 509 3318 ἐμποιοῦν
536 3246 592 3314 τοῖς
621 3242 682 3324 περί
704 3248 787 3304 ταῦτα
810 3243 1018 3305 ἐσπουδακόσιν·
1051 3243 1118 3304 ἀλλ’
1132 3243 1204 3304 οθπω
1227 3245 1315 3304 πάντα
1336 3247 1419 3304 ταῦτα
1440 3245 1558 3302 τοσοῦτον

273 3363 419 3443 ἐπωφελεῖ,
449 3365 511 3424 όοον
542 3365 621 3446 ίερῶν
650 3364 733 3426 οἴκων
760 3363 902 3442 οἰκοδομαί
929 3363 975 3426 καί
1001 3366 1140 3444 προσόδων
1167 3366 1288 3446 χορηγία
1316 3365 1384 3445 πρός
1413 3367 1490 3425 τοῦτο
1515 3361 1556 3434 τὴν

275 3487 406 3562 διαμονὴν
438 3487 524 3547 αὐτῶν
556 3487 732 3558 διασώζουσα.
767 3488 800 3548 τά
827 3487 877 3564 μὲν
903 3489 957 3568 γὰρ
984 3484 1035 3548 κόν
1063 3509 1122 3548 τινα
1148 3489 1323 3570 παρέχωνται
1343 3487 1392 3562 τὴν
1419 3487 1557 3566 ὠφέλειαν,

273 3607 350 3668 ἀλλὰ
372 3605 433 3688 περὶ
455 3610 485 3668 τ“ο
508 3615 597 3688 σῶμα,
620 3608 667 3668 καί
689 3611 771 3684 μόνον
794 3611 885 3670 τοῦτου
907 3611 926 3687 ἡ
949 3609 1089 3689 θεραπεία,
1117 3611 1135 3684 ἡ
1159 3609 1191 3669 δέ
1213 3629 1246 3688 γε
1269 3614 1322 3668 τῶν
1345 3607 1425 3688 ἱερῶν
1441 3607 1557 3673 σίστασις
1596 3607 1597 3610 ’

273 3729 319 3790 καί
346 3729 507 3809 ἀμφοτέροις
529 3730 577 3807 τἠν
601 3729 754 3810 ἐπικουρίαι
768 3731 900 3810 ἐπάγον·
922 3731 1012 3809 ψυχὰς
1034 3731 1088 3812 γὰρ
1111 3728 1206 3790 οίκεισῖ
1227 3729 1265 3810 τῷ
1295 3728 1350 3808 θεῷ
1374 3727 1419 3790 διά
1440 3726 1555 3809 πράξεώς
1596 3729 1597 3822 ί

272 3872 303 3911 τε
333 3850 380 3912 καί
409 3849 533 3932 θεωρίας,
564 3847 602 3912 ὧν
633 3853 750 3933 ἑκάτερα
780 3851 818 3931 τῷ
849 3855 961 3933 μονήρει
989 3852 1039 3932 βίῳ
1066 3852 1204 3912 κάλλιστοι
1233 3852 1425 3931 κατορθοῦνται
1456 3850 1488 3910 ἐκ
1514 3851 1555 3918 τίς
1596 3891 1597 3896 1

272 3981 406 4052 κοσμικῆς
431 3981 484 4034 τῶν
513 3969 659 4056 ἀνθρώπων
688 3974 899 4055 ἀναχωρήσεως,
929 3973 975 4034 καί
1002 3974 1035 4033 τὰ
1061 3979 1107 4034 τοῦ
1134 3970 1260 4049 σώματος
1288 3976 1355 4033 πάνυ
1379 3973 1408 4032 ἐν
1431 3970 1554 4053 ἀσφαλείᾳ
1596 3993 1597 4042 5

272 4101 356 4175 τηρεῖ.
401 4095 450 4170 τἠν
479 4097 532 4176 γάρ
562 4096 690 4171 βιωτικὴν
721 4095 866 4175 ἀποφυγὼν
897 4096 1108 4176 αὺτοτρικυμίαν,
1139 4094 1186 4156 καὶ
1215 4101 1248 4177 τῇ
1271 4101 1342 4176 μονῇ
1371 4094 1552 4176 προσδραμών,
1596 4129 1597 4172 1

272 4218 326 4294 ἤδη
353 4219 485 4300 γαληνιρῖ,
518 4219 549 4278 ἐκ
570 4224 708 4297 χειμῶνος
734 4222 781 4279 τοῦ
808 4217 867 4298 βίου
888 4215 927 4298 τῷ
950 4219 1062 4298 μονήρει
1086 4217 1136 4298 βίῳ
1158 4219 1403 4298 καθορμιζόμενος·
1434 4221 1490 4290 τοῖς
1509 4213 1554 4291 γὰρ
1596 4197 1597 4218 ³

271 4341 339 4420 πρδς
367 4345 450 4400 ταῦτα
480 4339 596 4416 σπουδὴν
625 4342 795 4417 ποιουμένοις
829 4338 995 4421 συναίρεσθαι
1025 4338 1071 4399 καί
1101 4341 1165 4414 ἡμῖν
1195 4343 1248 4398 τῶν
1276 4338 1434 4418 ἀναγκαίων
1458 4341 1489 4398 όν
1510 4333 1552 4408 είη.
1596 4323 1597 4366 ³

273 4462 423 4542 συναίρεται
454 4461 477 4521 δ’
491 4460 530 4534 είς
556 4466 633 4544 τοῦτο
657 4465 686 4521 οῦ
709 4463 790 4538 μόνον
813 4463 828 4520 ό
850 4463 979 4533 κοινωνός
1000 4467 1182 4543 πρωτουργῶν
1204 4468 1236 4542 τῇ
1259 4461 1381 4543 χορηγίᾳ
1402 4466 1456 4521 τῶν
1478 4462 1552 4534 ἀναγ-

272 4584 368 4666 καίων,
406 4584 484 4646 ἀλλόι
521 4581 567 4644 καί
600 4589 653 4656 πᾶς
685 4605 726 4656 τις
761 4583 859 4662 σίλλος,
896 4583 927 4654 δς
961 4585 993 4641 ἂν
1027 4582 1127 4664 δυνηθῇ
1159 4603 1184 4642 τι
1215 4583 1552 4663 πραγματείαασθαις
1505 4579 1552 4646 ταί

274 4711 378 4795 μοναίς.
408 4707 552 4777 δδὲσο
500 4727 552 4798 προ
574 4712 627 4772 τῶν
652 4705 748 4770 ἄλλων
772 4707 803 4766 ἀν
826 4703 879 4784 είη,
911 4703 938 4765 εί
957 4725 996 4777 τις
1018 4704 1051 4764 τὰ
1072 4707 1206 4786 προσόντα
1228 4706 1336 4777 ταύταις
1359 4707 1442 4782 κειμη
1424 4703 1550 4782 ηελιαπ·
