3486 5282
379 272 442 338 202

379 466 414 542 μὲ
436 468 484 543 τὴν
508 468 621 546 ἀγωγην
644 489 707 548 τιον,
734 468 928 549 παρεκάλεσαν
951 469 984 527 νὰ
1007 470 1075 552 γένῃ
1097 471 1237 548 προσταγὴ
1262 466 1301 540 εἰς
1323 467 1384 540 τοῦς
1407 469 1545 548 ῥηθέντας,
1569 467 1609 526 v&
1635 470 1676 542 μὴ

378 589 439 660 τοὺς
460 591 608 672 πειράζωσι
631 589 677 650 καὶ
699 590 733 650 νὰ
756 591 794 668 μὴ
819 590 878 662 τοὺς
902 591 1037 669 ἐνοχλῶσι
1061 592 1201 667 ζητοῦντές
1223 612 1285 662 τους
1308 591 1432 670 οῦσοῦρια
1450 588 1498 650 καὶ
1513 591 1610 670 ’ρέσμια
1627 589 1677 650 καὶ

379 714 467 794 α’ίσπρα
489 710 535 772 καί
557 715 705 793 πράγματα
721 710 768 772 καί
782 715 867 788 κτηνη
888 711 934 795 καί
948 713 1101 793 τετράποδα
1116 711 1163 772 καί
1179 713 1252 773 ἄλλο
1267 712 1367 774 τίποτε.
1399 714 1460 772 ὅθεν
1477 713 1618 794 έθεωρήθη
1637 711 1679 784 εθς

377 835 411 894 τὰ
432 837 584 912 κατάστιχα
606 839 652 894 τοῦ
675 833 749 910 μπὰς
772 834 953 913 μουχασεμπέ
975 835 1009 894 τὰ
1027 835 1225 915 περυλαγμένα
1241 832 1281 908 εἰς
1295 837 1326 895 τό
1339 835 1468 896 πλοόσιόν
1484 856 1534 910 μου
1547 838 1677 912 ταμεῖον,

377 955 424 1018 καὶ
448 958 535 1036 έγεινε
556 959 697 1038 τερκενοίρι
719 956 919 1035 διαλαμβάνον,
944 958 983 1016 ότι
1005 956 1076 1016 κατὰ
1097 958 1146 1032 την
1168 955 1249 1036 ἁγίαν
1271 958 1429 1036 προσταγὴν
1448 955 1495 1016 καὶ
1509 958 1539 1018 τό
1553 957 1611 1018 ίσον
1628 961 1678 1016 τοῦ

377 1079 540 1157 καταστίχου
562 1077 608 1138 καὶ
631 1085 676 1138 τοῦ
699 1078 841 1153 βασιλικοῦ
864 1077 1020 1158 μπερατίου,
1048 1079 1114 1138 ὅπου
1138 1078 1271 1154 ἐδόθησαν
1292 1077 1332 1152 εἰς
1345 1081 1391 1140 τόν
1406 1081 1501 1161 καιρόν
1516 1085 1560 1142 τσῦ
1575 1101 1678 1156 μακα-

378 1202 449 1282 ρίτου
476 1199 592 1260 σουλτὰν
616 1201 763 1280 Μεχμέτη,
791 1199 873 1276 ἐδόθη
900 1201 1042 1280 προσταγη
1071 1221 1122 1276 μου
1146 1200 1210 1280 ἁγία
1232 1203 1406 1282 περιέχουσα,
1430 1203 1468 1262 ότι
1491 1202 1525 1261 τὰ
1546 1204 1678 1276 κτήματα

377 1320 424 1382 καὶ
451 1322 484 1382 τὰ
509 1316 629 1400 χώματα
653 1329 707 1382 τῶν
734 1322 900 1402 καλογηρων
926 1326 972 1382 τοῦ
999 1323 1127 1402 ῥηθέντος
1149 1322 1327 1403 μοναστηρίου
1349 1327 1395 1384 τοῦ
1417 1325 1543 1399 κειμένου
1565 1322 1604 1394 εἰς
1629 1325 1678 1382 τὀν

377 1445 515 1523 ληφθέντα
542 1445 672 1524 Μοιρέαν,
699 1444 732 1503 τὰ
760 1445 840 1504 ότοῖα
868 1442 941 1503 αῦτοὶ
968 1442 1083 1522 όρίζουσι
1110 1440 1157 1503 καὶ
1184 1439 1253 1504 εἶναι
1281 1443 1320 1518 εἰς
1346 1445 1408 1516 τοὺς
1435 1445 1539 1506 ἄνωθεν
1565 1447 1676 1522 τόπους,

377 1567 448 1626 κατὰ
469 1568 514 1626 τόν
539 1567 652 1646 ἀρχαῖον
674 1567 770 1646 τρόπον
794 1566 967 1645 ἐγροίρθησαν
988 1561 1040 1650 [εἰς
1055 1566 1084 1626 τό
1100 1561 1168 1650 μιρὶ]
1187 1571 1291 1641 μακτοῦ
1306 1564 1402 1628 καὶτὰ
1416 1567 1540 1647 πρόβατά
1554 1587 1616 1647 των,
1643 1569 1676 1626 ἂν

379 1686 424 1748 δέν
447 1690 546 1767 γένυσι
568 1688 656 1766 χίλια,
679 1688 713 1746 νὰ
736 1687 773 1763 μὴ
798 1687 890 1748 δίδωσι
913 1688 993 1768 ρέσμι
1014 1685 1062 1748 καὶ
1082 1685 1140 1748 ἀντὶ
1155 1691 1201 1748 τοῦ
1217 1688 1353 1769 οῦσουρίου
1368 1686 1415 1748 καὶ
1431 1688 1544 1768 ρεσμίου
1557 1687 1602 1748 καὶ
1618 1694 1676 1748 τῶν

377 1811 474 1871 ἄλλων
489 1811 644 1890 τεκιλιρίων
659 1811 693 1870 νὰ
707 1811 872 1892 πληρώνυισι
887 1811 948 1870 κατ’
957 1811 1017 1880 ἐτος
1034 1809 1073 1884 είς
1087 1811 1117 1870 τό
1133 1808 1189 1892 μιρὶ
1205 1792 1314 1886 μακτοῦ
1321 1811 1410 1892 ἄστρα
1423 1811 1539 1892 (λεπτὰ)
1557 1807 1673 1873 15000.

378 1933 403 1996 οἱ
426 1933 457 1993 δέ
482 1933 690 2012 οῦτζ-τουγιλοῦ
712 1931 835 2005 πασοίδες
857 1932 904 1993 καὶ
927 1933 952 1994 οἱ
973 1933 1152 2012 τερτιστζίδες
1173 1931 1220 1994 καὶ
1244 1933 1268 1994 σί
1290 1931 1550 2012 χάσ-βοεβονδαίδες
1571 1933 1616 1994 καὶ
1650 1932 1675 1992 σί

379 2055 566 2131 σουμπασίδες
588 2061 642 2114 τῶν
666 2050 796 2130 ζαίμιδων
819 2052 867 2115 καί
887 2055 1018 2136 τιμαρίυιν
1040 2053 1088 2116 καὶ
1110 2054 1136 2116 οἱ
1159 2054 1356 2130 μπεδελτζίδες
1377 2054 1424 2116 καὶ
1447 2055 1472 2116 οἱ
1495 2055 1611 2132 ἐμίνιδες
1627 2053 1676 2114 καὶ

378 2177 402 2237 οί
424 2176 560 2258 καστρινοὶ
583 2176 629 2237 καί
651 2179 682 2237 τό
704 2178 833 2256 ρουσοίτον
855 2175 903 2237 καὶ
925 2177 1010 2238 ἄλλοι
1032 2174 1210 2253 ἀξιωματικοὶ
1233 2176 1354 2238 ἐναντίον
1376 2183 1426 2253 της
1446 2183 1607 2258 προσταγῆς
1626 2175 1675 2236 καὶ

377 2305 422 2360 τοῦ
444 2299 608 2378 καταστίχου
629 2299 675 2360 καὶ
698 2303 743 2360 τοῦ
765 2299 824 2360 ἴσον
845 2303 892 2360 τοῦ
914 2301 1078 2378 καταστίχου
1097 2304 1143 2360 τοῦ
1164 2300 1305 2375 βασιλικοῦ
1324 2297 1371 2359 καὶ
1387 2300 1508 2360 ἐναντίον
1523 2305 1576 2360 τῶν
1592 2320 1673 2360 σενε-

377 2421 440 2482 τίων
468 2422 501 2482 νὰ
528 2421 566 2497 μὴ
594 2423 655 2493 τοὺς
681 2424 827 2502 πειράζωσι
853 2419 900 2482 καί
926 2421 960 2481 νὰ
988 2423 1026 2498 μὴ
1053 2423 1114 2494 τοῦς
1142 2423 1303 2502 ἐνοχλῶσιν,
1337 2423 1398 2482 όθεν
1421 2421 1492 2482 κατὰ
1515 2427 1606 2482 τοῦτον
1626 2423 1673 2480 τὀν

377 2545 475 2624 τρόπον
501 2545 671 2624 ἐπροστοίχθη
695 2544 729 2603 νὰ
752 2544 915 2624 ἐνεργῶνται
934 2543 969 2604 τὰ
984 2545 1096 2604 ἄνωθεν.
1135 2545 1214 2625 όρίζω
1229 2544 1335 2623 λοιπόν,
1358 2544 1451 2616 καθὼς
1466 2545 1554 2626 φθάσῃ
1569 2546 1587 2618 ἡ
1604 2544 1672 2604 ἐπό-

378 2667 456 2746 ρασίς
484 2687 536 2741 μου
563 2667 581 2741 ἠ
611 2667 675 2745 ἁγία
702 2665 773 2726 κατὰ
799 2669 848 2742 τὴν
877 2665 1033 2727 ἐκδοθεῖσαν
1060 2668 1218 2746 προσταγήν
1241 2687 1302 2746 μου,
1326 2667 1360 2726 νὰ
1383 2667 1560 2747 ἐνεργηοητε,
1591 2667 1672 2744 ἤγουν

378 2789 413 2848 τὰ
439 2791 567 2864 κτήματα
592 2787 638 2848 καί
664 2789 698 2848 τὰ
725 2791 844 2867 χώματα
867 2794 920 2848 τῶν
945 2794 1074 2867 μοναχῶν
1097 2793 1143 2849 τοῦ
1167 2789 1295 2868 ῥηθέντος
1318 2788 1507 2869 μοναοτηρίου,
1537 2788 1572 2848 τὰ
1594 2789 1671 2848 ὁποῖα

379 2909 452 2972 αῦτοὶ
479 2911 594 2990 όρίζουσι
620 2909 668 2972 καὶ
695 2905 764 2971 εἶναι
792 2913 864 2988 μέσα
891 2909 930 2982 εἰς
956 2912 1053 2990 σύνορα
1081 2911 1183 2990 φανερὰ
1208 2909 1256 2970 καὶ
1277 2910 1417 2986 ποσίδηλα
1439 2909 1487 2970 καί
1508 2915 1611 2971 κεῖνται
1634 2907 1670 2980 είς

378 3035 437 3106 τοῦς
461 3035 563 3094 ἄνωθεν
585 3035 692 3113 τόπους,
716 3034 750 3094 νὰ
771 3035 805 3094 τὰ
827 3037 934 3110 κοίμησε
957 3033 992 3093 νόι
1014 3029 1084 3094 εἶναι
1100 3032 1176 3110 ,κατὰ
1192 3033 1240 3108 τὴν
1257 3033 1360 3092 ἄνωθεν
1377 3033 1517 3107 συνήθειαν
1533 3031 1670 3094 ἐδικαίευν

378 3153 424 3216 καὶ
446 3157 480 3214 τὰ
501 3155 634 3240 πρόβατα,
660 3159 713 3227 ἕως
737 3149 767 3215 οὗ
789 3157 823 3216 νόι
844 3158 946 3236 γένυισι
967 3155 1056 3235 χίλια,
1079 3155 1113 3214 νὰ
1136 3157 1174 3230 μὴ
1198 3153 1291 3215 δίδωσι
1307 3155 1384 3235 ρέσμι
1400 3152 1447 3214 καὶ
1463 3153 1521 3215 ἀντὶ
1531 3154 1669 3236 ὀῦσουρίσυ

378 3275 426 3337 καὶ
442 3277 551 3358 ρεσμίου
566 3277 613 3338 καὶ
629 3278 725 3338 σίλλων
741 3276 894 3357 τεκιλιρίιυν
910 3278 944 3336 νδ
958 3279 1122 3358 πληρὼνωσι
1138 3274 1198 3337 κατ’
1210 3277 1270 3350 ἔτος
1286 3275 1326 3349 εἰς
1339 3277 1370 3336 τό
1383 3275 1439 3355 μιρὶ
1455 3282 1560 3352 μακτοῦ
1570 3273 1669 3340 15000

380 3401 477 3479 οίσπρα,
508 3399 555 3459 καὶ
584 3400 656 3460 κατὰ
684 3402 715 3460 τό
748 3399 868 3460 έκπαλαι
894 3399 928 3458 νδ
961 3398 1137 3476 ἐμποδίζηται
1160 3399 1221 3470 τοῦς
1244 3397 1451 3476 οθτζ-τουγιλοῦ
1477 3400 1602 3472 πασαίδες
1627 3396 1668 3458 καί

378 3521 555 3602 τερτιστζίδες
577 3522 624 3582 καὶ
645 3521 891 3600 χοίσ-βοεβοδοίδες
906 3519 953 3582 καὶ
969 3520 1150 3597 σουμπασίδες
1166 3527 1218 3580 τῶν
1234 3515 1363 3597 ζαίμιδων
1379 3519 1427 3580 καὶ
1440 3527 1612 3601 πιμαριωτῶν
1628 3518 1668 3580 καὶ

378 3645 440 3717 τοῦς
462 3645 656 3719 μπετελτζίόες
678 3643 724 3704 καὶ
747 3642 865 3720 ἐμίνιδες
887 3642 934 3704 καὶ
956 3644 1112 3724 καστρινοῦς
1135 3641 1181 3703 καὶ
1205 3643 1309 3714 ἀλλους
1333 3639 1531 3718 ἀξιωματικοθς
1555 3641 1667 3702 ἐναντίον

377 3773 427 3844 της
449 3773 604 3848 προσταγῆς
626 3766 673 3828 καί
695 3771 740 3827 τοῦ
762 3765 925 3845 καταοτίχου
947 3765 994 3826 καὶ
1008 3773 1062 3826 τῶν
1079 3765 1213 3842 σενετίιυν,
1237 3763 1284 3824 καὶ
1301 3762 1354 3838 ἐξω
1369 3767 1415 3826 τοῦ
1429 3765 1550 3824 παλαιοῦ
1566 3765 1613 3825 καὶ
1627 3767 1667 3824 τοῦ

378 3895 422 3950 νῦν
447 3889 572 3961 δοθέντος
596 3889 672 3967 οἰγίου
695 3890 804 3968 όρισμσῦ
827 3891 861 3949 κὰ
884 3890 921 3965 μὴ
945 3891 1063 3964 κόμνουν
1087 3885 1127 3960 εἰς
1147 3889 1241 3960 αθτοθς
1257 3887 1437 3968 στενοχωρίαν
1453 3885 1501 3946 καὶ
1516 3886 1666 3948 δυναστείαν

379 4012 424 4072 διὰ
446 4011 480 4070 τὰ
501 4014 627 4088 κτήματα
649 4011 695 4071 καὶ
717 4012 751 4071 τὰ
772 4014 891 4090 χώματά
913 4031 975 4072 των.
1015 4011 1068 4083 έτζι
1090 4011 1123 4070 νὰ
1145 4008 1273 4090 ηξεῦρετε
1288 4008 1336 4070 καὶ
1351 4009 1385 4069 νὰ
1399 4007 1524 4070 πείθεσθε
1542 4007 1583 4082 εἰς
1597 4014 1665 4070 τοῦτο

378 4135 408 4194 τό
432 4137 546 4211 σημεῖον
567 4136 598 4194 τό
620 4135 708 4213 ἅγιον,
731 4135 762 4194 τό
785 4135 876 4194 όποῖον
901 4133 1014 4213 ἐγροὶρη.

483 4257 534 4314 Ἐν
570 4256 636 4314 έτει
672 4253 755 4316 1149
789 4254 874 4316 κατὰ
911 4253 969 4327 τὰς
1005 4253 1111 4334 ἀρχὰς
1144 4259 1199 4314 τοῦ
1234 4251 1416 4333 ρεγγαρίου
1447 4252 1567 4332 ρετζέπ
1599 4251 1665 4336 (ἀπο

380 4379 522 4459 Χριστοῦ
546 4373 651 4454 1724).
