3166 5298
245 339 307 405 112

243 533 291 595 καὶ
313 535 485 610 συζητήσεως
508 532 554 592 καὶ
578 533 748 607 ἀπαιτήσεως
770 529 817 590 καὶ
839 535 889 606 τῆς
913 533 956 592 νῦν
976 527 1057 606 ούσης
1070 525 1119 588 καῖ
1133 534 1182 604 τῆς
1198 529 1343 603 μετέπειτα
1360 525 1524 602 ἑπινσηθησε-

246 659 341 736 μένης,
366 650 434 716 είναι
457 655 488 715 δὲ
510 653 558 714 καί
579 656 724 732 ἠυωμὲνας
748 651 787 725 εἰς
810 654 839 712 τδ
863 652 989 726 διηνεκὲς
998 649 1020 734 ¹)
1043 649 1090 710 καὶ
1117 651 1272 730 ἀμφοτέρας
1294 649 1344 721 τὰς
1366 651 1459 724 μονάς,
1487 645 1526 706 καὶ

245 779 374 840 οῦδέπστε
402 779 541 854 διαστῆναι
568 775 661 856 αύτάς,
692 775 769 836 ἀλλά
797 773 932 835 διατελεῖν
958 771 1088 857 ταύταςέ)
1117 774 1210 854 ούτως,
1242 774 1281 844 ὡς
1303 771 1338 831 τδι
1361 770 1403 830 ἐπ’
1411 769 1434 853 ³)
1447 773 1527 841 αύταῖς

245 900 442 982 χρυσύβουλλα
472 898 518 960 καὶ
547 902 745 980 προστάγματα
773 897 987 976 διακελεύονται,
1018 894 1064 956 καὶ
1087 895 1217 956 οῦδέποτε
1239 891 1402 976 εύρίσκεινί)
1425 892 1527 971 δχληάν

244 1045 304 1082 τινα
331 1022 377 1084 καὶ
409 1023 564 1098 διασεισμδν
593 1025 667 1102 παρά
695 1040 777 1099 τινος,
809 1020 876 1079 ἀλλ’
890 1018 931 1095 εἴη
959 1023 1043 1078 ταῦτα
1073 1017 1198 1099 ἀτάραχα
1225 1015 1272 1076 καὶ
1305 1015 1469 1092 άδιάσειστα,
1497 1015 1528 1084 ῦς

247 1145 360 1226 είρηται,
392 1145 445 1204 ἀπο
467 1147 557 1220 πάσης
565 1141 589 1226 ⁶)
612 1145 784 1218 συζητησεως
806 1140 853 1202 καί
876 1141 978 1212 δύσεως
1002 1139 1049 1200 καὶ
1071 1140 1251 1220 ἀπαιτήσεως,
1278 1138 1362 1218 ἤγουν
1384 1142 1528 1215 τοῦ.κερα-

245 1267 336 1345 λαίου,
359 1273 409 1342 τῆς
431 1265 578 1346 σιταρκίας,
600 1271 650 1340 τῆς
672 1265 777 1346 δρικῆς,
800 1269 850 1339 τῆς
872 1263 1086 1344 καστροκτισίας,
1109 1265 1155 1323 τοῦ
1179 1261 1312 1340 ἑννσμίου,
1335 1265 1382 1321 τοῦ
1406 1259 1527 1336 μελιπτ-

244 1387 380 1469 νσμίουί),
403 1393 452 1465 τῆς
479 1386 819 1469 προβατοχοιρσδεκατίας,
850 1391 900 1462 τῆς
928 1384 1157 1466 παρθενοφθσρίας
1186 1382 1233 1444 καί
1255 1385 1345 1460 πάσης
1368 1384 1530 1460 δημοσιακῆς

247 1509 375 1591 ἐπηρείας
400 1508 446 1570 καί
476 1511 655 1588 συζητῆσεως,
687 1509 725 1568 ἔτι
747 1530 778 1568 τε
800 1507 847 1568 καῖ
874 1511 920 1567 τοῦ
942 1505 1095 1587 ξυλαχύρου
1125 1505 1171 1566 καὶ
1201 1511 1254 1565 τῶν
1283 1505 1381 1565 ἄλλων
1405 1508 1529 1583 ἁπάντων,

245 1630 292 1692 καὶ
315 1633 448 1708 μηδῦλως
468 1631 634 1692 ἀπαιτεῖσθαι
650 1635 732 1691 ταῦτα
748 1631 800 1690 ἀπο
815 1633 922 1690 πάντων
930 1627 954 1712 ⁷)
970 1635 1023 1690 τῶν
1038 1632 1183 1704 κτημάτων
1198 1634 1252 1690 τῶν
1267 1629 1393 1689 τοιούτων
1410 1625 1530 1708 μονῶνί),

246 1752 307 1814 ούτε
330 1753 415 1836 ἀπδθ)
439 1759 491 1813 τῶν
514 1751 651 1834 παροίκων
675 1754 771 1832 αῦτῦν,
795 1751 856 1812 οὔτε
879 1752 931 1812 ἀπδ
954 1757 1007 1812 τῶν
1028 1752 1271 1832 προσκαθημένων,
1300 1752 1339 1812 ἔτι
1353 1771 1388 1830 γε
1405 1751 1458 1827 μὴν
1472 1751 1531 1830 πρδς
1566 1761 1567 1768 ’

246 1876 348 1947 τούτοις
371 1875 433 1935 οῦδὲ
457 1872 623 1956 μητάτονίθ)
646 1873 859 1949 ἀπαιτηθῆ-σεταί
884 1894 951 1933 ποτε
975 1873 1007 1933 ἐκ
1028 1879 1081 1932 τῶν
1102 1873 1237 1934 τοιούτων.
1277 1873 1338 1933 ὅθεν
1360 1871 1410 1932 καὶ
1432 1879 1463 1954 τῇ
1486 1872 1531 1946 ἐμ-

246 1997 342 2080 ρανείᾳ
370 2001 416 2057 τοῦ
445 1998 577 2077 παρόντος
606 1995 812 2077 χρυσοβούλλου
842 1993 976 2077 λόγσυίῑ)
1006 2001 1055 2071 τῆς
1085 1996 1255 2076 κραλάτητάς
1286 2015 1337 2070 μου
1366 1995 1417 2056 οῦκ
1438 1987 1531 2074 δφείλει

246 2117 336 2190 ούδεῖς
369 2117 429 2179 οὔτε
456 2123 509 2178 τιῦν
542 2119 618 2190 ἐντος
644 2123 693 2194 τῆς
719 2119 869 2177 θεοσιίνστου
896 2117 1009 2189 πόλεως
1033 2118 1141 2197 Σερριῦν
1171 2117 1450 2197 κεραλατικευδντων,
1481 2113 1532 2176 ούτε

246 2245 299 2300 τῶν
324 2240 411 2314 ἐκτός,
436 2237 496 2299 ούτε
518 2245 571 2300 τῶν
594 2239 628 2298 τὰ
651 2240 769 2315 δημόσια
792 2239 1009 2320 διενεργσύντων,
1032 2242 1050 2313 ἢ
1074 2244 1126 2298 τῶν
1142 2239 1239 2300 άλλων
1260 2240 1385 2299 ἁπάντων
1400 2245 1455 2299 τῶν
1468 2259 1531 2316 ταχ-

248 2363 406 2438 θησσμένων
431 2362 551 2443 ἐνεργεῖν
574 2381 598 2420 τι
612 2358 659 2421 καὶ
675 2356 798 2420 ἀπαιτεῖν
813 2360 866 2420 άπδ
881 2365 930 2436 τῆς
945 2361 1068 2436 τοιαύτης
1082 2362 1187 2441 χώρας,
1211 2358 1345 2421 εἰσελθεῖν
1361 2359 1401 2434 εἰς
1415 2363 1532 2436 κτήματα
1568 2342 1569 2380 ³

246 2485 265 2558 ἢ
295 2481 334 2555 είς
362 2485 478 2561 μετόχια
504 2488 557 2542 τιῦν
584 2483 710 2542 τοιούτων
734 2487 824 2558 μονῶν
847 2479 894 2542 καῖ
915 2482 1038 2542 ἀπαιτεῖν
1060 2503 1083 2542 τι
1106 2480 1137 2555 ἐξ
1161 2483 1257 2562 αὐτῶν,
1288 2483 1355 2542 ἀλλ’
1369 2479 1439 2543 εἶναι
1460 2485 1533 2542 ταῦτα

248 2606 335 2664 πάντα
358 2604 483 2678 ἀπάτητα
504 2603 552 2663 καὶ
568 2601 756 2684 ἀνεπηρέαστα
777 2602 825 2664 καὶ
845 2605 1036 2680 ἀκαταζήτηπα
1054 2607 1144 2681 πάσης
1164 2602 1211 2664 καὶ
1225 2605 1354 2676 παντοίας
1369 2605 1532 2680 ἀπαιτήσεως
1569 2634 1570 2700 γ

247 2725 294 2787 καί
317 2726 430 2799 δόσεως.
454 2726 488 2785 τὰ
510 2726 542 2786 δὲ
565 2729 682 2804 μετόχια
704 2723 750 2786 καὶ
772 2729 899 2802 κτήματα
921 2724 971 2786 εἰσί
993 2731 1090 2787 ταῦτα·
1114 2729 1144 2786 το
1168 2725 1207 2798 εἰς
1227 2726 1314 2802 ὄνομα
1328 2729 1481 2802 τιμώμενον
1494 2727 1533 2782 τοῦ
1569 2703 1570 2708 ¹

247 2849 337 2930 κυρίου
359 2849 406 2908 καὶ
428 2849 490 2909 θεοῦ
512 2845 560 2908 καί
582 2854 703 2930 σωτῆρος
725 2850 803 2925 ἡμῶν
820 2849 909 2924 Ἰησοῦ
930 2850 1042 2930 Χριστοῦ
1065 2847 1111 2909 καὶ
1136 2849 1354 2925 ἐπικεκλημένον
1377 2853 1424 2909 τοῦ
1440 2849 1533 2908 Γαστε-

248 2968 414 3052 λέγκουςίῖ)
438 2970 583 3045 μετὰτῶν
606 2971 635 3030 ἐν
659 2970 730 3050 αύτῷ
752 2973 984 3052 προσκαθημένων
1007 2968 1054 3031 καὶ
1075 2974 1182 3032 πάντων
1204 2979 1257 3032 τῶν
1278 2972 1390 3032 δικαίων
1412 2970 1459 3033 καὶ
1472 2991 1533 3049 προ-

248 3093 348 3169 νομίων
371 3094 457 3153 σάτῶν
480 3091 597 3168 καὶτῆς
620 3092 711 3168 ἄλλης
734 3095 824 3169 πάσης
845 3099 967 3171 κατοχῆς
990 3092 1036 3154 καὶ
1058 3100 1146 3170 νομῆς
1170 3097 1261 3154 αῦτοῦ·
1292 3100 1330 3172 γῆ
1353 3093 1393 3167 εἰς
1414 3095 1446 3154 τδ
1465 3095 1533 3171 Κρε-

249 3215 415 3290 βασμοῦντον
427 3213 463 3298 ιε)
488 3215 558 3290 μετά
579 3221 632 3274 τῶν
657 3215 715 3274 ἐκεῖ
735 3217 978 3296 προσκαθημένων,
1002 3217 1051 3290 ὅση
1074 3215 1158 3275 ἐστίν·
1182 3219 1274 3298 ἕτερον
1291 3219 1419 3296 μετάχιον
1435 3219 1450 3276 δ
1465 3219 1533 3294 άγισς

249 3337 386 3416 Γεωργιος
412 3339 458 3396 τοῦ
481 3336 673 3416 Σακελλαρίου
701 3336 771 3411 μετὰ
792 3340 882 3412 πάσης
904 3341 954 3412 τῆς
975 3343 1108 3416 περιοχῆς
1129 3336 1177 3398 καὶ
1198 3343 1285 3414 νομῆς
1309 3339 1402 3400 αάτοῦ
1442 3343 1533 3414 ζευγη-

248 3458 359 3516 λατεῖον
387 3455 427 3529 εἰς
453 3459 499 3516 τὀν
526 3456 738 3540 Λιβοβιστδνίί)
767 3458 837 3533 μετδι
863 3462 913 3534 τῆς
938 3465 1070 3538 περιοχῆς
1093 3459 1181 3520 αὺτοῦ.
1214 3457 1252 3532 είς
1274 3461 1323 3536 τὴν
1346 3461 1494 3536 Λεστίανην
1504 3455 1534 3538 15)

249 3577 385 3658 καθέδραν
408 3582 456 3638 τοῦ
471 3576 668 3661 Σαρακινοῦίθ)
693 3578 810 3638 ἐκείνου·
834 3579 1028 3658 ζευγηλατεῖον
1049 3579 1088 3652 εἰς
1103 3582 1133 3640 τδ
1149 3581 1318 3663 Νεοχῦριον,
1341 3583 1372 3642 τδ
1386 3587 1434 3643 τοῦ
1450 3583 1534 3662 Πραν-

249 3701 333 3777 τουλῆ
361 3699 465 3760 ἐκείνου
492 3701 562 3776 μετὰ
587 3707 637 3775 τῆς
658 3708 790 3781 περιοχῆς
818 3701 897 3760 αὐτοῦ
924 3699 971 3761 καὶ
997 3707 1050 3762 τῶν
1074 3703 1103 3761 ἐν
1126 3703 1198 3783 αύτῷ
1221 3705 1467 3785 προσκαθημένων·
1503 3705 1533 3781 γῖ,

251 3821 290 3896 εἰς
312 3824 342 3882 τδ
359 3821 490 3896 Λιβάδιον
515 3821 545 3895 ἐξ
568 3821 717 3904 ἀγορᾱςίῖ)
741 3823 794 3882 άπδ
815 3829 864 3899 τῆς
879 3823 1061 3904 Μελαχρινῆς
1077 3825 1179 3902 μοδίων
1195 3827 1390 3907 τετρακοσίων·
1417 3828 1534 3904 μετάχιον

249 3939 363 4025 ιἠἍγία
378 3943 510 4024 Βαρβάρα
534 3943 572 4016 εἷς
594 3945 643 4020 τὴν
662 3945 846 4024 παραλιμνίαν
863 3947 932 4022 μετὰ
947 3951 1001 4006 τῶν
1017 3947 1061 4006 σύν
1078 3947 1150 4026 αύτῷ
1166 3949 1306 4009 αῦλακίων
1321 3948 1368 4010 καὶ
1384 3950 1534 4010 άλιευπκῦν

250 4067 408 4128 σανδαλίων
431 4065 477 4126 καῖ
499 4069 607 4126 πάντων
629 4071 682 4126 τῶν
707 4066 817 4128 δικαίων
840 4067 887 4128 καὶ
908 4068 1061 4149 προνομίων
1085 4070 1176 4130 αὺτοῦ·
1202 4071 1329 4149 μετάχιον
1352 4077 1398 4132 τοῦ
1422 4073 1534 4150 Ἐσηογ·

251 4210 458 4224 ————

356 4309 552 4377 1)διιηνεκιῦςΙ.’
620 4309 640 4377 ²)
658 4308 778 4378 διατηρεῖν
797 4309 872 4360 ταῦτα
889 4311 911 4360 1.
981 4311 1004 4376 ³)
1022 4309 1062 4362 ὑπ’
1081 4312 1107 4363 S.
1178 4312 1199 4379 4)
1218 4311 1326 4380 εῦρήσειν
1343 4313 1368 4365 S.
1441 4315 1462 4382 ⁵)
1481 4310 1535 4379 εῖρη·

251 4423 289 4458 ται
312 4402 405 4469 ἀπάσης
430 4407 451 4457 Ι.
523 4405 544 4472 ὅ)
564 4403 705 4472 αὐταρκείας
730 4435 763 4456 τ.
783 4446 789 4457 .
809 4401 903 4473 ὀρεικῆς
923 4444 929 4456 .
949 4447 955 4460 .
976 4445 982 4458 .
1001 4406 1193 4475 καστροκτησίας
1211 4445 1218 4460 .
1238 4447 1245 4461 .
1265 4448 1270 4458 .
1291 4408 1502 4479 μελισσσεννσμίου
1518 4407 1535 4457 Ι,

251 4501 272 4564 ί)
291 4497 402 4552 ἁπάντων
421 4502 478 4551 εἰσιν
496 4497 542 4550 ἀπό
554 4501 580 4552 S.
652 4501 672 4566 ⁸)
687 4499 889 4568 μσναστηρίωνΙ.
961 4501 982 4569 ⁹)
995 4501 1099 4569 mpdS.
1172 4503 1203 4570 ¹⁰)
1218 4501 1318 4572 μετάτον
1330 4506 1353 4556 1.
1427 4507 1456 4572 ¹¹)
1470 4503 1535 4572 λόγου

251 4599 361 4651 deestS.
433 4597 464 4662 ¹²)
485 4593 648 4664 Γαστελίγγσιν
658 4598 679 4647 1.
754 4597 783 4662 ¹³)
803 4599 845 4646 τοῦ
859 4580 1060 4664 ίίρεβασμσύντου
1071 4599 1092 4649 Ι.
1164 4600 1196 4666 ¹⁴)
1210 4597 1387 4667 ΛιβοβοστύνῙ.
1461 4601 1535 4668 ¹⁵)Az-

252 4692 346 4759 στιάνην
363 4695 384 4744 1.
457 4691 489 4758 ¹⁶)
509 4691 649 4759 Σαρακηνοῦ
667 4693 687 4742 1.
761 4693 791 4758 Π)
810 4690 960 4761 άγσρασίαςῗ
