<?xml version="1.0" encoding="UTF-8"?>
<!DOCTYPE html PUBLIC "-//W3C//DTD XHTML 1.0 Transitional//EN"
    "http://www.w3.org/TR/xhtml1/DTD/xhtml1-transitional.dtd">
<html xmlns="http://www.w3.org/1999/xhtml" xml:lang="en" lang="en">
 <head>
  <title>
</title>
<meta http-equiv="Content-Type" content="text/html;charset=utf-8" />
  <meta name='ocr-system' content='tesseract 3.04.00' />
  <meta name='ocr-capabilities' content='ocr_page ocr_carea ocr_par ocr_line ocrx_word'/>
</head>
<body>
  <div class='ocr_page' id='page_1' title='image "./actaetdiplomata00miklgoog_0107.png"; bbox 0 0 3166 5298; ppageno 0'>
   <div class='ocr_carea' id='block_1_1' title="bbox 251 326 293 390">
    <p class='ocr_par' dir='ltr' id='par_1_1' title="bbox 251 326 293 390">
     <span class='ocr_line' id='line_1_1' title="bbox 251 326 293 390; baseline 0 0"><span class='ocrx_word' id='word_1_1' title='bbox 251 326 293 390; x_wconf 89' lang='grc'>86</span> 
     </span>
    </p>
   </div>
   <div class='ocr_carea' id='block_1_2' title="bbox 195 513 1574 3378">
    <p class='ocr_par' dir='ltr' id='par_1_2' title="bbox 195 513 1574 3378">
     <span class='ocr_line' id='line_1_2' title="bbox 249 513 1541 596; baseline -0.003 -19"><span class='ocrx_word' id='word_1_2' title='bbox 249 523 303 578; x_wconf 84' lang='grc' dir='ltr'>τῶν</span> <span class='ocrx_word' id='word_1_3' title='bbox 327 515 403 588; x_wconf 78' lang='grc' dir='ltr'>Ἀνω</span> <span class='ocrx_word' id='word_1_4' title='bbox 427 516 574 592; x_wconf 88' lang='grc' dir='ltr'>Δυνάμεων</span> <span class='ocrx_word' id='word_1_5' title='bbox 602 513 646 574; x_wconf 88' lang='grc' dir='ltr'>ἐπὶ</span> <span class='ocrx_word' id='word_1_6' title='bbox 672 517 778 595; x_wconf 82' lang='grc' dir='ltr'>ἡμέρας</span> <span class='ocrx_word' id='word_1_7' title='bbox 801 514 961 596; x_wconf 87' lang='grc' dir='ltr'>δεκαπέντε,</span> <span class='ocrx_word' id='word_1_8' title='bbox 991 514 1129 591; x_wconf 75' lang='grc' dir='ltr'>ἁπάὐπῖγς</span> <span class='ocrx_word' id='word_1_9' title='bbox 1151 517 1201 590; x_wconf 74' lang='grc' dir='ltr'>τῆς</span> <span class='ocrx_word' id='word_1_10' title='bbox 1222 516 1329 595; x_wconf 82' lang='grc' dir='ltr'>ἡμέρας</span> <span class='ocrx_word' id='word_1_11' title='bbox 1352 514 1481 591; x_wconf 85' lang='grc' dir='ltr'>δηλονότι</span> <span class='ocrx_word' id='word_1_12' title='bbox 1500 519 1541 572; x_wconf 78' lang='grc' dir='ltr'>τοῦ</span> 
     </span>
     <span class='ocr_line' id='line_1_3' title="bbox 250 633 1539 718; baseline -0.005 -18"><span class='ocrx_word' id='word_1_13' title='bbox 250 638 328 718; x_wconf 89' lang='grc' dir='ltr'>ἁγίου</span> <span class='ocrx_word' id='word_1_14' title='bbox 352 638 597 718; x_wconf 88' lang='grc' dir='ltr'>μεγαλομάρτυρος</span> <span class='ocrx_word' id='word_1_15' title='bbox 620 635 775 716; x_wconf 82' lang='grc' dir='ltr'>Δημητρίου</span> <span class='ocrx_word' id='word_1_16' title='bbox 799 637 897 716; x_wconf 78' lang='grc' dir='ltr'>μέχρις</span> <span class='ocrx_word' id='word_1_17' title='bbox 919 635 989 710; x_wconf 83' lang='grc' dir='ltr'>δλης</span> <span class='ocrx_word' id='word_1_18' title='bbox 1010 641 1060 712; x_wconf 74' lang='grc' dir='ltr'>τῆς</span> <span class='ocrx_word' id='word_1_19' title='bbox 1083 635 1185 716; x_wconf 88' lang='grc' dir='ltr'>όγδόης</span> <span class='ocrx_word' id='word_1_20' title='bbox 1207 640 1253 696; x_wconf 81' lang='grc' dir='ltr'>τοῦ</span> <span class='ocrx_word' id='word_1_21' title='bbox 1275 633 1422 715; x_wconf 86' lang='grc' dir='ltr'>νοεμβρίου</span> <span class='ocrx_word' id='word_1_22' title='bbox 1445 637 1539 710; x_wconf 82' lang='grc' dir='ltr'>μηνός·</span> 
     </span>
     <span class='ocr_line' id='line_1_4' title="bbox 249 750 1541 842; baseline -0.004 -22"><span class='ocrx_word' id='word_1_23' title='bbox 249 750 297 820; x_wconf 81' lang='grc' dir='ltr'>καί</span> <span class='ocrx_word' id='word_1_24' title='bbox 307 757 330 842; x_wconf 87' lang='lat'>¹)</span> <span class='ocrx_word' id='word_1_25' title='bbox 358 761 389 819; x_wconf 82' lang='grc' dir='ltr'>εδ</span> <span class='ocrx_word' id='word_1_26' title='bbox 417 757 467 834; x_wconf 83' lang='grc' dir='ltr'>μὲν</span> <span class='ocrx_word' id='word_1_27' title='bbox 493 761 574 834; x_wconf 82' lang='grc' dir='ltr'>ἥμισυ</span> <span class='ocrx_word' id='word_1_28' title='bbox 601 761 647 817; x_wconf 80' lang='grc' dir='ltr'>τοῦ</span> <span class='ocrx_word' id='word_1_29' title='bbox 675 757 728 818; x_wconf 84' lang='grc' dir='ltr'>άπδ</span> <span class='ocrx_word' id='word_1_30' title='bbox 755 758 853 833; x_wconf 85' lang='grc' dir='ltr'>ταίτης</span> <span class='ocrx_word' id='word_1_31' title='bbox 876 754 1057 832; x_wconf 81' lang='grc' dir='ltr'>είσοδήματος</span> <span class='ocrx_word' id='word_1_32' title='bbox 1079 757 1139 835; x_wconf 82' lang='grc' dir='ltr'>ἔχει</span> <span class='ocrx_word' id='word_1_33' title='bbox 1160 756 1179 831; x_wconf 77' lang='grc' dir='ltr'>ἡ</span> <span class='ocrx_word' id='word_1_34' title='bbox 1201 758 1309 832; x_wconf 80' lang='grc' dir='ltr'>τοιοὰτη</span> <span class='ocrx_word' id='word_1_35' title='bbox 1334 757 1473 836; x_wconf 85' lang='grc' dir='ltr'>ἁγιωτάτη</span> <span class='ocrx_word' id='word_1_36' title='bbox 1496 756 1541 814; x_wconf 88' lang='grc' dir='ltr'>ἐ-</span> 
     </span>
     <span class='ocr_line' id='line_1_5' title="bbox 250 876 1540 960; baseline -0.005 -19"><span class='ocrx_word' id='word_1_37' title='bbox 250 880 361 960; x_wconf 85' lang='grc' dir='ltr'>κλησία,</span> <span class='ocrx_word' id='word_1_38' title='bbox 391 880 423 940; x_wconf 75' lang='grc' dir='ltr'>τ“ο</span> <span class='ocrx_word' id='word_1_39' title='bbox 454 878 486 938; x_wconf 87' lang='grc' dir='ltr'>δὲ</span> <span class='ocrx_word' id='word_1_40' title='bbox 509 879 601 958; x_wconf 82' lang='grc' dir='ltr'>ἕτερον</span> <span class='ocrx_word' id='word_1_41' title='bbox 622 877 736 960; x_wconf 59' lang='grc' dir='ltr'>ἥμισυῖ)</span> <span class='ocrx_word' id='word_1_42' title='bbox 758 877 784 938; x_wconf 90' lang='grc' dir='ltr'>οί</span> <span class='ocrx_word' id='word_1_43' title='bbox 806 876 933 958; x_wconf 83' lang='grc' dir='ltr'>κληρικοὶ</span> <span class='ocrx_word' id='word_1_44' title='bbox 957 879 1049 956; x_wconf 75' lang='grc' dir='ltr'>αὐτης,</span> <span class='ocrx_word' id='word_1_45' title='bbox 1081 877 1176 952; x_wconf 83' lang='grc' dir='ltr'>ἐπειδὴ</span> <span class='ocrx_word' id='word_1_46' title='bbox 1200 877 1226 938; x_wconf 89' lang='grc' dir='ltr'>οί</span> <span class='ocrx_word' id='word_1_47' title='bbox 1246 881 1359 938; x_wconf 82' lang='grc' dir='ltr'>τοιοῦτοι</span> <span class='ocrx_word' id='word_1_48' title='bbox 1384 879 1475 956; x_wconf 83' lang='grc' dir='ltr'>ἔχουσι</span> <span class='ocrx_word' id='word_1_49' title='bbox 1498 898 1540 936; x_wconf 86' lang='grc' dir='ltr'>τε-</span> 
     </span>
     <span class='ocr_line' id='line_1_6' title="bbox 249 995 1543 1080; baseline -0.002 -19"><span class='ocrx_word' id='word_1_50' title='bbox 249 1003 385 1080; x_wconf 87' lang='grc' dir='ltr'>ταγμένον</span> <span class='ocrx_word' id='word_1_51' title='bbox 413 995 533 1079; x_wconf 82' lang='grc' dir='ltr'>ἀρχῆθεν</span> <span class='ocrx_word' id='word_1_52' title='bbox 561 997 607 1059; x_wconf 88' lang='grc' dir='ltr'>καί</span> <span class='ocrx_word' id='word_1_53' title='bbox 634 999 821 1074; x_wconf 90' lang='grc' dir='ltr'>λαμβάνουσιν</span> <span class='ocrx_word' id='word_1_54' title='bbox 849 999 902 1058; x_wconf 75' lang='grc' dir='ltr'>ἀπό</span> <span class='ocrx_word' id='word_1_55' title='bbox 928 1003 982 1058; x_wconf 85' lang='grc' dir='ltr'>τῶν</span> <span class='ocrx_word' id='word_1_56' title='bbox 1005 996 1193 1075; x_wconf 84' lang='grc' dir='ltr'>είσοδημάτων</span> <span class='ocrx_word' id='word_1_57' title='bbox 1214 1003 1264 1074; x_wconf 73' lang='grc' dir='ltr'>τῆς</span> <span class='ocrx_word' id='word_1_58' title='bbox 1287 999 1370 1075; x_wconf 71' lang='grc' dir='ltr'>αίπῖγς</span> <span class='ocrx_word' id='word_1_59' title='bbox 1393 1001 1543 1079; x_wconf 72' lang='grc' dir='ltr'>ἁγιωτάτης</span> 
     </span>
     <span class='ocr_line' id='line_1_7' title="bbox 250 1118 1542 1201; baseline -0.001 -21"><span class='ocrx_word' id='word_1_60' title='bbox 250 1121 400 1198; x_wconf 74' lang='grc' dir='ltr'>ἐκκλησίας</span> <span class='ocrx_word' id='word_1_61' title='bbox 421 1121 482 1180; x_wconf 85' lang='grc' dir='ltr'>κατ’</span> <span class='ocrx_word' id='word_1_62' title='bbox 493 1121 553 1191; x_wconf 86' lang='grc' dir='ltr'>ἐτος</span> <span class='ocrx_word' id='word_1_63' title='bbox 576 1120 725 1201; x_wconf 85' lang='grc' dir='ltr'>σιτσκρίθου</span> <span class='ocrx_word' id='word_1_64' title='bbox 742 1119 851 1196; x_wconf 80' lang='grc' dir='ltr'>μοδίους</span> <span class='ocrx_word' id='word_1_65' title='bbox 866 1126 915 1195; x_wconf 79' lang='grc' dir='ltr'>τῆς</span> <span class='ocrx_word' id='word_1_66' title='bbox 931 1118 1036 1179; x_wconf 80' lang='grc' dir='ltr'>εἰσόδου</span> <span class='ocrx_word' id='word_1_67' title='bbox 1051 1120 1218 1199; x_wconf 76' lang='grc' dir='ltr'>τριακοσίους</span> <span class='ocrx_word' id='word_1_68' title='bbox 1233 1119 1280 1180; x_wconf 89' lang='grc' dir='ltr'>καὶ</span> <span class='ocrx_word' id='word_1_69' title='bbox 1296 1121 1425 1199; x_wconf 87' lang='grc' dir='ltr'>βαγὲνιον</span> <span class='ocrx_word' id='word_1_70' title='bbox 1441 1121 1542 1200; x_wconf 80' lang='grc' dir='ltr'>πλῆρες</span> 
     </span>
     <span class='ocr_line' id='line_1_8' title="bbox 250 1238 1574 1320; baseline -0.002 -18"><span class='ocrx_word' id='word_1_71' title='bbox 250 1242 321 1302; x_wconf 81' lang='grc' dir='ltr'>οἴνου</span> <span class='ocrx_word' id='word_1_72' title='bbox 343 1243 374 1301; x_wconf 80' lang='grc' dir='ltr'>τό</span> <span class='ocrx_word' id='word_1_73' title='bbox 395 1245 442 1301; x_wconf 83' lang='grc' dir='ltr'>τοῦ</span> <span class='ocrx_word' id='word_1_74' title='bbox 463 1240 710 1320; x_wconf 85' lang='grc' dir='ltr'>πρωτσσυγκέλλου</span> <span class='ocrx_word' id='word_1_75' title='bbox 732 1238 779 1300; x_wconf 88' lang='grc' dir='ltr'>καὶ</span> <span class='ocrx_word' id='word_1_76' title='bbox 800 1241 953 1320; x_wconf 81' lang='grc' dir='ltr'>τρικέφαλα</span> <span class='ocrx_word' id='word_1_77' title='bbox 974 1243 1151 1315; x_wconf 74' lang='grc' dir='ltr'>πεντήκοντα.</span> <span class='ocrx_word' id='word_1_78' title='bbox 1186 1241 1299 1320; x_wconf 78' lang='grc' dir='ltr'>κατέχει</span> <span class='ocrx_word' id='word_1_79' title='bbox 1322 1241 1354 1300; x_wconf 90' lang='grc' dir='ltr'>δέ</span> <span class='ocrx_word' id='word_1_80' title='bbox 1378 1243 1506 1313; x_wconf 76' lang='grc' dir='ltr'>ὡσαύτως</span> <span class='ocrx_word' id='word_1_81' title='bbox 1526 1242 1542 1316; x_wconf 79' lang='grc' dir='ltr'><strong>ἡ</strong></span> <span class='ocrx_word' id='word_1_82' title='bbox 1573 1315 1574 1318; x_wconf 9' lang='lat'>¹</span> 
     </span>
     <span class='ocr_line' id='line_1_9' title="bbox 250 1360 1541 1443; baseline -0.003 -19"><span class='ocrx_word' id='word_1_83' title='bbox 250 1364 316 1438; x_wconf 79' lang='grc' dir='ltr'>αίηὴ</span> <span class='ocrx_word' id='word_1_84' title='bbox 340 1364 478 1442; x_wconf 88' lang='grc' dir='ltr'>άγιωτάτη</span> <span class='ocrx_word' id='word_1_85' title='bbox 502 1361 639 1438; x_wconf 83' lang='grc' dir='ltr'>ἐκκλησία</span> <span class='ocrx_word' id='word_1_86' title='bbox 661 1360 708 1422; x_wconf 88' lang='grc' dir='ltr'>καί</span> <span class='ocrx_word' id='word_1_87' title='bbox 732 1361 878 1434; x_wconf 84' lang='grc' dir='ltr'>Ἰουδαίους</span> <span class='ocrx_word' id='word_1_88' title='bbox 901 1364 982 1443; x_wconf 88' lang='grc' dir='ltr'>τρεῖς,</span> <span class='ocrx_word' id='word_1_89' title='bbox 1005 1365 1040 1422; x_wconf 88' lang='grc' dir='ltr'>τά</span> <span class='ocrx_word' id='word_1_90' title='bbox 1062 1382 1092 1421; x_wconf 88' lang='grc' dir='ltr'>τε</span> <span class='ocrx_word' id='word_1_91' title='bbox 1113 1360 1208 1424; x_wconf 91' lang='grc' dir='ltr'>παιδία</span> <span class='ocrx_word' id='word_1_92' title='bbox 1229 1367 1274 1422; x_wconf 84' lang='grc' dir='ltr'>τοῦ</span> <span class='ocrx_word' id='word_1_93' title='bbox 1289 1363 1408 1442; x_wconf 87' lang='grc' dir='ltr'>Λαμέρη</span> <span class='ocrx_word' id='word_1_94' title='bbox 1431 1360 1480 1422; x_wconf 87' lang='grc' dir='ltr'>καί</span> <span class='ocrx_word' id='word_1_95' title='bbox 1500 1366 1541 1420; x_wconf 71' lang='grc' dir='ltr'>τοί</span> 
     </span>
     <span class='ocr_line' id='line_1_10' title="bbox 249 1478 1541 1566; baseline 0 -24"><span class='ocrx_word' id='word_1_96' title='bbox 249 1484 354 1560; x_wconf 85' lang='grc' dir='ltr'>Δαβίδη</span> <span class='ocrx_word' id='word_1_97' title='bbox 370 1483 478 1544; x_wconf 84' lang='grc' dir='ltr'>καὶτοῦ</span> <span class='ocrx_word' id='word_1_98' title='bbox 493 1482 630 1563; x_wconf 85' lang='grc' dir='ltr'>Σαμαρία.</span> <span class='ocrx_word' id='word_1_99' title='bbox 653 1478 687 1542; x_wconf 83' lang='grc' dir='ltr'>τὰ</span> <span class='ocrx_word' id='word_1_100' title='bbox 703 1482 735 1542; x_wconf 87' lang='grc' dir='ltr'>δὲ</span> <span class='ocrx_word' id='word_1_101' title='bbox 749 1483 979 1564; x_wconf 83' lang='grc' dir='ltr'>προσεπιδοθέντα</span> <span class='ocrx_word' id='word_1_102' title='bbox 995 1489 1061 1566; x_wconf 83' lang='grc' dir='ltr'>αντη</span> <span class='ocrx_word' id='word_1_103' title='bbox 1076 1483 1151 1564; x_wconf 82' lang='grc' dir='ltr'>παρὰ</span> <span class='ocrx_word' id='word_1_104' title='bbox 1165 1488 1211 1544; x_wconf 77' lang='grc' dir='ltr'>τοῦ</span> <span class='ocrx_word' id='word_1_105' title='bbox 1225 1484 1405 1564; x_wconf 78' lang='grc' dir='ltr'>περιποθήτου</span> <span class='ocrx_word' id='word_1_106' title='bbox 1420 1483 1541 1562; x_wconf 74' lang='grc' dir='ltr'>γαμβροῦ</span> 
     </span>
     <span class='ocr_line' id='line_1_11' title="bbox 248 1600 1541 1688; baseline -0.002 -23"><span class='ocrx_word' id='word_1_107' title='bbox 248 1611 298 1681; x_wconf 73' lang='grc' dir='ltr'>τῆς</span> <span class='ocrx_word' id='word_1_108' title='bbox 320 1603 463 1681; x_wconf 84' lang='grc' dir='ltr'>βασιλείας</span> <span class='ocrx_word' id='word_1_109' title='bbox 485 1625 546 1684; x_wconf 86' lang='grc' dir='ltr'>μου,</span> <span class='ocrx_word' id='word_1_110' title='bbox 574 1607 620 1664; x_wconf 81' lang='grc' dir='ltr'>τοῦ</span> <span class='ocrx_word' id='word_1_111' title='bbox 642 1607 774 1684; x_wconf 81' lang='grc' dir='ltr'>πιγκέρνη</span> <span class='ocrx_word' id='word_1_112' title='bbox 797 1600 975 1688; x_wconf 65' lang='grc' dir='ltr'>Σιργιάννηί)</span> <span class='ocrx_word' id='word_1_113' title='bbox 997 1609 1043 1664; x_wconf 75' lang='grc' dir='ltr'>τοῦ</span> <span class='ocrx_word' id='word_1_114' title='bbox 1068 1605 1275 1684; x_wconf 87' lang='grc' dir='ltr'>Παλαιολόγου,</span> <span class='ocrx_word' id='word_1_115' title='bbox 1306 1603 1358 1665; x_wconf 84' lang='grc' dir='ltr'>εἰσί</span> <span class='ocrx_word' id='word_1_116' title='bbox 1385 1608 1485 1665; x_wconf 84' lang='grc' dir='ltr'>ταῦτα·</span> <span class='ocrx_word' id='word_1_117' title='bbox 1514 1606 1541 1662; x_wconf 71' lang='grc' dir='ltr'>τό</span> 
     </span>
     <span class='ocr_line' id='line_1_12' title="bbox 249 1723 1542 1808; baseline -0.005 -22"><span class='ocrx_word' id='word_1_118' title='bbox 249 1729 332 1803; x_wconf 81' lang='grc' dir='ltr'>ἥμισυ</span> <span class='ocrx_word' id='word_1_119' title='bbox 361 1731 407 1786; x_wconf 82' lang='grc' dir='ltr'>τοῖν</span> <span class='ocrx_word' id='word_1_120' title='bbox 437 1726 538 1806; x_wconf 85' lang='grc' dir='ltr'>χωρίου</span> <span class='ocrx_word' id='word_1_121' title='bbox 560 1723 739 1808; x_wconf 64' lang='grc' dir='ltr'>Λοζετζίουῖ)</span> <span class='ocrx_word' id='word_1_122' title='bbox 769 1726 814 1785; x_wconf 69' lang='grc' dir='ltr'>σὐν</span> <span class='ocrx_word' id='word_1_123' title='bbox 844 1731 877 1807; x_wconf 65' lang='grc' dir='ltr'>τί)</span> <span class='ocrx_word' id='word_1_124' title='bbox 909 1726 999 1786; x_wconf 82' lang='grc' dir='ltr'>ἐκεῖσε</span> <span class='ocrx_word' id='word_1_125' title='bbox 1028 1726 1117 1808; x_wconf 84' lang='grc' dir='ltr'>ἀγορᾷ</span> <span class='ocrx_word' id='word_1_126' title='bbox 1145 1730 1192 1786; x_wconf 83' lang='grc' dir='ltr'>τοῦ</span> <span class='ocrx_word' id='word_1_127' title='bbox 1214 1727 1394 1804; x_wconf 62' lang='grc' dir='ltr'>Κασιανοῖιί).</span> <span class='ocrx_word' id='word_1_128' title='bbox 1426 1726 1542 1804; x_wconf 82' lang='grc' dir='ltr'>Βλάχων</span> 
     </span>
     <span class='ocr_line' id='line_1_13' title="bbox 248 1843 1574 1930; baseline -0.003 -22"><span class='ocrx_word' id='word_1_129' title='bbox 248 1845 347 1908; x_wconf 88' lang='grc' dir='ltr'>καπνοί</span> <span class='ocrx_word' id='word_1_130' title='bbox 369 1845 454 1907; x_wconf 90' lang='grc' dir='ltr'>είκοσι</span> <span class='ocrx_word' id='word_1_131' title='bbox 476 1845 523 1906; x_wconf 82' lang='grc' dir='ltr'>σίιν</span> <span class='ocrx_word' id='word_1_132' title='bbox 545 1844 583 1922; x_wconf 79' lang='grc' dir='ltr'>τῷ</span> <span class='ocrx_word' id='word_1_133' title='bbox 599 1845 707 1927; x_wconf 82' lang='grc' dir='ltr'>Βισωτᾷ</span> <span class='ocrx_word' id='word_1_134' title='bbox 729 1844 776 1906; x_wconf 90' lang='grc' dir='ltr'>καί</span> <span class='ocrx_word' id='word_1_135' title='bbox 791 1843 829 1922; x_wconf 84' lang='grc' dir='ltr'>τῷ</span> <span class='ocrx_word' id='word_1_136' title='bbox 846 1843 1002 1930; x_wconf 70' lang='grc' dir='ltr'>Αιγιρῷθ),</span> <span class='ocrx_word' id='word_1_137' title='bbox 1026 1847 1108 1924; x_wconf 87' lang='grc' dir='ltr'>ἐδόθη</span> <span class='ocrx_word' id='word_1_138' title='bbox 1125 1846 1157 1907; x_wconf 87' lang='grc' dir='ltr'>δὲ</span> <span class='ocrx_word' id='word_1_139' title='bbox 1172 1847 1344 1926; x_wconf 81' lang='grc' dir='ltr'>κατὰλόγον</span> <span class='ocrx_word' id='word_1_140' title='bbox 1358 1843 1542 1928; x_wconf 79' lang='grc' dir='ltr'>προσενέξεως</span> <span class='ocrx_word' id='word_1_141' title='bbox 1573 1857 1574 1882; x_wconf 77' lang='lat'>³</span> 
     </span>
     <span class='ocr_line' id='line_1_14' title="bbox 248 1956 1541 2048; baseline -0.003 -22"><span class='ocrx_word' id='word_1_142' title='bbox 248 1969 316 2048; x_wconf 84' lang='grc' dir='ltr'>πρδς</span> <span class='ocrx_word' id='word_1_143' title='bbox 339 1967 388 2042; x_wconf 76' lang='grc' dir='ltr'>τὴν</span> <span class='ocrx_word' id='word_1_144' title='bbox 411 1967 493 2041; x_wconf 76' lang='grc' dir='ltr'>αυτὴν</span> <span class='ocrx_word' id='word_1_145' title='bbox 517 1956 670 2045; x_wconf 82' lang='grc' dir='ltr'>ἁγιωτάτην</span> <span class='ocrx_word' id='word_1_146' title='bbox 694 1966 844 2042; x_wconf 89' lang='grc' dir='ltr'>ἐκκλησίαν</span> <span class='ocrx_word' id='word_1_147' title='bbox 866 1964 913 2026; x_wconf 88' lang='grc' dir='ltr'>καί</span> <span class='ocrx_word' id='word_1_148' title='bbox 934 1968 1008 2046; x_wconf 86' lang='grc' dir='ltr'>παρὰ</span> <span class='ocrx_word' id='word_1_149' title='bbox 1030 1971 1077 2028; x_wconf 72' lang='grc' dir='ltr'>τοῦ</span> <span class='ocrx_word' id='word_1_150' title='bbox 1098 1969 1307 2047; x_wconf 75' lang='grc' dir='ltr'>προκαθημένου</span> <span class='ocrx_word' id='word_1_151' title='bbox 1329 1975 1379 2044; x_wconf 75' lang='grc' dir='ltr'>τῆς</span> <span class='ocrx_word' id='word_1_152' title='bbox 1396 1965 1541 2028; x_wconf 86' lang='grc' dir='ltr'>θεοσώοτον</span> 
     </span>
     <span class='ocr_line' id='line_1_15' title="bbox 248 2085 1540 2169; baseline -0.002 -22"><span class='ocrx_word' id='word_1_153' title='bbox 248 2089 359 2160; x_wconf 86' lang='grc' dir='ltr'>πόλεως</span> <span class='ocrx_word' id='word_1_154' title='bbox 380 2092 434 2146; x_wconf 86' lang='grc' dir='ltr'>τῶν</span> <span class='ocrx_word' id='word_1_155' title='bbox 447 2085 615 2164; x_wconf 75' lang='grc' dir='ltr'>’ίωαννίνωη</span> <span class='ocrx_word' id='word_1_156' title='bbox 639 2085 770 2160; x_wconf 84' lang='grc' dir='ltr'>σεβαστοῦ</span> <span class='ocrx_word' id='word_1_157' title='bbox 792 2091 838 2146; x_wconf 80' lang='grc' dir='ltr'>τοῦ</span> <span class='ocrx_word' id='word_1_158' title='bbox 854 2087 983 2169; x_wconf 84' lang='grc' dir='ltr'>Σγοίιρου,</span> <span class='ocrx_word' id='word_1_159' title='bbox 1006 2087 1036 2146; x_wconf 83' lang='grc' dir='ltr'>τό</span> <span class='ocrx_word' id='word_1_160' title='bbox 1052 2085 1193 2168; x_wconf 85' lang='grc' dir='ltr'>μονίδριον</span> <span class='ocrx_word' id='word_1_161' title='bbox 1208 2095 1262 2148; x_wconf 88' lang='grc' dir='ltr'>τῶν</span> <span class='ocrx_word' id='word_1_162' title='bbox 1278 2085 1540 2169; x_wconf 71' lang='grc' dir='ltr'>Μηρδεαστάνωνῖ),</span> 
     </span>
     <span class='ocr_line' id='line_1_16' title="bbox 250 2202 1574 2292; baseline 0.002 -24"><span class='ocrx_word' id='word_1_163' title='bbox 250 2211 317 2289; x_wconf 80' lang='grc' dir='ltr'>άπερ</span> <span class='ocrx_word' id='word_1_164' title='bbox 340 2202 416 2286; x_wconf 86' lang='grc' dir='ltr'>είχεν</span> <span class='ocrx_word' id='word_1_165' title='bbox 439 2207 492 2268; x_wconf 81' lang='grc' dir='ltr'>ἀπό</span> <span class='ocrx_word' id='word_1_166' title='bbox 514 2210 690 2285; x_wconf 86' lang='grc' dir='ltr'>γονικότητος</span> <span class='ocrx_word' id='word_1_167' title='bbox 711 2206 758 2268; x_wconf 89' lang='grc' dir='ltr'>καί</span> <span class='ocrx_word' id='word_1_168' title='bbox 781 2207 826 2268; x_wconf 85' lang='grc' dir='ltr'>διὰ</span> <span class='ocrx_word' id='word_1_169' title='bbox 847 2205 927 2292; x_wconf 63' lang='grc' dir='ltr'>τοῦθ)</span> <span class='ocrx_word' id='word_1_170' title='bbox 950 2207 1158 2288; x_wconf 84' lang='grc' dir='ltr'>χρυσοβοὺλλου</span> <span class='ocrx_word' id='word_1_171' title='bbox 1180 2214 1230 2284; x_wconf 80' lang='grc' dir='ltr'>τῆς</span> <span class='ocrx_word' id='word_1_172' title='bbox 1252 2209 1397 2284; x_wconf 85' lang='grc' dir='ltr'>βασιλείας</span> <span class='ocrx_word' id='word_1_173' title='bbox 1412 2231 1475 2286; x_wconf 85' lang='grc' dir='ltr'>μου.</span> <span class='ocrx_word' id='word_1_174' title='bbox 1498 2209 1542 2281; x_wconf 77' lang='grc' dir='ltr'>τήν</span> <span class='ocrx_word' id='word_1_175' title='bbox 1573 2245 1574 2248; x_wconf 32' lang='lat'>¹</span> 
     </span>
     <span class='ocr_line' id='line_1_17' title="bbox 248 2327 1540 2408; baseline 0.002 -20"><span class='ocrx_word' id='word_1_176' title='bbox 248 2330 373 2403; x_wconf 80' lang='grc' dir='ltr'>τοιαύτην</span> <span class='ocrx_word' id='word_1_177' title='bbox 394 2328 567 2408; x_wconf 89' lang='grc' dir='ltr'>παράκλησιν</span> <span class='ocrx_word' id='word_1_178' title='bbox 589 2333 635 2388; x_wconf 78' lang='grc' dir='ltr'>τοῦ</span> <span class='ocrx_word' id='word_1_179' title='bbox 659 2329 832 2404; x_wconf 84' lang='grc' dir='ltr'>δηλωθέντος</span> <span class='ocrx_word' id='word_1_180' title='bbox 846 2327 991 2408; x_wconf 85' lang='grc' dir='ltr'>ίερωτάτου</span> <span class='ocrx_word' id='word_1_181' title='bbox 1007 2329 1206 2408; x_wconf 85' lang='grc' dir='ltr'>μητροπολίτου</span> <span class='ocrx_word' id='word_1_182' title='bbox 1223 2329 1383 2390; x_wconf 87' lang='grc' dir='ltr'>Ὶωαννίνων</span> <span class='ocrx_word' id='word_1_183' title='bbox 1399 2330 1447 2390; x_wconf 89' lang='grc' dir='ltr'>καί</span> <span class='ocrx_word' id='word_1_184' title='bbox 1462 2333 1540 2407; x_wconf 79' lang='grc' dir='ltr'>ότερ-</span> 
     </span>
     <span class='ocr_line' id='line_1_18' title="bbox 248 2446 1574 2534; baseline 0.002 -25"><span class='ocrx_word' id='word_1_185' title='bbox 248 2451 326 2526; x_wconf 91' lang='grc' dir='ltr'>τίμου</span> <span class='ocrx_word' id='word_1_186' title='bbox 351 2449 472 2524; x_wconf 78' lang='grc' dir='ltr'>εὐμενῶς</span> <span class='ocrx_word' id='word_1_187' title='bbox 494 2446 704 2528; x_wconf 78' lang='grc' dir='ltr'>προοδεξαμὲνη</span> <span class='ocrx_word' id='word_1_188' title='bbox 726 2451 744 2525; x_wconf 81' lang='grc' dir='ltr'><strong>ἡ</strong></span> <span class='ocrx_word' id='word_1_189' title='bbox 768 2449 895 2524; x_wconf 89' lang='grc' dir='ltr'>βασιλεία</span> <span class='ocrx_word' id='word_1_190' title='bbox 918 2471 969 2526; x_wconf 90' lang='grc' dir='ltr'>μου</span> <span class='ocrx_word' id='word_1_191' title='bbox 993 2450 1155 2530; x_wconf 88' lang='grc' dir='ltr'>ἐπιχορηγεῖ</span> <span class='ocrx_word' id='word_1_192' title='bbox 1176 2449 1223 2511; x_wconf 91' lang='grc' dir='ltr'>καί</span> <span class='ocrx_word' id='word_1_193' title='bbox 1247 2451 1421 2530; x_wconf 84' lang='grc' dir='ltr'>ἐπιβραβεθει</span> <span class='ocrx_word' id='word_1_194' title='bbox 1443 2452 1539 2534; x_wconf 77' lang='grc' dir='ltr'>τῇρη-</span> <span class='ocrx_word' id='word_1_195' title='bbox 1573 2459 1574 2462; x_wconf 75' lang='grc'>’</span> 
     </span>
     <span class='ocr_line' id='line_1_19' title="bbox 249 2565 1540 2654; baseline -0.002 -24"><span class='ocrx_word' id='word_1_196' title='bbox 249 2572 325 2654; x_wconf 83' lang='grc' dir='ltr'>θείση</span> <span class='ocrx_word' id='word_1_197' title='bbox 347 2573 485 2651; x_wconf 80' lang='grc' dir='ltr'>ἁγιωτάτῃ</span> <span class='ocrx_word' id='word_1_198' title='bbox 502 2569 638 2652; x_wconf 83' lang='grc' dir='ltr'>ἐκκλησίᾳ</span> <span class='ocrx_word' id='word_1_199' title='bbox 652 2571 682 2630; x_wconf 87' lang='grc' dir='ltr'>τδ</span> <span class='ocrx_word' id='word_1_200' title='bbox 698 2572 783 2650; x_wconf 80' lang='grc' dir='ltr'>παρόν</span> <span class='ocrx_word' id='word_1_201' title='bbox 793 2569 818 2653; x_wconf 71' lang='grc'>9)</span> <span class='ocrx_word' id='word_1_202' title='bbox 830 2569 1048 2650; x_wconf 88' lang='grc' dir='ltr'>χρυσὸβουλλον,</span> <span class='ocrx_word' id='word_1_203' title='bbox 1073 2571 1107 2632; x_wconf 86' lang='grc' dir='ltr'>δι’</span> <span class='ocrx_word' id='word_1_204' title='bbox 1118 2565 1149 2632; x_wconf 83' lang='grc' dir='ltr'>οὖ</span> <span class='ocrx_word' id='word_1_205' title='bbox 1164 2574 1325 2652; x_wconf 80' lang='grc' dir='ltr'>προστάσσει</span> <span class='ocrx_word' id='word_1_206' title='bbox 1340 2570 1387 2632; x_wconf 87' lang='grc' dir='ltr'>καί</span> <span class='ocrx_word' id='word_1_207' title='bbox 1403 2573 1540 2652; x_wconf 86' lang='grc' dir='ltr'>διορίζεται</span> 
     </span>
     <span class='ocr_line' id='line_1_20' title="bbox 249 2690 1540 2773; baseline -0.004 -21"><span class='ocrx_word' id='word_1_208' title='bbox 249 2693 376 2770; x_wconf 84' lang='grc' dir='ltr'>κατέχειν</span> <span class='ocrx_word' id='word_1_209' title='bbox 399 2691 481 2766; x_wconf 73' lang='grc' dir='ltr'>αυτὴν</span> <span class='ocrx_word' id='word_1_210' title='bbox 502 2692 591 2750; x_wconf 85' lang='grc' dir='ltr'>πάντα</span> <span class='ocrx_word' id='word_1_211' title='bbox 611 2691 646 2750; x_wconf 87' lang='grc' dir='ltr'>τὰ</span> <span class='ocrx_word' id='word_1_212' title='bbox 668 2691 796 2772; x_wconf 82' lang='grc' dir='ltr'>ἀνωτέρω</span> <span class='ocrx_word' id='word_1_213' title='bbox 818 2691 889 2751; x_wconf 87' lang='grc' dir='ltr'>κατὰ</span> <span class='ocrx_word' id='word_1_214' title='bbox 911 2693 996 2772; x_wconf 81' lang='grc' dir='ltr'>μέρος</span> <span class='ocrx_word' id='word_1_215' title='bbox 1018 2690 1188 2773; x_wconf 82' lang='grc' dir='ltr'>δηλωθέντα,</span> <span class='ocrx_word' id='word_1_216' title='bbox 1211 2695 1245 2752; x_wconf 89' lang='grc' dir='ltr'>τά</span> <span class='ocrx_word' id='word_1_217' title='bbox 1267 2713 1297 2753; x_wconf 92' lang='grc' dir='ltr'>τε</span> <span class='ocrx_word' id='word_1_218' title='bbox 1317 2697 1540 2773; x_wconf 85' lang='grc' dir='ltr'>προκατεχάμενα</span> 
     </span>
     <span class='ocr_line' id='line_1_21' title="bbox 248 2810 1539 2895; baseline -0.001 -23"><span class='ocrx_word' id='word_1_219' title='bbox 248 2813 313 2892; x_wconf 88' lang='grc' dir='ltr'>παρ’</span> <span class='ocrx_word' id='word_1_220' title='bbox 323 2812 415 2892; x_wconf 79' lang='grc' dir='ltr'>αθτῆς,</span> <span class='ocrx_word' id='word_1_221' title='bbox 439 2813 477 2871; x_wconf 86' lang='grc' dir='ltr'>ἐτι</span> <span class='ocrx_word' id='word_1_222' title='bbox 500 2811 531 2871; x_wconf 86' lang='grc' dir='ltr'>δὲ</span> <span class='ocrx_word' id='word_1_223' title='bbox 553 2810 600 2872; x_wconf 90' lang='grc' dir='ltr'>καί</span> <span class='ocrx_word' id='word_1_224' title='bbox 620 2812 655 2872; x_wconf 78' lang='grc' dir='ltr'>τά</span> <span class='ocrx_word' id='word_1_225' title='bbox 676 2813 905 2893; x_wconf 87' lang='grc' dir='ltr'>προσεπιδοθέντα</span> <span class='ocrx_word' id='word_1_226' title='bbox 929 2814 994 2895; x_wconf 81' lang='grc' dir='ltr'>αίπῄ</span> <span class='ocrx_word' id='word_1_227' title='bbox 1018 2815 1088 2890; x_wconf 84' lang='grc' dir='ltr'>μετὰ</span> <span class='ocrx_word' id='word_1_228' title='bbox 1108 2816 1200 2890; x_wconf 89' lang='grc' dir='ltr'>πάσης</span> <span class='ocrx_word' id='word_1_229' title='bbox 1222 2819 1271 2889; x_wconf 74' lang='grc' dir='ltr'>τῆς</span> <span class='ocrx_word' id='word_1_230' title='bbox 1292 2820 1380 2892; x_wconf 81' lang='grc' dir='ltr'>νομῆς</span> <span class='ocrx_word' id='word_1_231' title='bbox 1401 2814 1449 2874; x_wconf 83' lang='grc' dir='ltr'>καί</span> <span class='ocrx_word' id='word_1_232' title='bbox 1468 2835 1539 2892; x_wconf 82' lang='grc' dir='ltr'>περι-</span> 
     </span>
     <span class='ocr_line' id='line_1_22' title="bbox 249 2933 1541 3015; baseline -0.004 -21"><span class='ocrx_word' id='word_1_233' title='bbox 249 2940 319 3012; x_wconf 83' lang='grc' dir='ltr'>οχῆς</span> <span class='ocrx_word' id='word_1_234' title='bbox 345 2933 392 2994; x_wconf 90' lang='grc' dir='ltr'>καί</span> <span class='ocrx_word' id='word_1_235' title='bbox 418 2939 471 2994; x_wconf 88' lang='grc' dir='ltr'>τιῖιν</span> <span class='ocrx_word' id='word_1_236' title='bbox 499 2933 609 2993; x_wconf 88' lang='grc' dir='ltr'>δικαίων</span> <span class='ocrx_word' id='word_1_237' title='bbox 637 2934 724 2994; x_wconf 83' lang='grc' dir='ltr'>αίπιῖιν</span> <span class='ocrx_word' id='word_1_238' title='bbox 753 2934 947 3015; x_wconf 81' lang='grc' dir='ltr'>ὰναραιρέτως,</span> <span class='ocrx_word' id='word_1_239' title='bbox 978 2934 1174 3012; x_wconf 80' lang='grc' dir='ltr'>άνενοχλητως</span> <span class='ocrx_word' id='word_1_240' title='bbox 1196 2933 1242 2994; x_wconf 88' lang='grc' dir='ltr'>καί</span> <span class='ocrx_word' id='word_1_241' title='bbox 1266 2935 1453 3014; x_wconf 86' lang='grc' dir='ltr'>άδιασείστως,</span> <span class='ocrx_word' id='word_1_242' title='bbox 1485 2935 1541 2993; x_wconf 78' lang='grc' dir='ltr'>ὅθεν</span> 
     </span>
     <span class='ocr_line' id='line_1_23' title="bbox 248 3052 1541 3136; baseline -0.003 -22"><span class='ocrx_word' id='word_1_243' title='bbox 248 3052 295 3114; x_wconf 91' lang='grc' dir='ltr'>καί</span> <span class='ocrx_word' id='word_1_244' title='bbox 316 3061 350 3136; x_wconf 78' lang='grc' dir='ltr'>τῇ</span> <span class='ocrx_word' id='word_1_245' title='bbox 375 3053 444 3134; x_wconf 85' lang='grc' dir='ltr'>ίοχόι</span> <span class='ocrx_word' id='word_1_246' title='bbox 465 3053 512 3115; x_wconf 92' lang='grc' dir='ltr'>καί</span> <span class='ocrx_word' id='word_1_247' title='bbox 535 3054 648 3130; x_wconf 82' lang='grc' dir='ltr'>δυνάμει</span> <span class='ocrx_word' id='word_1_248' title='bbox 668 3059 714 3114; x_wconf 80' lang='grc' dir='ltr'>τοῦ</span> <span class='ocrx_word' id='word_1_249' title='bbox 736 3055 871 3135; x_wconf 83' lang='grc' dir='ltr'>παρόντος</span> <span class='ocrx_word' id='word_1_250' title='bbox 893 3055 1101 3135; x_wconf 84' lang='grc' dir='ltr'>χρυσοβοόλλου</span> <span class='ocrx_word' id='word_1_251' title='bbox 1125 3060 1174 3131; x_wconf 80' lang='grc' dir='ltr'>τῆς</span> <span class='ocrx_word' id='word_1_252' title='bbox 1198 3054 1340 3129; x_wconf 86' lang='grc' dir='ltr'>βασιλείας</span> <span class='ocrx_word' id='word_1_253' title='bbox 1363 3075 1415 3132; x_wconf 86' lang='grc' dir='ltr'>μου</span> <span class='ocrx_word' id='word_1_254' title='bbox 1436 3053 1541 3126; x_wconf 83' lang='grc' dir='ltr'>καθέξει</span> 
     </span>
     <span class='ocr_line' id='line_1_24' title="bbox 247 3175 1539 3256; baseline -0.002 -21"><span class='ocrx_word' id='word_1_255' title='bbox 247 3175 294 3236; x_wconf 90' lang='grc' dir='ltr'>καί</span> <span class='ocrx_word' id='word_1_256' title='bbox 320 3178 503 3252; x_wconf 77' lang='grc' dir='ltr'>νεμηθήσεται</span> <span class='ocrx_word' id='word_1_257' title='bbox 529 3181 612 3236; x_wconf 82' lang='grc' dir='ltr'>ταῦτα</span> <span class='ocrx_word' id='word_1_258' title='bbox 639 3177 669 3236; x_wconf 82' lang='grc' dir='ltr'>τό</span> <span class='ocrx_word' id='word_1_259' title='bbox 697 3177 781 3256; x_wconf 84' lang='grc' dir='ltr'>μέρος</span> <span class='ocrx_word' id='word_1_260' title='bbox 802 3181 852 3252; x_wconf 81' lang='grc' dir='ltr'>τῆς</span> <span class='ocrx_word' id='word_1_261' title='bbox 875 3175 1047 3252; x_wconf 87' lang='grc' dir='ltr'>δηλωθείσης</span> <span class='ocrx_word' id='word_1_262' title='bbox 1070 3178 1225 3255; x_wconf 85' lang='grc' dir='ltr'>ἁγιωτάτης</span> <span class='ocrx_word' id='word_1_263' title='bbox 1249 3177 1400 3252; x_wconf 84' lang='grc' dir='ltr'>ἐκκλησίας</span> <span class='ocrx_word' id='word_1_264' title='bbox 1424 3175 1539 3255; x_wconf 83' lang='grc' dir='ltr'>ἀνώτερα</span> 
     </span>
     <span class='ocr_line' id='line_1_25' title="bbox 195 3295 1539 3378; baseline 0.001 -22"><span class='ocrx_word' id='word_1_265' title='bbox 195 3357 197 3362; x_wconf 83' lang='lat'><em>.</em></span> <span class='ocrx_word' id='word_1_266' title='bbox 247 3301 337 3370; x_wconf 86' lang='grc' dir='ltr'>πάσης</span> <span class='ocrx_word' id='word_1_267' title='bbox 368 3295 415 3357; x_wconf 90' lang='grc' dir='ltr'>καί</span> <span class='ocrx_word' id='word_1_268' title='bbox 444 3296 574 3369; x_wconf 87' lang='grc' dir='ltr'>παντοίας</span> <span class='ocrx_word' id='word_1_269' title='bbox 604 3297 775 3372; x_wconf 79' lang='grc' dir='ltr'>δημοοιακῆς</span> <span class='ocrx_word' id='word_1_270' title='bbox 806 3296 934 3377; x_wconf 86' lang='grc' dir='ltr'>ἐπηρείας</span> <span class='ocrx_word' id='word_1_271' title='bbox 963 3295 1011 3357; x_wconf 89' lang='grc' dir='ltr'>καὶ</span> <span class='ocrx_word' id='word_1_272' title='bbox 1039 3298 1212 3374; x_wconf 77' lang='grc' dir='ltr'>συζητησεως</span> <span class='ocrx_word' id='word_1_273' title='bbox 1243 3295 1291 3358; x_wconf 87' lang='grc' dir='ltr'>καί</span> <span class='ocrx_word' id='word_1_274' title='bbox 1318 3299 1416 3378; x_wconf 82' lang='grc' dir='ltr'>ἑτέρας</span> <span class='ocrx_word' id='word_1_275' title='bbox 1439 3299 1539 3370; x_wconf 85' lang='grc' dir='ltr'>ἁπάσης</span> 
     </span>
    </p>
   </div>
   <div class='ocr_carea' id='block_1_3' title="bbox 188 3415 1539 3501">
    <p class='ocr_par' dir='ltr' id='par_1_3' title="bbox 188 3415 1539 3501">
     <span class='ocr_line' id='line_1_26' title="bbox 188 3415 1539 3501; baseline -0.003 -25"><span class='ocrx_word' id='word_1_276' title='bbox 188 3485 192 3493; x_wconf 46' lang='grc'>,</span> <span class='ocrx_word' id='word_1_277' title='bbox 249 3417 466 3494; x_wconf 80' lang='grc' dir='ltr'>διενοχλήσεως·</span> <span class='ocrx_word' id='word_1_278' title='bbox 493 3416 630 3498; x_wconf 76' lang='grc' dir='ltr'>οὔτεγὰρ</span> <span class='ocrx_word' id='word_1_279' title='bbox 654 3417 679 3478; x_wconf 91' lang='grc' dir='ltr'>οί</span> <span class='ocrx_word' id='word_1_280' title='bbox 700 3417 771 3478; x_wconf 83' lang='grc' dir='ltr'>κατὰ</span> <span class='ocrx_word' id='word_1_281' title='bbox 792 3415 949 3501; x_wconf 68' lang='grc' dir='ltr'>καιροὶιςῖθ)</span> <span class='ocrx_word' id='word_1_282' title='bbox 972 3419 1233 3498; x_wconf 83' lang='grc' dir='ltr'>κεραλατικείνοντες</span> <span class='ocrx_word' id='word_1_283' title='bbox 1255 3416 1295 3492; x_wconf 88' lang='grc' dir='ltr'>είς</span> <span class='ocrx_word' id='word_1_284' title='bbox 1317 3419 1362 3478; x_wconf 86' lang='grc' dir='ltr'>τόν</span> <span class='ocrx_word' id='word_1_285' title='bbox 1386 3419 1539 3496; x_wconf 80' lang='grc' dir='ltr'>δηλωθέντα</span> 
     </span>
    </p>
   </div>
   <div class='ocr_carea' id='block_1_4' title="bbox 248 3525 1540 3633">
    <p class='ocr_par' dir='ltr' id='par_1_4' title="bbox 248 3525 1540 3633">
     <span class='ocr_line' id='line_1_27' title="bbox 248 3525 1540 3633; baseline 0 -37"><span class='ocrx_word' id='word_1_286' title='bbox 248 3539 339 3618; x_wconf 84' lang='grc' dir='ltr'>τόπον,</span> <span class='ocrx_word' id='word_1_287' title='bbox 363 3537 392 3596; x_wconf 85' lang='grc' dir='ltr'>ἐν</span> <span class='ocrx_word' id='word_1_288' title='bbox 409 3533 431 3618; x_wconf 80' lang='grc' dir='ltr'><strong>ᾧ</strong></span> <span class='ocrx_word' id='word_1_289' title='bbox 446 3542 529 3598; x_wconf 80' lang='grc' dir='ltr'>ταῦτα</span> <span class='ocrx_word' id='word_1_290' title='bbox 546 3538 720 3619; x_wconf 80' lang='grc' dir='ltr'>εὑρίσκονται,</span> <span class='ocrx_word' id='word_1_291' title='bbox 744 3537 804 3598; x_wconf 81' lang='grc' dir='ltr'>οὔτε</span> <span class='ocrx_word' id='word_1_292' title='bbox 820 3539 845 3598; x_wconf 90' lang='grc' dir='ltr'>οί</span> <span class='ocrx_word' id='word_1_293' title='bbox 859 3539 893 3633; x_wconf 69' lang='grc' dir='ltr'>τά</span> <span class='ocrx_word' id='word_1_294' title='bbox 909 3539 1027 3616; x_wconf 80' lang='grc' dir='ltr'>δημόσια</span> <span class='ocrx_word' id='word_1_295' title='bbox 1043 3525 1244 3619; x_wconf 79' lang='grc' dir='ltr'>διενεργοίντες</span> <span class='ocrx_word' id='word_1_296' title='bbox 1260 3539 1361 3620; x_wconf 80' lang='grc' dir='ltr'>ἐκεῖσε,</span> <span class='ocrx_word' id='word_1_297' title='bbox 1384 3539 1445 3600; x_wconf 81' lang='grc' dir='ltr'>οὔτε</span> <span class='ocrx_word' id='word_1_298' title='bbox 1461 3535 1540 3618; x_wconf 84' lang='grc' dir='ltr'>ἕτεροί</span> 
     </span>
    </p>
   </div>
   <div class='ocr_carea' id='block_1_5' title="bbox 248 3657 1539 3860">
    <p class='ocr_par' dir='ltr' id='par_1_5' title="bbox 248 3657 1539 3860">
     <span class='ocr_line' id='line_1_28' title="bbox 248 3657 1539 3740; baseline 0.001 -24"><span class='ocrx_word' id='word_1_299' title='bbox 248 3678 320 3730; x_wconf 87' lang='grc' dir='ltr'>τινες</span> <span class='ocrx_word' id='word_1_300' title='bbox 349 3657 500 3738; x_wconf 75' lang='grc' dir='ltr'>ὀφείλουσιν</span> <span class='ocrx_word' id='word_1_301' title='bbox 531 3657 672 3733; x_wconf 81' lang='grc' dir='ltr'>ἐπιβαλεῖν</span> <span class='ocrx_word' id='word_1_302' title='bbox 701 3661 784 3740; x_wconf 90' lang='grc' dir='ltr'>χεῖρα</span> <span class='ocrx_word' id='word_1_303' title='bbox 812 3659 1010 3736; x_wconf 80' lang='grc' dir='ltr'>πλεονεκτικὴν</span> <span class='ocrx_word' id='word_1_304' title='bbox 1041 3659 1088 3721; x_wconf 88' lang='grc' dir='ltr'>καί</span> <span class='ocrx_word' id='word_1_305' title='bbox 1120 3661 1213 3721; x_wconf 89' lang='grc' dir='ltr'>άδικσν</span> <span class='ocrx_word' id='word_1_306' title='bbox 1245 3658 1289 3721; x_wconf 89' lang='grc' dir='ltr'>ἐπὶ</span> <span class='ocrx_word' id='word_1_307' title='bbox 1309 3668 1375 3720; x_wconf 83' lang='grc' dir='ltr'>πᾶσι</span> <span class='ocrx_word' id='word_1_308' title='bbox 1397 3665 1454 3732; x_wconf 86' lang='grc' dir='ltr'>τοῖς</span> <span class='ocrx_word' id='word_1_309' title='bbox 1476 3657 1539 3722; x_wconf 75' lang='grc' dir='ltr'>κατὰ</span> 
     </span>
     <span class='ocr_line' id='line_1_29' title="bbox 249 3778 1537 3860; baseline 0.001 -23"><span class='ocrx_word' id='word_1_310' title='bbox 249 3781 334 3858; x_wconf 83' lang='grc' dir='ltr'>μέρος</span> <span class='ocrx_word' id='word_1_311' title='bbox 364 3778 533 3860; x_wconf 77' lang='grc' dir='ltr'>διαληφθεῖσι</span> <span class='ocrx_word' id='word_1_312' title='bbox 561 3783 681 3854; x_wconf 74' lang='grc' dir='ltr'>κτήμασι</span> <span class='ocrx_word' id='word_1_313' title='bbox 709 3785 759 3856; x_wconf 75' lang='grc' dir='ltr'>τῆς</span> <span class='ocrx_word' id='word_1_314' title='bbox 789 3782 871 3857; x_wconf 74' lang='grc' dir='ltr'>αθιῆς</span> <span class='ocrx_word' id='word_1_315' title='bbox 902 3782 1055 3860; x_wconf 86' lang='grc' dir='ltr'>ἁγιωτάτης</span> <span class='ocrx_word' id='word_1_316' title='bbox 1086 3781 1247 3860; x_wconf 78' lang='grc' dir='ltr'>ἐκκλησίας,</span> <span class='ocrx_word' id='word_1_317' title='bbox 1280 3779 1340 3842; x_wconf 87' lang='grc' dir='ltr'>ἐπεὶ</span> <span class='ocrx_word' id='word_1_318' title='bbox 1372 3782 1499 3855; x_wconf 79' lang='grc' dir='ltr'>βούλεται</span> <span class='ocrx_word' id='word_1_319' title='bbox 1522 3779 1537 3850; x_wconf 81' lang='grc' dir='ltr'>ί,</span> 
     </span>
    </p>
   </div>
   <div class='ocr_carea' id='block_1_6' title="bbox 249 3898 1537 3982">
    <p class='ocr_par' dir='ltr' id='par_1_6' title="bbox 249 3898 1537 3982">
     <span class='ocr_line' id='line_1_30' title="bbox 249 3898 1537 3982; baseline 0 -24"><span class='ocrx_word' id='word_1_320' title='bbox 249 3898 378 3973; x_wconf 89' lang='grc' dir='ltr'>βασιλεία</span> <span class='ocrx_word' id='word_1_321' title='bbox 401 3920 452 3975; x_wconf 92' lang='grc' dir='ltr'>μου</span> <span class='ocrx_word' id='word_1_322' title='bbox 475 3899 521 3960; x_wconf 90' lang='grc' dir='ltr'>καί</span> <span class='ocrx_word' id='word_1_323' title='bbox 544 3901 605 3979; x_wconf 80' lang='grc' dir='ltr'>ἔχει</span> <span class='ocrx_word' id='word_1_324' title='bbox 627 3901 739 3978; x_wconf 87' lang='grc' dir='ltr'>θέλημα</span> <span class='ocrx_word' id='word_1_325' title='bbox 763 3901 992 3982; x_wconf 65' lang='grc' dir='ltr'>διασηρεῖσθαιῑί)</span> <span class='ocrx_word' id='word_1_326' title='bbox 1015 3907 1099 3962; x_wconf 80' lang='grc' dir='ltr'>ταῦτα</span> <span class='ocrx_word' id='word_1_327' title='bbox 1121 3905 1209 3962; x_wconf 90' lang='grc' dir='ltr'>πάντα</span> <span class='ocrx_word' id='word_1_328' title='bbox 1226 3901 1264 3972; x_wconf 88' lang='grc' dir='ltr'>είς</span> <span class='ocrx_word' id='word_1_329' title='bbox 1278 3903 1341 3974; x_wconf 85' lang='grc' dir='ltr'>τοίις</span> <span class='ocrx_word' id='word_1_330' title='bbox 1358 3903 1425 3978; x_wconf 65' lang='grc' dir='ltr'>ἑξῆς</span> <span class='ocrx_word' id='word_1_331' title='bbox 1439 3902 1486 3963; x_wconf 87' lang='grc' dir='ltr'>καί</span> <span class='ocrx_word' id='word_1_332' title='bbox 1500 3901 1537 3960; x_wconf 88' lang='grc' dir='ltr'>δι-</span> 
     </span>
    </p>
   </div>
   <div class='ocr_carea' id='block_1_7' title="bbox 249 4137 1537 4713">
    <p class='ocr_par' dir='ltr' id='par_1_7' title="bbox 251 4137 1537 4227">
     <span class='ocr_line' id='line_1_31' title="bbox 251 4137 1537 4227; baseline 0.002 -27"><span class='ocrx_word' id='word_1_333' title='bbox 251 4140 379 4216; x_wconf 87' lang='grc' dir='ltr'>βασιλεία</span> <span class='ocrx_word' id='word_1_334' title='bbox 397 4162 448 4218; x_wconf 95' lang='grc' dir='ltr'>μου</span> <span class='ocrx_word' id='word_1_335' title='bbox 460 4140 506 4202; x_wconf 91' lang='grc' dir='ltr'>καί</span> <span class='ocrx_word' id='word_1_336' title='bbox 515 4139 553 4226; x_wconf 83' lang='lat'>¹²)</span> <span class='ocrx_word' id='word_1_337' title='bbox 565 4145 693 4222; x_wconf 82' lang='grc' dir='ltr'>κατεῖχεν</span> <span class='ocrx_word' id='word_1_338' title='bbox 703 4143 835 4204; x_wconf 82' lang='grc' dir='ltr'>ἀνέκαθεν</span> <span class='ocrx_word' id='word_1_339' title='bbox 846 4146 877 4204; x_wconf 77' lang='grc' dir='ltr'>τό</span> <span class='ocrx_word' id='word_1_340' title='bbox 890 4145 974 4224; x_wconf 87' lang='grc' dir='ltr'>μέρος</span> <span class='ocrx_word' id='word_1_341' title='bbox 985 4149 1034 4221; x_wconf 80' lang='grc' dir='ltr'>τῆς</span> <span class='ocrx_word' id='word_1_342' title='bbox 1047 4145 1130 4222; x_wconf 79' lang='grc' dir='ltr'>αδτῆς</span> <span class='ocrx_word' id='word_1_343' title='bbox 1143 4146 1295 4224; x_wconf 85' lang='grc' dir='ltr'>ἁγιωτάτης</span> <span class='ocrx_word' id='word_1_344' title='bbox 1307 4145 1469 4227; x_wconf 85' lang='grc' dir='ltr'>ἐκκλησίας,</span> <span class='ocrx_word' id='word_1_345' title='bbox 1485 4137 1537 4221; x_wconf 84' lang='grc' dir='ltr'>περί</span> 
     </span>
    </p>

    <p class='ocr_par' dir='ltr' id='par_1_8' title="bbox 249 4353 1536 4713">
     <span class='ocr_line' id='line_1_32' title="bbox 356 4353 1536 4428; baseline 0 -22"><span class='ocrx_word' id='word_1_346' title='bbox 356 4357 377 4422; x_wconf 86' lang='lat'>¹)</span> <span class='ocrx_word' id='word_1_347' title='bbox 396 4354 437 4406; x_wconf 86' lang='grc' dir='ltr'>καί</span> <span class='ocrx_word' id='word_1_348' title='bbox 461 4355 536 4408; x_wconf 78' lang='lat' dir='ltr'>deest</span> <span class='ocrx_word' id='word_1_349' title='bbox 553 4356 584 4410; x_wconf 79' lang='lat' dir='ltr'>A,</span> <span class='ocrx_word' id='word_1_350' title='bbox 656 4356 678 4423; x_wconf 84' lang='lat'>²)</span> <span class='ocrx_word' id='word_1_351' title='bbox 696 4357 738 4407; x_wconf 78' lang='grc' dir='ltr'>τοῦ</span> <span class='ocrx_word' id='word_1_352' title='bbox 762 4353 808 4408; x_wconf 78' lang='grc' dir='ltr'>άπὸ</span> <span class='ocrx_word' id='word_1_353' title='bbox 830 4356 916 4422; x_wconf 77' lang='grc' dir='ltr'>ταύτης</span> <span class='ocrx_word' id='word_1_354' title='bbox 940 4373 1026 4428; x_wconf 73' lang='grc' dir='ltr'>ιιεηαο</span> <span class='ocrx_word' id='word_1_355' title='bbox 1048 4359 1082 4410; x_wconf 78' lang='grc' dir='ltr'>κά</span> <span class='ocrx_word' id='word_1_356' title='bbox 1106 4353 1134 4410; x_wconf 80' lang='grc' dir='ltr'>τό</span> <span class='ocrx_word' id='word_1_357' title='bbox 1157 4355 1182 4408; x_wconf 85' lang='grc' dir='ltr'>δέ</span> <span class='ocrx_word' id='word_1_358' title='bbox 1205 4355 1284 4426; x_wconf 75' lang='grc' dir='ltr'>ἕτερον</span> <span class='ocrx_word' id='word_1_359' title='bbox 1306 4357 1382 4428; x_wconf 71' lang='grc' dir='ltr'>ἥμισυ</span> <span class='ocrx_word' id='word_1_360' title='bbox 1401 4361 1496 4412; x_wconf 72' lang='lat' dir='ltr'>desunt</span> <span class='ocrx_word' id='word_1_361' title='bbox 1511 4355 1536 4406; x_wconf 87' lang='lat' dir='ltr'>A.</span> 
     </span>
     <span class='ocr_line' id='line_1_33' title="bbox 249 4435 1536 4524; baseline -0.002 -22"><span class='ocrx_word' id='word_1_362' title='bbox 249 4451 271 4519; x_wconf 80' lang='lat'>³)</span> <span class='ocrx_word' id='word_1_363' title='bbox 290 4448 394 4519; x_wconf 81' lang='grc' dir='ltr'>Συριοίνη</span> <span class='ocrx_word' id='word_1_364' title='bbox 413 4451 444 4503; x_wconf 92' lang='lat' dir='ltr'>A.</span> <span class='ocrx_word' id='word_1_365' title='bbox 516 4451 537 4519; x_wconf 87' lang='lat'>⁴)</span> <span class='ocrx_word' id='word_1_366' title='bbox 556 4450 699 4512; x_wconf 81' lang='grc' dir='ltr'>Λουζετζίου</span> <span class='ocrx_word' id='word_1_367' title='bbox 716 4451 747 4504; x_wconf 82' lang='lat' dir='ltr'>A.</span> <span class='ocrx_word' id='word_1_368' title='bbox 820 4453 840 4519; x_wconf 71' lang='grc' dir='ltr'>δ)</span> <span class='ocrx_word' id='word_1_369' title='bbox 860 4451 998 4503; x_wconf 88' lang='grc' dir='ltr'>ίίασσιανοῦ</span> <span class='ocrx_word' id='word_1_370' title='bbox 1012 4435 1047 4505; x_wconf 83' lang='lat' dir='ltr'>A.</span> <span class='ocrx_word' id='word_1_371' title='bbox 1118 4453 1139 4519; x_wconf 68' lang='grc' dir='ltr'>θ)</span> <span class='ocrx_word' id='word_1_372' title='bbox 1159 4452 1281 4520; x_wconf 80' lang='grc' dir='ltr'>Βησσωτᾷ</span> <span class='ocrx_word' id='word_1_373' title='bbox 1298 4453 1339 4504; x_wconf 82' lang='grc' dir='ltr'>καὶ</span> <span class='ocrx_word' id='word_1_374' title='bbox 1356 4471 1392 4523; x_wconf 82' lang='grc' dir='ltr'>τῳ</span> <span class='ocrx_word' id='word_1_375' title='bbox 1410 4455 1501 4524; x_wconf 79' lang='grc' dir='ltr'>Λιγερῷ</span> <span class='ocrx_word' id='word_1_376' title='bbox 1511 4450 1536 4500; x_wconf 81' lang='lat' dir='ltr'>A.</span> 
     </span>
     <span class='ocr_line' id='line_1_34' title="bbox 249 4541 1536 4618; baseline 0.002 -22"><span class='ocrx_word' id='word_1_377' title='bbox 249 4544 411 4615; x_wconf 62' lang='grc' dir='ltr'>ῖ)’μσνίδριον</span> <span class='ocrx_word' id='word_1_378' title='bbox 436 4545 484 4598; x_wconf 87' lang='grc' dir='ltr'>τῶν</span> <span class='ocrx_word' id='word_1_379' title='bbox 507 4545 699 4615; x_wconf 85' lang='grc' dir='ltr'>Μερδεαοτάνων</span> <span class='ocrx_word' id='word_1_380' title='bbox 712 4547 743 4600; x_wconf 90' lang='lat' dir='ltr'>A.</span> <span class='ocrx_word' id='word_1_381' title='bbox 814 4548 834 4614; x_wconf 73' lang='grc'>8)</span> <span class='ocrx_word' id='word_1_382' title='bbox 848 4549 891 4599; x_wconf 78' lang='grc' dir='ltr'>τοῦ</span> <span class='ocrx_word' id='word_1_383' title='bbox 915 4548 990 4600; x_wconf 73' lang='grc' dir='ltr'>τίουσι</span> <span class='ocrx_word' id='word_1_384' title='bbox 1002 4547 1032 4600; x_wconf 89' lang='lat' dir='ltr'>A.</span> <span class='ocrx_word' id='word_1_385' title='bbox 1106 4547 1128 4616; x_wconf 78' lang='lat'>⁹)</span> <span class='ocrx_word' id='word_1_386' title='bbox 1146 4545 1187 4600; x_wconf 79' lang='grc' dir='ltr'>τόν</span> <span class='ocrx_word' id='word_1_387' title='bbox 1206 4547 1312 4617; x_wconf 85' lang='grc' dir='ltr'>παρόντα</span> <span class='ocrx_word' id='word_1_388' title='bbox 1329 4550 1360 4602; x_wconf 88' lang='lat' dir='ltr'>A.</span> <span class='ocrx_word' id='word_1_389' title='bbox 1435 4550 1467 4618; x_wconf 78' lang='grc'>10)</span> <span class='ocrx_word' id='word_1_390' title='bbox 1485 4541 1536 4600; x_wconf 66' lang='grc' dir='ltr'>κατὰ</span> 
     </span>
     <span class='ocr_line' id='line_1_35' title="bbox 249 4640 945 4713; baseline -0.003 -17"><span class='ocrx_word' id='word_1_391' title='bbox 249 4641 332 4713; x_wconf 83' lang='grc' dir='ltr'>καιρόν</span> <span class='ocrx_word' id='word_1_392' title='bbox 351 4643 382 4696; x_wconf 91' lang='lat' dir='ltr'>A.</span> <span class='ocrx_word' id='word_1_393' title='bbox 455 4641 485 4712; x_wconf 77' lang='grc'>11)</span> <span class='ocrx_word' id='word_1_394' title='bbox 504 4640 646 4712; x_wconf 87' lang='grc' dir='ltr'>θεωρεῖσθαι</span> <span class='ocrx_word' id='word_1_395' title='bbox 667 4643 698 4694; x_wconf 90' lang='lat' dir='ltr'>A.</span> <span class='ocrx_word' id='word_1_396' title='bbox 773 4644 803 4711; x_wconf 80' lang='lat'>¹²)</span> <span class='ocrx_word' id='word_1_397' title='bbox 822 4643 896 4696; x_wconf 76' lang='lat' dir='ltr'><strong>addit</strong></span> <span class='ocrx_word' id='word_1_398' title='bbox 912 4644 945 4695; x_wconf 87' lang='lat' dir='ltr'>A.</span> 
     </span>
    </p>
   </div>
   <div class='ocr_carea' id='block_1_8' title="bbox 0 0 1588 5298">
    <p class='ocr_par' dir='ltr' id='par_1_9' title="bbox 0 0 1588 5298">
     <span class='ocr_line' id='line_1_36' title="bbox 0 0 1588 5298; baseline 0 0"><span class='ocrx_word' id='word_1_399' title='bbox 0 0 1588 5298; x_wconf 95' lang='lat' dir='ltr'> </span> 
     </span>
    </p>
   </div>
  </div>
 </body>
</html>
