3246 5288
1310 399 1373 465 465

50 591 109 649 ίνοι
142 593 176 652 τ“ο
200 592 342 673 εἰρημένον
364 593 436 673 ἱερου
458 592 505 652 καί
529 594 676 669 σεβάσμιον
708 597 895 673 μοναοτῆριον,
927 596 957 654 τ“ο
980 597 1176 670 σεμνυνομένον
1207 597 1249 656 ἐπ’
1262 597 1373 670 ὀνόματι

51 719 117 788 τῆς
148 715 244 795 κυρίας
260 714 397 776 Θεοτῦκου
419 715 656 795 παμμακαρίοτου,
679 721 728 790 τῆς
745 715 977 790 Χοτζοβιωτίοοης
1000 717 1210 796 ἐπιλογομένης,
1234 719 1264 777 τ“ο
1288 718 1316 776 ἐν
1339 723 1372 798 τῇ

52 839 153 916 νήσῳ
169 837 307 918 Ἀμοργῷ,
331 838 402 914 μετὰ
423 840 530 897 πάντων
552 843 605 896 τῶν
620 839 766 912 κτημάτων
781 836 827 896 καὶ
843 828 1039 918 ἀρἰερωμάτων
1055 839 1144 916 αῦτοῦ,
1166 845 1214 914 τῆς
1233 839 1373 916 Παναγίας

55 957 190 1032 δηλαδὴ
217 963 263 1018 τοῦ
292 959 416 1018 [Ιαλαιοῦ
444 959 528 1040 ἐντῄ
559 958 677 1040 ἐπαρχίᾳ
705 959 877 1038 Σαιτορίνης,
908 959 954 1018 οῦν
980 959 1018 1038 τῷ
1049 961 1169 1038 μετοχίῳ
1200 961 1290 1042 αῦπῆς,
1325 966 1393 1062 τῆςι

57 1081 293 1159 Ποιναγίαςτῆς
317 1082 346 1140 ἐν
362 1083 480 1151 Λεῦκαις
502 1081 572 1140 κατά
586 1081 636 1156 τὴν
658 1079 791 1160 ἐπαρχίαν
809 1078 991 1164 Παροναξίας,
1014 1086 1060 1142 τοῦ
1082 1083 1173 1159 νησίον
1195 1088 1244 1156 τῆς
1260 1082 1373 1162 Κυρίας,

55 1209 118 1262 τοῦ
148 1204 219 1263 κατά
241 1205 288 1278 τὴν
312 1205 510 1263 Ἀστυπάλαιαν
534 1203 662 1280 μετοχίου
684 1208 734 1278 τῆς
757 1203 838 1280 ἀγίας
860 1204 989 1282 Τριάάος,
1011 1209 1057 1264 τοῦ
1080 1203 1151 1263 κατὰ
1173 1203 1221 1278 τῆν
1237 1201 1304 1284 Ἴον,
1327 1208 1373 1264 τοῦ

59 1327 153 1384 κατὰ
175 1329 223 1401 τὴν
245 1332 327 1401 νῆσον
343 1328 458 1406 Ἀνάφην
474 1327 602 1404 μετοχίου
618 1333 665 1400 τῆς
683 1326 833 1404 Παναγίας,
855 1328 914 1401 ῆτις
928 1325 975 1386 καί
991 1327 1169 1406 Κριτὼματος
1185 1326 1372 1404 ἐπικέκληται,

62 1450 98 1507 ἐν
130 1455 166 1531 τῇ
191 1450 225 1508 ἐπ
205 1444 309 1530 αργίοι
326 1447 507 1529 Ποροναςία
530 1453 575 1507 τοῦ
599 1447 676 1526 άγίον
693 1449 798 1524 Νικάτα
817 1453 863 1508 05
878 1451 981 1528 Σέρμα
1005 1452 1050 1508 τοῦ
1067 1449 1192 1524 Γαβαλᾱ,
1215 1451 1261 1507 τοῦ
1284 1445 1323 1518 είς
1342 1449 1373 1506 το

62 1570 253 1650 Καρτεροίπδ
283 1575 330 1630 τοῦ
361 1569 399 1642 είς
429 1591 474 1630 τον
506 1571 763 1648 Μαλαθρέκαμπον,
796 1574 843 1630 τοῦ
872 1571 1000 1650 Σωτῆρος
1028 1571 1183 1650 Χριστοῦ
1172 1591 1201 1628 εν
1232 1576 1265 1651 πῆ
1296 1569 1374 1649 Κρῦᾳ

65 1693 186 1771 Βρῦσει,
210 1697 260 1766 τῆς
285 1691 424 1769 ίίαναγίας
448 1691 630 1767 Ἀνθοῦσης
619 1711 648 1750 εν
671 1697 703 1771 τῆ
729 1692 761 1749 ἐπ
746 1692 890 1774 ,αρχίᾳο
869 1693 971 1771 Σάμου,
1002 1693 1048 1750 τοῦ
1071 1691 1148 1770 ἁγίου
1134 1689 1306 1770 υΓεωργίου
1327 1695 1374 1749 τοῦ

65 1813 270 1890 Βοιλοαμίτου,
295 1817 340 1871 τοῦ
362 1813 452 1888 νησίον
474 1819 523 1888 τῆς
539 1812 708 1892 Ἡρακλείας
730 1811 777 1872 καί
798 1817 845 1872 τοῦ
866 1813 956 1888 νηοίου
976 1818 1024 1887 τῆς
1040 1812 1181 1893 Νικαρίας,
1206 1817 1259 1872 τῶν
1274 1835 1304 1872 τε
1321 1813 1373 1888 ἤδη

66 1938 165 1994 ὄντων
188 1933 309 1994 καὶτῶν
333 1935 467 1994 είσέπειτα
489 1937 751 2014 προσγενησομένων
775 1935 817 2014 ἀν,
842 1937 879 2006 ὡς
902 1935 1035 1994 ἀνέκαθεν
1057 1933 1104 1994 καί
1128 1932 1158 2008 ἐξ
1182 1935 1280 2015 ἀρχῆς,
1305 1935 1373 1993 οῦτω

66 2057 126 2116 καὶ
152 2055 191 2126 είς
213 2060 258 2116 τὀν
280 2055 344 2132 ἑξῆς
367 2059 472 2116 ἅπαντα
486 2060 595 2134 χρόνον,
619 2058 727 2137 ῦπάρχη
742 2055 788 2116 καί
804 2057 921 2134 λέγηται
935 2056 981 2115 καί
998 2057 1072 2136 παρὰ
1087 2059 1194 2116 πάντων
1209 2060 1373 2136 γινώσκηται

68 2181 216 2258 ἡμέτερον
238 2180 432 2256 πατριαρχικῦν
456 2181 698 2256 σταυροπηγιακέν,
723 2179 889 2255 ἀδούλωτον,
913 2178 1131 2256 ἀκαταπάτητον,
1155 2177 1201 2237 καί
1217 2179 1292 2248 ὅλως
1308 2179 1373 2237 ἀνε-

69 2301 217 2377 νόχλητον
240 2301 303 2379 παρ’
317 2301 464 2358 οὑτινοσοῦν
487 2302 630 2379 προσώπου
653 2299 801 2378 ἱερωμένου
823 2303 841 2372 ῆ
861 2301 969 2376 λαῖκοῦ,
993 2303 1229 2374 μνημονευομένου
1255 2301 1282 2358 ἐν
1302 2299 1374 2378 αῦτῷ

70 2427 127 2480 τοῦ
148 2425 290 2480 κανονικοῦ
316 2425 511 2501 πατρικρχικοῦ
533 2421 676 2498 ὀνόματος,
708 2421 773 2498 ἔχον
795 2419 842 2480 καί
865 2425 895 2479 τὀ
917 2413 1062 2502 προνόμιον
1085 2421 1156 2480 κατὰ
1177 2423 1374 2502 πατριαρχικὴν

73 2545 128 2622 ριλ
131 2563 174 2602 οοτ
179 2545 251 2622 μίαν,
276 2546 314 2601 ὥσ
300 2565 345 2602 τε
368 2545 405 2601 τ’
398 2564 412 2598 ι
435 2543 505 2602 κατὰ
528 2543 674 2622 καιροὺς
654 2543 682 2600 ἐν
700 2541 769 2621 αῦτῷ
789 2544 977 2620 ῆγοίιμενον
958 2544 985 2600 ἐν
1001 2546 1059 2614 ταῖς
1077 2541 1245 2622 έορταοίμοις
1259 2545 1376 2625 ἡμέραις

75 2685 157 2745 ρορε.
145 2665 222 2722 ίνέπ
224 2665 404 2738 ’ἐκκλησίαις
428 2665 599 2744 μανοῦκνμ
581 2687 632 2744 πορ
634 2667 758 2744 χειριζέμ
738 2665 1070 2744 μενονκαίπατερίτοαν,
1094 2663 1183 2724 καὶά
1200 2666 1376 2747 μὲνὺπάργη

77 2788 119 2844 ἀπ
110 2787 159 2861 ηλ
160 2787 210 2844 λα
209 2787 326 2864 (μένον
317 2788 406 2860 πάσης
423 2783 572 2866 ἐξαρχικῆς
588 2785 708 2857 ἐξουσίας
724 2809 769 2845 και
762 2785 954 2866 δεσποτείας,
975 2787 1073 2860 βΉ
1015 2788 1095 2845 οέλ
1072 2789 1138 2866 έγῳ
1154 2783 1342 2864 ῦποταγῆςοὶπ
1327 2809 1375 2846 π-ο

78 2907 148 2984 διδῷ
172 2910 234 2966 καθ’
248 2909 361 2966 ἕκαστον
385 2907 444 2976 ἔτος
465 2908 656 2987 ἀπαραιτήτως
673 2912 769 2986 γρέοιοι
788 2911 955 2983 πενπῆκοντοι
971 2911 1043 2986 κτλ,
1068 2907 1091 2966 ε’Ι
1108 2907 1205 2983 μηδείς
1220 2913 1265 2966 τοῦ
1280 2909 1376 2966 λοιποῦ

77 3033 196 3106 γένηται
221 3031 248 3088 ἐν
280 3029 351 3106 αὐτῷ
381 3029 534 3107 ῆγοῦμενος
566 3032 628 3089 ἄνευ
658 3033 821 3109 γράμματος
842 3035 1036 3110 πατριαρχικοῦ
1062 3029 1108 3089 καί
1131 3031 1277 3108 ουνοδικοῦ,
1309 3031 1376 3089 ἀλλ’

81 3152 193 3210 ἐπειδάν
218 3152 334 3210 ἕλωνται
358 3153 437 3210 αῦτέν
459 3146 558 3232 γνώμη
580 3157 655 3232 κοινῆ
672 3151 697 3209 οί
713 3152 930 3230 σογκοινοβιάται
946 3154 1072 3231 πατέρες,
1095 3155 1156 3211 τῦτε
1173 3151 1377 3226 ἀποοτέλλητοιι

78 3275 147 3352 παρ’
161 3271 248 3331 αῦτιῖιν
270 3278 346 3352 κοινῇ
364 3275 547 3352 ἐνυπέγραρος
563 3272 609 3331 καί
625 3274 815 3352 ἐνορράγιοτος
836 3273 956 3354 ἀναρορά
971 3271 1030 3352 περὶ
1048 3279 1096 3348 τῆς
1111 3276 1234 3348 τοιαύτης
1255 3275 1377 3352 ἐκλογῆς

79 3398 150 3475 προς
176 3397 222 3453 τὀν
251 3395 322 3452 κατὰ
351 3395 460 3473 καιροὺς
490 3392 675 3469 οἰκουμενικῦν
705 3399 885 3475 πατριάρχην,
921 3393 966 3453 καί
999 3397 1066 3454 οῦτω
1099 3397 1132 3455 δι’
1151 3397 1377 3472 ἐκκλησιαστικοῦ

80 3521 247 3596 γράμματος
269 3517 479 3576 ἀποκαθιστάται
503 3519 517 3574 5
539 3519 692 3594 ἡγοῦμενος
715 3522 760 3576 τοῦ
784 3519 962 3597 μονασπηρίου
984 3519 1086 3597 τοῦτου,
1111 3522 1307 3595 οημειουμένου
1330 3519 1376 3578 καί

80 3644 129 3698 τοῦ
157 3638 291 3712 ὀνόματος
319 3641 397 3697 αῦτοῦ
421 3640 449 3696 ἐν
472 3637 509 3718 τῷ
534 3639 638 3717 ῥηθέντι
666 3640 796 3713 κώδηκι..
826 3640 930 3718 ἀρείλει
953 3639 984 3699 δέ
1007 3639 1067 3698 κατ’
1082 3641 1142 3712 ἐτος
1165 3639 1377 3713 ἐξαποστέλλειν

82 3761 184 3840 ἀκριβῆ
210 3761 392 3839 ἐνυπάγραρον
415 3759 461 3818 καί
485 3759 674 3838 ἐνσρράγιοτον
697 3762 875 3840 καταγραφὴν
896 3767 949 3820 τῶν
964 3766 1010 3821 τοῦ
1026 3763 1101 3832 ἔτους
1118 3762 1223 3823 ἐκείνου
1239 3783 1376 3838 μοναστη-

83 3887 187 3960 ριακῶν
211 3881 313 3941 ἐσόδων
336 3881 383 3940 καί
406 3880 508 3954 ἐξόδων
531 3883 591 3941 κτλ.
627 3882 711 3942 κατὰ
734 3889 821 3958 μῆνα
844 3887 956 3962 μάίον,
981 3884 1214 3960 ἐπινεμήσεὼς
1236 3891 1377 3966 πρώτης.

189 4007 205 4078 †
234 4003 429 4082 Γρηγῦριος,
462 4003 549 4082 ἐλέῳ
583 4005 659 4062 θεοῦ
686 4004 951 4083 ἀρχιεπίσκοπος
974 4006 1377 4086 Κωνοταντινουπέλεως,

84 4125 177 4196 Νέας
199 4123 337 4202 Ῥώμης,
361 4123 418 4182 καί
441 4123 676 4199 οίκουμενικος
698 4129 950 4207 πατριάρχηςῆ.

85 4247 154 4324 †‘0
178 4246 312 4325 Ἐρέσου
337 4247 535 4324 Σαμουῆλῆ.

85 4375 101 4444 †
119 4369 153 4427 Ὀ
178 4368 380 4447 Ἡρακλείας
405 4369 571 4439 Μελέτιος
586 4373 611 4444 †.

790 4248 825 4306 Ο
850 4247 1103 4326 Θεσσαλονίκης
1127 4249 1351 4328 Γεράοιμοςῆ.

792 4369 826 4429 ‘0
852 4371 874 4427 [ί
882 4372 1021 4450 ροῦσσης
1045 4367 1239 4447 Ἀνθιμοςί.

88 4611 156 4688 †‘0
182 4611 389 4685 Νικομηάίας
414 4613 606 4681 Ἀθανάοιος
623 4617 648 4688 ¹7.

88 4735 154 4812 ΓΟ
179 4731 322 4804 Νικαίας
346 4735 556 4805 Καλλίνικος
572 4739 598 4810 ¹7.

791 4613 827 4670 0
852 4611 935 4672 55¹
906 4633 1018 4693 ριοσης
1041 4615 1251 4691 Διονῦοιοςη.

758 4251 774 4323 ί

760 4375 775 4444 ί

87 4489 154 4566 ῆὈ
178 4491 322 4560 Κυζίκου
346 4489 542 4566 Ἰωακείμη.
760 4495 776 4568 †
793 4493 827 4548 ‘0
851 4491 1042 4572 Νεοκαισαρ
1049 4493 1120 4564 είας
1144 4487 1319 4570 ’1ίοαίαςί.

760 4617 776 4688 ί

761 4739 776 4810 ί

792 4735 913 4815 ΟΕῦρ
921 4735 952 4793 ίπ
933 4757 991 4794 του
1014 4737 1057 4794 ίε
1063 4737 1217 4816 ρῦθεοςῆ.

1138 4859 1172 4906 30
