3222 5284
1302 339 1365 404 381

41 535 238 597 εὑαττάδεκτα
267 536 316 597 καὶ
345 543 379 620 τῆ
409 535 545 620 ὑπερογίᾳ
575 555 626 610 μου
656 537 777 616 θεοτάκῳ
807 542 840 618 τῆ
864 535 1083 616 Κεχαριτωμένη
1113 533 1216 615 καὶτῆ
1245 533 1368 615 ὠφελείᾳ

41 656 135 734 ὑμῶν
163 661 216 720 οὑκ
237 658 322 738 ὀλίγα
344 657 548 720 λυσιτελοῦντα.
590 659 651 733 ὑμῖν
674 657 706 718 δὲ
728 659 758 718 τδ
781 655 847 735 ἑξῆς
871 655 989 732 μελήσει
1011 653 1130 735 φυλάξαι
1157 657 1367 736 ἀπαράθραυστά

43 801 78 839 τε
106 780 165 842 καὶ
189 780 369 862 ἀπεριποίητα
400 782 482 859 μέχρι
505 780 615 858 παντάς,
646 780 726 858 λέγω
749 779 784 854 δὴ
806 781 837 838 τὀ
852 751 1073 859 ἀπαραλείπτως
1095 779 1144 854 τὴν
1166 777 1366 858 παραδοθεῖσαν

45 903 119 978 ὑμῖν
148 903 316 964 ἀκολουθίαν
339 903 463 964 ἐκτελεῖν
487 903 516 962 ἐν
539 903 638 974 πάσαις
660 903 719 974 ταῖς
742 897 875 982 ουνάξεσι,
898 903 928 962 τ“ο
951 901 1092 981 φυλάττειν
1114 901 1201 962 πίστιν
1223 898 1270 960 καί
1284 900 1365 976 τιμήν

44 1025 104 1098 τὴν
144 1027 317 1106 ἁρμόζουσαν
346 1027 406 1097 ταῖς
434 1026 619 1104 προεστώσαις
649 1024 736 1103 ὑμῶν,
765 1025 796 1083 τὺ
827 1023 961 1100 ἀλλήλας
990 1023 1100 1102 ἀγαπᾶν
1128 1021 1175 1083 καὶ
1205 1021 1365 1094 σπουδάζειν

48 1147 184 1222 έκοίο-την
216 1123 335 1222 ἑκάστης
364 1147 493 1226 προέχειν
517 1146 546 1206 ἐν
574 1146 794 1228 μετριοφροσὺνη,
824 1116 967 1222 συμπονεῖν
991 1144 1022 1204 δὲ
1051 1147 1140 1216 πάσας
1171 1144 1366 1219 ἀλλήλοιςέν

49 1275 155 1350 πᾶσιν,
181 1271 220 1342 ώς
243 1271 305 1342 ἑνὺς
321 1269 395 1346 μέλη
419 1271 555 1348 σώματος,
578 1266 625 1328 καὶ
639 1267 674 1328 τά
695 1264 832 1342 ἀλλήλων
848 1263 1023 1347 ἀναπληροῦν
1038 1267 1220 1347 ὑστερήματα,
1246 1268 1284 1342 μὴ
1299 1267 1367 1348 πρδς

51 1391 118 1471 ἔρις
144 1392 243 1472 ὁρμάν,
267 1391 306 1468 μὴ
328 1393 396 1474 πρὺς
418 1390 510 1470 φιλίας
533 1391 664 1470 ἀπρεπεῖς
687 1388 735 1451 καὶ
756 1387 956 1471 παρασυνάξεις
978 1387 1024 1450 καὶ
1045 1389 1191 1470 σχίσματα,
1215 1389 1368 1467 ἀπέχεσθαι

50 1513 306 1593 πρωτοκαθεδρίας
326 1512 374 1574 καὶ
396 1519 450 1574 τῶν
472 1519 610 1589 καομικῶν
632 1514 827 1594 τρατιμήσεων,
850 1513 918 1594 πρὸς
941 1513 970 1570 ἓν
994 1510 1025 1572 δὲ
1049 1511 1131 1588 μάνου
1155 1511 1230 1593 δρᾶν,
1252 1513 1283 1571 τδ
1300 1512 1366 1570 ἐνα-

54 1637 152 1714 ρέτως
175 1637 225 1712 ζῆν
252 1635 381 1710 δηλονότι
403 1634 449 1696 καὶ
476 1635 666 1698 πολιτεὺεσθαι
689 1634 735 1696 καὶ
765 1635 853 1712 μηδὲν
881 1635 966 1714 ἀλλο,
998 1632 1023 1694 εἰ
1045 1634 1166 1712 δυνατάν,
1198 1633 1366 1707 ἀναπνεῖνή

53 1757 152 1835 λόγον
177 1760 308 1838 σωτήριον
330 1756 376 1818 καί
398 1762 452 1818 πᾶν
474 1759 504 1818 τδ
528 1756 568 1830 εἰς
591 1755 739 1833 οἰκοδομὴν
766 1759 902 1835 τυγχάνον
924 1760 1016 1834 ψυχῆς
1037 1753 1083 1815 καὶ
1107 1755 1253 1834 ὠφέλειαν.
1299 1756 1367 1835 πρδς

55 1881 170 1952 τούτοις
201 1877 330 1958 ἐξορίζειν
361 1879 404 1960 ἀφ’
418 1880 492 1956 ὑμῶν
522 1881 639 1939 πάντων.
652 1885 706 1940 τῶν
735 1883 829 1938 κακῶν
858 1877 907 1953 τήν
934 1879 1035 1956 πηγήν,
1068 1877 1117 1954 τήν
1147 1875 1366 1958 φιλοχρηματίαν

55 2001 155 2080 λέγω,
187 1999 234 2060 καὶ
257 2003 287 2060 το
316 2001 543 2080 πᾳρακερδαίνειν
567 2001 619 2062 ἀπδ
641 2005 691 2078 τῆς
722 2003 848 2076 μονῆςή
881 2000 1042 2080 ἑτέρουτοῦ
1072 1997 1238 2073 οῖουδήτινος
1267 1999 1366 2078 τρόπον

57 2123 112 2182 καὶ
143 2124 301 2184 ἀπατιθέναι
323 2122 370 2182 καὶ
400 2121 568 2203 θησαυρίζειν
599 2123 666 2203 άχρι
692 2120 739 2183 καί
765 2127 811 2183 τοῦ
840 2124 979 2202 τυχόντος,
1011 2116 1085 2202 ἐνῷ
1108 2121 1146 2197 μὴ
1178 2119 1365 2195 εὑδὺκησενή

58 2251 237 2326 προεστῶτα,
262 2247 332 2320 μήτε
355 2245 369 2304 ὁ
386 2244 476 2316 δοθεὶς
490 2246 552 2320 ὑμῖν
566 2245 658 2305 κανών
681 2247 880 2326 συνεχώρησεν,
904 2246 935 2305 οὑ
959 2245 1012 2320 μὴν
1033 2242 1100 2304 ἀλλ’
1113 2242 1171 2304 οὔδ’
1185 2239 1215 2314 ἐξ
1231 2241 1367 2316 ἀμελείας

60 2365 80 2440 ἤ
106 2387 181 2439 τινος
212 2368 309 2448 ἑτέρας
338 2371 566 2448 καταφρονήσεως
590 2368 638 2428 ἐάν
660 2389 684 2428 τι
707 2373 760 2428 τῶν
782 2373 832 2443 τῆς
855 2372 942 2443 μονῆς
963 2366 1208 2448 παραπόλλυσθαι·
1229 2359 1289 2424 ἴσον
1312 2362 1367 2442 γὰρ

61 2487 114 2547 καὶ
136 2493 214 2549 τοῦτο
236 2488 276 2570 τῷ
298 2491 431 2570 προτέρῳ,
454 2491 506 2550 κάν
528 2511 554 2549 τι
577 2489 711 2569 διαφέρειν
734 2489 813 2572 δοκῆ,
837 2487 948 2564 καὶτῆς
968 2487 1028 2564 ἴσης
1052 2489 1153 2566 ένοχῆς
1166 2486 1242 2566 παρὰ
1256 2484 1296 2562 τῷ
1311 2482 1366 2563 θεῷ

63 2609 210 2692 πρόξενον,
239 2611 289 2686 τήν
317 2611 478 2691 παρρησίαν,
507 2612 556 2687 ὑση
580 2608 703 2686 δὺναμις,
736 2610 895 2688 ἐκκοπτέον,
924 2607 971 2669 καὶ
994 2609 1037 2668 ἵνα
1059 2609 1182 2670 συνελών
1206 2607 1285 2688 εἴπω,
1312 2611 1365 2666 πᾶν

65 2735 80 2790 ἀ
98 2734 138 2808 μή
156 2732 198 2810 εἴη
214 2735 282 2813 πφδς
297 2733 440 2812 σωτηρίαν,
465 2731 637 2794 ἐκδιωκτέον.
662 2732 700 2809 μή
717 2730 772 2812 οὑν,
796 2729 819 2792 ώ
834 2730 993 2808 τιμιώτατοί
1008 2751 1060 2806 μου
1076 2731 1205 2810 μητέρες,
1229 2729 1367 2806 μηδαμῶς

65 2855 100 2913 τὰ
123 2855 283 2930 βλάπτοντα
312 2857 532 2935 προτιμήσωμεν,
565 2853 653 2914 τὰδὲ
684 2855 803 2925 σώζοντα
834 2851 1073 2934 παραδράμωμεν·
1103 2852 1166 2912 οὑδὲ
1189 2853 1243 2930 γάρ
1265 2872 1289 2910 τι
1311 2855 1365 2909 τῶν

65 2977 277 3058 παραδοθέντων
300 2978 361 3053 ὑμῖν
384 2977 515 3038 ἀδὺνατον
537 2980 555 3051 ῆ
579 2975 809 3056 δυσιαθὺρθωτον.
842 2973 866 3034 εἰ
882 2973 913 3034 δὲ
928 2974 976 3034 καί
990 2995 1014 3034 τι
1035 2975 1134 3034 τοὺτων
1158 2972 1224 3045 ἴσως
1246 2977 1365 3033 τοιοῦτον

65 3101 212 3178 νομίζοιτο,
243 3099 311 3160 ἀλλ’
330 3099 539 3177 ἀγωνισώμεθα,
570 3097 637 3158 ἀλλ’
650 3097 850 3177 ὑπομείνωμεν,
882 3096 959 3156 ἀλλά
987 3098 1209 3177 καρτερήσωμεν,
1240 3095 1364 3174 φέρωμεν

65 3221 211 3300 γενναίως,
236 3219 395 3296 βιαζώμεθα
418 3223 514 3302 μικρὸν
537 3221 649 3290 ἑαυτάς·
675 3221 705 3280 οὑ
719 3219 773 3299 γὰρ
793 3219 914 3290 ἀνέσεως
930 3219 1011 3278 ἕνεκα
1026 3215 1073 3278 καὶ
1088 3222 1186 3298 τρυφῆς
1201 3217 1246 3277 τδν
1262 3219 1365 3291 κόσμον

65 3343 243 3421 κατελίπετε,
267 3340 345 3403 ἀλλά
367 3343 486 3420 σπουδῆς
509 3341 556 3402 καί
576 3343 684 3420 ἀγῶνος
699 3343 729 3401 τδ
745 3335 823 3402 κατὰ·
838 3339 950 3416 δὺναμιν
965 3341 1032 3421 πρὸς
1047 3341 1077 3399 τδ
1092 3342 1183 3418 πιχεῖν
1198 3343 1252 3398 τῶν
1268 3339 1297 3398 ἐν
1314 3339 1365 3399 ἐπ-

67 3465 217 3546 αγγελίαις
239 3465 359 3544 ἀγαθῶν.
392 3465 553 3541 βιασώμεθα
567 3462 613 3524 οὑν
630 3465 739 3541 ἑαυτάς,
764 3463 935 3538 βιασώμεθα·
958 3460 1078 3544 ,βιαστὴ
1093 3464 1147 3542 γάρ
1161 3461 1234 3546 Ιἐστιν
1249 3462 1266 3536 ή
1283 3461 1365 3534 βασι-

67 3584 132 3647 λεία
156 3593 211 3647 τῶν
234 3589 354 3667 οὐρανῶν
369 3585 416 3648 καὶ
433 3583 545 3660 ,βιασταὶ
562 3586 721 3666 ἁρπάζουσιν
737 3583 852 3659 αὑτήν.“
884 3581 974 3656 οὑδεὶς
989 3583 1102 3659 ἀμελῶν
1119 3583 1215 3660 ἔστησε
1230 3583 1365 3663 τρόπαιον,

68 3707 157 3780 οὑδεῖς
179 3708 324 3770 ὑπνώττων
346 3707 395 3769 καὶ
417 3709 581 3788 ὀνειρώττων
604 3709 650 3768 τὀν
674 3708 769 3767 ἑαυτοῦ
791 3705 926 3782 πολέμιον
950 3705 1132 3786 ἐτραπώσατο.
1165 3703 1276 3764 ἐκείνων
1300 3701 1366 3764 εἰσὶν

68 3831 91 3890 οῖ
114 3833 240 3912 στέφανοι
260 3829 308 3904 καὶ
330 3830 366 3891 τά
386 3833 510 3912 τρὺπαια,
533 3835 586 3890 τῶν
606 3831 773 3910 κοπιώντων,
795 3833 850 3888 τῶν
866 3829 1085 3908 ἀγωνιζομένων,
1107 3833 1162 3888 τῶν
1177 3827 1365 3902 ὑπομενόντων

68 3953 99 4012 τὰ
124 3954 235 4014 ἐκτῶν
258 3953 373 4032 ἀγώνων
395 3953 549 4028 ποιήματα.
585 3946 653 4032 ,,διά
675 3951 790 4011 πολλῶν
813 3949 943 4031 θλίψεων,
966 3948 1044 4030 φησὶν
1067 3950 1082 4007 ὁ
1104 3950 1204 4030 κὺριος,
1228 3949 1271 4009 δεῖ
1292 3951 1366 4025 ἡμᾶς
1435 4007 1438 4013 ,

70 4074 205 4138 εἰσελθεῖν
230 4073 269 4148 είς
290 4077 339 4151 τὴν
363 4074 506 4148 βασιλείαν
529 4080 582 4134 τῶν
605 4073 761 4154 οὑρανῶν.“
789 4071 875 4133 τοίνυν
897 4071 1054 4152 παρακαλῶ
1069 4073 1159 4143 πάσας
1175 4072 1245 4146 ὑμᾶς
1260 4067 1366 4150 ,ἀξίως

69 4198 218 4279 πορεύθητε
244 4204 293 4273 τῆς
319 4197 449 4272 κλήσεως
480 4197 564 4272 ὑμῶν.
610 4197 801 4276 παραστήσατε
824 4193 858 4254 τά
884 4197 1000 4270 σώματα
1021 4193 1097 4268 ὑμῶν
1120 4194 1186 4272 ἅγια
1207 4189 1246 4266 τῷ
1268 4191 1364 4272 κυρίῳ·
1430 4257 1434 4264 ,

70 4319 194 4396 ἀγαπᾶτε
225 4317 368 4398 ἀλλήλας,
400 4315 498 4390 καλῶς
527 4317 640 4398 τρέχετε
662 4319 707 4376 τον
736 4316 916 4396 προκείμενον
944 4315 1005 4391 ὑμῖν
1035 4314 1162 4393 ἀγῶνα.“
1208 4315 1257 4374 ὅσα
1279 4313 1365 4395 καλά,

71 4441 118 4500 ὅσα
141 4439 267 4520 θεοφιλῆ,
299 4444 383 4500 ταῦτα
405 4440 560 4518 λογίζεσθε,
591 4438 766 4515 ἀήκοὺσατε
787 4435 835 4498 καί
859 4437 987 4516 ἐμάθετε,
1017 4439 1102 4496 ταῦτα
1122 4439 1208 4498 ποιεῖν
1231 4435 1271 4512 μὴ
1294 4419 1365 4495 ἀπὺἕ

71 4564 183 4642 σχησθε,
216 4564 334 4643 μητέρες
356 4563 441 4644 ἅγιαι,
472 4561 487 4618 ὑ
510 4563 605 4642 καιρδς
635 4561 851 4635 συνεσταλμένος
881 4559 946 4640 ἐστί,
979 4559 1167 4635 μνημονεύετε
1190 4562 1243 4617 τῶν
1272 4547 1377 4636 ψυχῶν

72 4684 152 4759 ὑμῶν.
198 4683 277 4743 ἀλλά
304 4683 358 4764 γὰρ
389 4681 566 4744 ἐπιλαθέσθαι
598 4683 675 4742 ἔοικα
705 4682 826 4758 ἐμαυτῆς
855 4685 964 4742 τοιαῦτα
994 4680 1168 4756 διανοηθεῖσα
1197 4680 1268 4758 ὑμῖν,
1299 4681 1365 4756 αὑτη
