3222 5284
179 345 243 410 348

180 540 291 618 λοντας,
315 532 355 611 οῖς
378 539 528 617 ἀναγκαῖόν
551 539 621 598 ἐστιν
644 537 710 610 ἴσως
731 537 778 598 καί
800 539 937 618 χρειῶδες
959 541 1071 600 θεᾶσθαι
1094 539 1168 619 παρὰ
1191 547 1241 615 τῆς
1256 541 1491 616 καθηγουμένης,

181 661 231 722 ούκ
254 661 363 721 ἐ’νδοθεν
385 667 435 738 τῆς
458 666 544 737 μονῆς
567 662 741 739 ἐντυγχάνειν
761 662 844 744 ταύτῃ
860 661 1029 743 βουλόμεθα,
1053 662 1120 722 ἀλλ’
1134 660 1308 734 ἐξελεύσεται
1324 664 1392 736 αύτη
1409 656 1492 736 μετὰ

181 783 227 843 δύο
250 786 268 858 ή
292 782 339 844 καί
361 789 442 864 τριῶν
464 790 557 863 γραῶν
579 791 633 842 τῶν
656 783 862 864 εύλαβεστὲρων
886 785 951 862 ἄχρι
973 789 1018 844 τοῦ
1035 784 1088 844 ἔσω
1103 784 1229 855 πυλῶνος
1243 783 1290 843 καί
1306 779 1410 857 μεταξύ
1427 787 1490 842 τῶν

181 906 227 965 δύο
249 905 382 965 πυλώνων
399 903 551 977 ἐπεύξεται
567 908 623 978 τοῖς
635 906 865 984 παραγινομένοις
880 905 926 965 καί
943 906 1073 986 ρροντίσει
1088 912 1141 965 τῶν
1156 913 1205 981 τῆς
1221 909 1317 983 μονῆς,
1342 899 1390 964 εἰτ’
1403 902 1489 974 αὖθις

182 1025 221 1098 εἰς
243 1029 291 1102 τήν
308 1029 392 1103 μονὴν
417 1027 569 1107 ἐλεύσεται,
592 1027 694 1102 ἀβατον
716 1027 814 1104 ταύτην
837 1027 1007 1107 φυλάττουσα
1022 1027 1159 1108 ἀνδράσιν,
1183 1029 1221 1098 ὡς
1237 1026 1350 1107 εἴρηται.
1382 1025 1488 1085 ἐὰνδὲ

180 1150 219 1224 μὴ
242 1146 261 1231 ᾖ
285 1149 440 1227 ἐπάναγκες
464 1150 554 1230 ἔργον,
578 1150 613 1210 δι’
627 1152 641 1208 δ
658 1149 760 1225 μέλλει
777 1148 937 1230 ἐξὲρχεσθαι
953 1148 999 1210 καί
1014 1151 1188 1228 ἐντυγχάνειν
1203 1151 1260 1221 τοῖς
1275 1148 1486 1227 εἰσβάλλουσιν,

180 1271 223 1329 ἵνα
247 1271 285 1346 μὴ
309 1268 464 1350 ἐξέρχηται,
493 1271 617 1331 ἀλλ’ἵνα
639 1273 884 1350 ύπομιμνήσκηται,
909 1271 963 1331 εἴτε
985 1271 1060 1352 παρὰ
1081 1275 1127 1331 τοῦ
1150 1269 1302 1352 οἰκονόμου,
1327 1271 1381 1332 εἰτε
1402 1273 1488 1351 παρὰ
1574 1305 1578 1312 .

181 1397 226 1450 τοῦ
255 1393 447 1472 πρεσβυτέρου,
478 1392 525 1452 καί
548 1395 563 1452 ό
593 1392 669 1453 δοκεῖ
699 1395 831 1474 συμφέρον
854 1393 1030 1470 οἰκονομῆσαι
1041 1391 1063 1476 ¹)
1090 1393 1154 1473 παρ’
1171 1395 1264 1470 αύτής.
1310 1392 1333 1454 εἰ
1357 1394 1388 1454 δέ
1408 1397 1485 1473 γυνὴ

180 1516 247 1594 πρός
262 1515 327 1573 θέαν
343 1516 426 1590 αύτής
442 1512 481 1586 εἰς
496 1514 545 1590 τὴν
561 1515 647 1590 μονὴν
670 1515 798 1594 ἀφίκοιτο,
822 1518 968 1597 τῇγνῶμη
986 1516 1082 1590 ταύτης
1096 1516 1127 1574 τδ
1142 1521 1258 1595 πρᾶγμα
1280 1515 1482 1591 ἀναιιθέοιμεν·

182 1637 211 1694 ού
226 1631 280 1715 γάρ
296 1635 329 1695 ἀν
344 1635 418 1716 παρὰ
434 1636 496 1708 τούς
513 1633 674 1712 ἀσκητικούς
696 1639 815 1708 κανόνας
838 1637 885 1712 τήν
907 1634 1022 1709 ἔντευξιν
1044 1638 1210 1712 ποιήσασθαι
1233 1636 1387 1712 ὑπομείνειε
1409 1640 1485 1716 προς

181 1757 229 1830 τήν
258 1753 360 1829 ἔξωθεν
382 1757 627 1836 παραβάλλουσαν,
664 1757 689 1818 εἰ
712 1758 743 1818 δέ
765 1779 806 1828 τις
827 1765 880 1818 τῶν
905 1758 956 1838 βίῳ
978 1758 1070 1838 σεμνῷ
1092 1759 1309 1833 κεκοσμημένων
1331 1765 1484 1836 γυναικοῖν,

180 1885 318 1954 κοσμικῶν
341 1883 358 1954 ἢ
390 1885 548 1958 μοναχικῶν
580 1881 633 1940 ἀτιδ
655 1885 709 1940 τῶν
733 1877 788 1953 ἔξω
812 1880 856 1939 διὰ
879 1880 927 1956 τἠν
950 1886 1004 1939 τῶν
1027 1881 1055 1940 ἐν
1084 1880 1150 1962 αύτῇ
1182 1880 1358 1955 ἀειρομένων
1389 1901 1483 1956 μονα-

181 2004 283 2072 ζουσῶν
314 1998 413 2080 ἀρετὴν
436 2003 548 2077 θελήσει
570 2001 743 2083 παραβαλεῖν
765 2009 798 2084 τῇ
822 2009 903 2084 μονῇ,
935 2002 965 2060 οἰι
987 2002 1178 2090 κωλυθήσεται
1200 2005 1377 2082 παντάπασιν,
1410 2003 1483 2062 ἀλλ’

182 2122 366 2184 εἰσελεύσεται
390 2124 418 2183 ἐν
442 2127 508 2205 αύιῄ
523 2121 669 2205 προστάξει
683 2130 732 2200 τής
747 2125 957 2202 καθηγουμένης
972 2122 1018 2184 καὶ
1034 2125 1251 2184 συνεστιασθεῖσα
1266 2127 1325 2195 ταῖς
1342 2127 1485 2202 μοναραῖς

180 2245 247 2322 πρός
270 2219 393 2325 ἑσπέραν
409 2247 589 2326 ύποχωρήσει.
622 2244 644 2305 εἰ
669 2245 699 2305 δὲ
722 2245 849 2320 βούλοιτο
872 2249 889 2321 ή
912 2247 1127 2326 προσβάλλουσα
1149 2245 1196 2306 καὶ
1217 2245 1368 2323 ἀναγκαῖον
1383 2248 1485 2323 ήγοῖτο
1521 2263 1532 2277 ·

182 2369 272 2442 μεῖναι
295 2368 324 2426 ἐν
347 2374 379 2448 τῇ
404 2374 484 2451 μονῇ,
509 2368 692 2446 ἐγκαταμενεῖ
715 2368 744 2427 ἐν
764 2369 830 2450 αὐτῇ
854 2366 950 2448 καίτῇ
971 2367 1081 2449 ἐπιούσῃ
1104 2369 1195 2449 ἡμέρᾳ
1218 2367 1402 2448 ύποχωρήσει.
1434 2367 1487 2426 καὶ

181 2491 257 2548 τοῦτο
280 2491 424 2568 γενήσεται
448 2487 521 2561 ἅπαξ
539 2493 557 2564 ἢ
578 2487 620 2560 δὶς
634 2492 680 2548 τοῦ
701 2490 822 2550 ἐνιαυτοῦ
845 2491 885 2568 ἐρ’
899 2491 1008 2572 ἑκάστῃ,
1017 2497 1070 2548 τῶν
1093 2489 1334 2570 παραβαλλουσῶν
1350 2488 1485 2564 εἰιλαβῶν

181 2617 326 2689 γυναικῶν.
358 2609 386 2668 αῖ
408 2607 509 2670 τουτονὶ
531 2611 577 2670 τὀν
600 2611 698 2688 τρόπον
720 2612 942 2691 παραγενόμεναι
966 2611 1112 2671 ἀνάπαυσιν
1136 2609 1240 2683 έξουοιν
1258 2611 1286 2670 ἐν
1301 2609 1340 2688 τῷ
1360 2611 1484 2686 πλησίον

131 2734 135 2741 ’
181 2737 226 2792 τού
248 2731 376 2804 πυλῶνος
397 2733 539 2810 γενομένῳ
562 2729 760 2812 ἀρρονταρικίῳ
782 2731 829 2792 καί
852 2733 898 2792 διὰ
912 2737 959 2792 τού
975 2732 1064 2792 ἐκεῖσε
1087 2733 1220 2812 παρόντος
1244 2733 1402 2807 διαβκτικού
1418 2731 1483 2792 εἰσ-

183 2854 341 2914 ελεύσονται
363 2854 410 2912 καί
434 2850 624 2925 ἐξελεύσονται
647 2854 676 2912 ἐν
698 2860 731 2934 τῇ
755 2860 836 2936 μονῇ.

286 2977 365 3054 Κερ.
383 2973 432 3051 ιη’.
458 2973 539 3055 Περὶ
561 2979 615 3034 τοῦ
637 2975 725 3056 παρά
748 2975 835 3047 τίνος
855 2973 906 3034 δεῖ
925 2975 1078 3054 γίνεσθαι
1093 2976 1150 3047 τάς
1169 2975 1486 3062 προχειρίσειςτῶν

183 3098 422 3176 διακονητριῶν
445 3095 602 3169 καὶπῶς·
629 3099 726 3156 Πατῶν
751 3097 781 3157 δὲ
804 3096 858 3156 τῶν
874 3103 922 3173 τῆς
945 3103 1031 3174 μονής
1055 3098 1249 3177 διακονητριῶν
1272 3097 1320 3172 τὴν
1343 3095 1486 3178 πρόκρισίν

182 3241 212 3278 τε
235 3217 281 3278 καὶ
303 3218 468 3298 προχείρισιν
490 3221 507 3293 ή
530 3220 724 3296 καθηγουμένη
749 3219 823 3278 ἔσται
850 3223 963 3278 ποιοῦσα
985 3219 1056 3278 κατὰ
1078 3222 1191 3298 γνώμην
1215 3217 1318 3278 οἰκείαν
1341 3218 1389 3278 καί
1411 3241 1486 3298 προ-

184 3340 309 3420 κρίνουσα
333 3340 379 3399 καὶ
401 3343 643 3421 προχειριζομένη·
669 3341 761 3410 όσάκις
776 3340 829 3420 γάρ
846 3343 877 3399 ἀν
895 3341 980 3422 δεήση
999 3339 1220 3421 προχειρισθῆναί
1234 3361 1293 3399 τινα
1308 3339 1349 3412 εἰς
1370 3342 1486 3400 όπσιαν-

184 3433 228 3522 σύν
253 3459 402 3542 διακονίαν,
434 3462 460 3520 αἰ
491 3461 602 3534 κλεῖδες
625 3461 675 3538 μὲν
698 3462 749 3540 πρό
772 3466 817 3522 τού
845 3461 917 3542 ἱεροῦ
944 3463 1101 3536 τεθήσονται
1130 3461 1255 3537 βήματος
1282 3461 1330 3521 καί
1351 3463 1387 3522 τά
1409 3464 1487 3544 παρὰ

182 3591 230 3660 τῆς
252 3585 376 3660 τοιαύτης
399 3583 536 3653 διακονίας
560 3584 670 3662 ῥήματα
692 3583 737 3642 σὺν
760 3584 853 3655 αύτοιῖς
876 3584 909 3642 ἐκ
923 3589 969 3644 τοῦ
992 3585 1125 3664 παρόντος
1140 3587 1248 3644 τυπικού
1263 3589 1313 3659 τής
1337 3583 1486 3657 βασιλείας

183 3729 234 3782 μου
258 3707 538 3782 μεταλαμβανόμενα.
585 3704 720 3784 τρισαγίσυ
744 3706 775 3765 δέ
797 3707 947 3784 γενομένου
974 3707 1184 3786 προσελεύσεται
1207 3709 1225 3783 ή
1249 3704 1288 3778 εἰς
1310 3707 1360 3780 τὴν
1385 3706 1485 3766 διακο-

183 3827 241 3887 νίαν
266 3828 448 3908 ἀρορισθεῖοα,
472 3825 558 3907 τρίτον
581 3847 611 3886 τε
633 3828 858 3906 γονυκλινήσασα
880 3826 927 3886 καί
942 3827 991 3900 τὰς
1006 3827 1086 3899 κλεῖς
1109 3825 1235 3906 εἰληφυῖα
1258 3827 1400 3888 ύποκλινεῖ
1415 3828 1487 3902 μετὰ

183 3955 260 4009 τούτο
290 3959 322 4031 τῇ
354 3951 549 4032 καθηγουμένη
580 3949 628 4024 τήν
658 3947 793 4028 κεφαλήν,
824 3949 954 4029 πρότερον
983 3954 1102 4009 πεσοῦσα
1132 3949 1207 4030 παρὰ
1236 3949 1297 4020 τούς
1323 3949 1413 4019 πόδας
1434 3956 1486 4024 τῆς

184 4073 394 4148 καθηγουμένης
416 4070 464 4130 καί
487 4068 633 4131 ἀναστᾶσα.
679 4072 697 4144 ή
721 4069 752 4129 δέ
775 4073 970 4150 προχειριεῖται
992 4071 1100 4151 ταύτην,
1125 4071 1272 4131 ἐπειποιῖσα
1294 4068 1411 4130 τάδετὰ
1428 4071 1482 4151 ῥή-

186 4211 273 4270 ματα·
298 4195 336 4274 πθ
359 4193 543 4273 ύπεράμωμος
565 4191 612 4252 καὶ
627 4193 845 4273 Κεχαριτωμένη
870 4194 999 4264 θεοτόκος
1022 4193 1139 4271 ἀφορίζει
1163 4213 1193 4252 σε
1217 4191 1257 4265 εἰς
1271 4192 1320 4268 τὴν
1344 4191 1483 4252 διακονίαν

185 4316 298 4392 τήνδείί.
331 4315 360 4374 ἐν
385 4317 476 4390 μέντοι
497 4317 557 4387 ταῖς
581 4315 739 4396 διακονίαις,
763 4307 807 4386 αῖς
830 4317 859 4375 οὺ
882 4317 1001 4394 πρόσεισι
1023 4314 1147 4395 κλεῖδες,
1171 4315 1329 4394 ἀρκέσουσιν
1354 4313 1394 4386 εἰς
1413 4335 1484 4394 προ-

185 4438 298 4518 χείρισιν
321 4437 355 4496 τὰ
376 4438 450 4516 παρά
472 4444 521 4512 τῆς
544 4438 754 4516 καθηγουμένης
787 4437 974 4516 ἐπιλεγόμενα
1002 4443 1051 4512 τῆς
1080 4437 1275 4516 πραγειρίσεως
1306 4437 1417 4516 βήματα
1438 4435 1487 4495 καί

290 4700 310 4766 ¹)
329 4696 489 4764 οἰκονομεῖται
509 4699 543 4749 Μ.
