3486 5282
323 362 387 428 222

323 557 470 630 ουνοδικῶς
500 557 572 632 μετὰ
600 563 654 618 τῶν
683 555 745 640 περὶ
774 559 848 636 ἡμᾶς
878 557 1031 637 ίερωτάτων
1059 555 1210 640 ἀρχιερέων
1236 558 1283 620 καί
1313 561 1476 642 ύπερτίμων,
1513 566 1575 620 τῶν
1607 559 1632 616 ἐν

323 680 393 760 ἁγίῳ
415 679 546 756 πνεύματι
569 680 719 760 ἀγαπητῶν
741 683 820 756 ἡμῶν
845 679 972 761 ἀδελφῶν
994 679 1041 742 καὶ
1064 681 1292 762 συλλειτουργῶν,
1322 681 1367 742 ἵνα
1387 682 1419 742 τδ
1441 682 1633 760 μοναπήρτοι

322 806 399 863 τοῦτο
429 801 500 877 μετὰ
529 807 582 862 τῶν
613 802 740 882 ἀνωτέρω
770 803 1002 882 ἀπηριθμημένων
1034 803 1170 881 μετοχίων
1202 805 1282 864 οῦτοῦ
1302 801 1349 863 καί
1373 803 1444 878 μετὰ
1466 807 1520 864 τοῦ
1548 803 1634 882 ἐντὴ

239 990 243 997 ,
323 925 397 1004 νήσῳ
420 924 572 1003 Ἀντιγόνου
602 923 780 1004 μοναοτηρίου
809 928 855 986 τοῦ
885 923 963 1004 άγίου
986 912 1133 1006 Γεωργίου,
1164 925 1272 1006 Καρύπι
1303 923 1520 1006 ἀπολεγομένου,
1557 925 1634 995 ὄντος

323 1046 450 1108 κάκείνου
480 1047 608 1125 μετόχιον
634 1049 681 1108 τσῦ
709 1047 887 1127 μοναστηρίου
910 1047 1001 1108 τούτου
1023 1021 1095 1108 κατά
1115 1049 1146 1107 τδ
1169 1045 1214 1106 ἐπὶ
1235 1051 1281 1107 τοῦ
1303 1047 1635 1129 προπατριαρχεύσαντος

324 1163 461 1247 Νεσφύτου
482 1170 676 1250 πάτριορχικδν
700 1169 837 1230 ουνοδικόν
861 1169 1038 1248 σιγιλλιῶδες
1059 1171 1177 1249 γράμμα
1197 1167 1245 1228 καί
1268 1169 1339 1245 μετά
1359 1175 1409 1243 τὴς
1432 1170 1461 1230 ἐν
1483 1167 1531 1248 τῷ
1549 1169 1635 1246 Βλάχ

324 1292 449 1372 Σεραγίιρ
472 1297 521 1369 τῆς
543 1292 857 1364 Κωνοταντινουπόλεως
878 1292 950 1352 κατὰ
971 1293 1017 1352 τδν
1039 1291 1137 1370 Ταχτά
1157 1291 1265 1373 Μιναρὲ
1288 1286 1440 1368 ἐκκλησίαις
1462 1298 1517 1368 τὴς
1544 1293 1633 1370 ύπερ-

326 1413 406 1494 αγίας
437 1414 580 1490 δεσποίνης
608 1416 687 1490 ἡμῶν
717 1415 845 1474 θεοτόκου
874 1408 946 1474 κατὰ
975 1413 1009 1474 τά
1037 1411 1100 1494 περὶ
1125 1415 1218 1474 τούτου
1245 1413 1451 1495 πανέκλαμπρα
1478 1412 1635 1473 αὐθεντικά

324 1534 519 1616 χρυσόβουλλα
546 1533 592 1596 καὶ
620 1536 690 1612 μετὰ
710 1540 758 1596 τοῦ
780 1537 915 1613 νεωνήτου
938 1535 1067 1614 μετοχίου
1089 1539 1136 1596 τοῦ
1159 1535 1228 1612 Ἀλὴ
1251 1536 1382 1613 Τσελεπῆ
1405 1536 1476 1611 μετά
1497 1541 1558 1611 τῆς
1583 1535 1634 1594 έκ-

324 1657 442 1735 κλησίας
466 1658 545 1717 αύτοῦ
567 1656 614 1718 καὶ
637 1658 708 1732 μετὰ
729 1659 837 1719 πάντων
859 1663 913 1717 τῶν
935 1658 1040 1718 λοιπῶν
1062 1661 1207 1734 κτημάτων
1229 1655 1277 1718 καὶ
1295 1655 1463 1740 πραγμάτων
1479 1659 1572 1718 αῦτσῦ
1588 1655 1633 1716 κού.

326 1781 520 1860 ἀφιερωμάτων
542 1785 658 1856 κινητῶν
681 1801 709 1839 τε
731 1778 778 1840 καὶ
801 1780 945 1860 ἀκινήτων,
968 1785 1021 1840 τῶν
1036 1801 1066 1840 τε
1081 1779 1136 1855 ἡδη
1152 1780 1236 1840 όντων
1250 1778 1298 1840 καὶ
1312 1785 1366 1840 τῶν
1383 1778 1524 1840 εἰσέπεπα
1540 1799 1632 1860 προσ-

325 1905 518 1981 γενησομένων
542 1904 584 1984 ἀν,
607 1903 646 1974 ὡς
669 1899 801 1962 ἀνέκαθεν
823 1900 870 1961 καί
888 1899 918 1974 ἐξ
934 1901 1033 1982 ἀρχῆς,
1057 1902 1125 1962 οθτω
1141 1900 1189 1962 καὶ
1204 1901 1244 1974 εἰς
1259 1903 1305 1962 τδν
1320 1901 1386 1978 έξὴς
1402 1903 1511 1962 ἅπαντα
1527 1903 1632 1981 χρόνον

326 2027 435 2108 ύπάρχη
457 2023 504 2085 καὶ
518 2026 636 2105 λέγηται
652 2024 698 2084 καὶ
713 2026 788 2105 παρὰ
803 2026 910 2084 πάντων
925 2027 1091 2102 γινώσκηται
1105 2026 1239 2104 ἡμέτερον
1254 2025 1449 2104 πατριαρχικδν
1464 2043 1630 2102 σταυροπη-

326 2149 431 2226 γιακόν,
455 2147 622 2228 ἀδούλωτον,
646 2147 854 2237 ἀκαταπάτητσν
876 2144 923 2206 καὶ
946 2145 1021 2217 ὅλως
1041 2145 1227 2224 ἀνενόχληπον
1241 2147 1306 2226 παρ’
1316 2145 1464 2206 ούτινσοσῦν
1478 2147 1631 2226 προσώπου

325 2267 474 2349 ἱερωμένου
496 2272 514 2343 ἡ
537 2269 645 2348 λαϊκοῦ,
669 2269 908 2344 μνημονευομένου
932 2267 961 2327 ἐν
977 2266 1049 2346 αύτῷ
1064 2271 1110 2328 τοῦ
1125 2271 1269 2328 κανονικοῦ
1282 2272 1462 2348 παριαρχικοῦ
1477 2267 1629 2342 ὀνόματος,

328 2391 393 2468 ἕχον
415 2389 462 2450 καὶ
483 2392 627 2470 προνόμιον
650 2388 697 2450 καὶ
719 2389 918 2470 πατριαρχικὴν
941 2387 1104 2470 φιλοτιμίαν,
1128 2391 1198 2450 ὥστε
1220 2390 1265 2449 τόν
1287 2389 1358 2450 κατά
1379 2389 1490 2468 καιρούς
1506 2389 1538 2448 ἐν
1557 2387 1630 2464 αύτῷ

327 2512 480 2590 ἡγούμενον
507 2511 535 2570 ἐν
557 2513 616 2582 ταῖς
639 2509 810 2591 ἑορτασίμοις
833 2511 950 2591 ἡμέραις
976 2515 1066 2592 φορεῖν
1090 2509 1133 2572 ἐπ’
1145 2511 1295 2588 ἐκκλησίας
1318 2510 1449 2590 μανδύαν,
1478 2530 1629 2591 προχειρι-

328 2635 443 2709 ζόμενον
465 2631 512 2692 καὶ
535 2632 705 2714 πατερίτζαν.
751 2633 955 2712 ἀποφαινόμεθα
978 2633 1010 2693 δὲ
1032 2631 1135 2694 καὶτὰ
1157 2631 1270 2712 ἑφεξῆς·
1301 2631 1345 2692 ἵνα
1367 2638 1472 2712 πρῶτον
1496 2634 1551 2709 μὲν
1576 2633 1627 2691 ῦπ-

329 2757 402 2836 ἀρχῃ
425 2754 643 2834 ἀπηλλαγμένον
658 2757 749 2831 πάσης
764 2751 914 2836 ἐξαρχικὴς
931 2752 1054 2827 ἐξουσίας
1068 2752 1117 2815 καί
1132 2752 1305 2827 δεσποτείας·
1330 2753 1455 2835 δεύτερον
1478 2753 1520 2832 δέ,
1546 2755 1628 2832 λόγῳ

329 2877 477 2957 ύττοταγὴς,
501 2875 624 2956 ἀποδιδῷ
646 2877 708 2936 καθ’
722 2879 834 2936 ἕκαστον
859 2878 919 2949 έτος
942 2877 1131 2958 ἀπαραιτήτως
1152 2879 1249 2956 γρόσια
1270 2879 1410 2958 τριακόσια
1432 2874 1472 2948 εἰς
1486 2879 1518 2937 τό
1533 2877 1626 2936 κοινόν

329 3004 378 3074 τῆς
406 2999 469 3060 καθ’
481 3000 556 3074 ἡμᾶς
582 3003 628 3060 τοῦ
651 2999 765 3080 Χριστοῦ
793 2999 922 3078 μεγάλης
946 2999 1098 3075 ἐκκλησίας
1119 2998 1167 3060 καὶ
1188 2999 1321 3082 λαμβάνῃ
1345 2997 1529 3078 ἐξσφλητικὴν
1553 2997 1624 3057 ἀπό-

329 3118 421 3194 δειξιν.
449 3119 495 3180 καὶ
518 3120 604 3192 ούτως
625 3117 645 3202 ή
667 3121 809 3200 διατηροῦν
831 3123 861 3180 τ“ο
877 3119 992 3201 ἀρχαῖον
1006 3123 1123 3201 γεραρόν
1139 3126 1188 3198 τὴς
1204 3127 1441 3202 σταυροπηγιακὴς
1456 3117 1538 3192 ἀξίας
1552 3139 1623 3200 προ-

329 3244 421 3318 νόμιον
451 3241 498 3304 καί
526 3244 624 3314 καλῶς
656 3241 851 3323 διοικούμενον,
883 3243 921 3314 ύις
952 3241 1039 3318 μέλος
1069 3246 1179 3322 γνήσιον
1209 3246 1256 3304 τοῦ
1286 3243 1348 3302 καθ’
1367 3243 1443 3317 ἡμᾶς
1473 3243 1624 3321 ἀγιωτάτον

331 3364 512 3424 ἀποοτολικσῦ
541 3364 588 3426 καὶ
616 3370 813 3446 πατριαρχικοῦ
843 3366 951 3444 θρόνου·
983 3367 998 3423 ό
1030 3365 1054 3424 δ’
1072 3365 1100 3424 ἐν
1127 3363 1200 3444 αύτῷ
1226 3365 1298 3424 κατά
1323 3364 1434 3446 καιρούς
1459 3366 1622 3444 ἡγούμενος,

330 3487 420 3564 ῶσπερ
448 3485 462 3542 δ
492 3485 645 3566 ἀρχιερεύς,
677 3487 745 3546 ούτω
775 3485 821 3546 καὶ
852 3488 931 3556 αῦτύς
961 3490 1051 3568 γράφῃ
1081 3487 1191 3561 ἀμέσως
1220 3489 1288 3567 πρός
1317 3487 1366 3561 τήν
1395 3489 1458 3547 καθ’
1474 3490 1552 3565 ἡμᾶς
1581 3489 1623 3546 τοῦ

330 3608 446 3686 Χριστοῦ
469 3605 598 3684 μεγάλην
626 3607 777 3684 ἐκκλησίαν
799 3606 846 3668 καὶ
869 3605 981 3680 ἀξιῶται
1003 3615 1053 3684 τῆς
1073 3609 1263 3690 προσηκούσης
1286 3608 1491 3688 ύττερασπίσεως
1514 3610 1545 3670 έν
1567 3609 1622 3678 ταῖς

331 3728 539 3804 συμβαινούοαις
560 3729 666 3808 χρείαις
687 3728 734 3789 καί
757 3731 910 3790 ύποθέσεοι·
932 3730 1030 3810 τρίτον,
1052 3729 1096 3790 ἵνα
1119 3730 1349 3810 διαφυλάττωνται
1372 3731 1622 3812 καταγεγραμμένα

333 3851 361 3910 ἐν
383 3850 423 3929 τῷ
446 3850 613 3930 διωρισμένῳ
635 3851 740 3926 κωδηκι
763 3857 812 3928 τῆς
835 3852 963 3929 μεγάλης
986 3851 1138 3927 ἐκκλησίας
1160 3854 1266 3912 ἅπαντα
1288 3853 1323 3912 τά
1342 3855 1469 3927 κτήματα
1483 3851 1532 3913 καί
1547 3855 1620 3932 ἀφιε-
1672 3899 1673 3920 ,

332 3976 446 4054 φύματα
469 3973 548 4032 αύτσῦ
570 3971 616 4032 καὶ
638 3974 672 4032 τά
693 3975 764 4054 χρὲη
787 3972 834 4034 καὶ
856 3967 910 4057 [τό]
931 3979 977 4034 τοῦ
992 3975 1144 4050 ἡγουμένου
1160 3975 1260 4050 ὄνομα·
1283 3976 1421 4054 τέταρτον,
1443 3976 1474 4034 τό
1490 3975 1619 4054 σιγίλλιον

332 4097 413 4156 αύτοῦ
440 4096 500 4173 ἔχει
524 4095 615 4170 μένειν
639 4091 844 4176 ἀπαράτρεπτον
867 4094 913 4154 καὶ
936 4095 1123 4176 ἀπαράβατον,
1146 4097 1185 4172 μὴ
1209 4097 1338 4172 δεόμενὸν
1360 4115 1426 4156 ποτε
1448 4096 1621 4164 ἀνανεώσεως

332 4215 379 4276 καὶ
396 4215 585 4298 ἐπικυρώσεως
601 4218 843 4293 ἐκκλησιαστικὴς·
858 4219 991 4297 πέμπτον,
1008 4217 1117 4278 ἐπειδὰν
1133 4219 1162 4280 έν
1178 4221 1302 4300 στερήσει
1316 4221 1470 4298 ἡγουμένου
1485 4222 1620 4298 γένωνται,

333 4339 537 4420 φυλαττομένης
560 4340 736 4422 ἀπαραβάτου
758 4346 808 4416 τὴς
830 4339 949 4420 ἀρχαίας
971 4347 1190 4420 μοναστηριακῆς
1211 4337 1326 4420 τάξεως,
1351 4342 1450 4419 ἔχωσιν
1465 4341 1561 4402 ἀδειαν
1577 4341 1618 4400 ἐκ·

333 4463 428 4541 λέγειν
451 4466 500 4524 ἕνα
523 4464 555 4522 ἐκ
577 4467 626 4538 τῆς
649 4461 773 4532 συνοδίας
796 4462 892 4538 οιάτῶν,
916 4464 961 4521 τόν
984 4469 1083 4535 κοινῶς
1105 4463 1273 4542 ἀναφανέντα
1295 4460 1372 4537 ἀξιον
1387 4461 1434 4524 καὶ
1447 4469 1542 4524 τοῦτον
1558 4465 1619 4524 ἀπο-
1672 4483 1673 4500 ¹

333 4587 463 4647 καθιστάν
486 4586 647 4666 ἡγούμενον,
680 4585 758 4656 έκτδς
782 4583 805 4644 εί
828 4585 867 4660 μὴ
891 4585 933 4660 εἴη
957 4585 1088 4664 διαφωνία
1109 4591 1163 4644 τῶν
1185 4587 1398 4667 προκριτοτέρων
1419 4589 1547 4666 πατέρων
1567 4581 1618 4663 περὶ

333 4714 383 4786 τὴς
405 4709 528 4787 ἐκλογῆς
549 4712 595 4766 τοῦ
617 4709 678 4768 νέου
700 4708 868 4784 ἡγουμένου·
891 4708 951 4766 τότε
973 4709 1027 4786 γὰρ
1050 4705 1084 4766 δι’
1098 4706 1290 4787 ἐνυπογράφων
1313 4707 1454 4788 ἀναφορῶν
1478 4707 1618 4786 ὀφείλουσιν
