<?xml version="1.0" encoding="UTF-8"?>
<!DOCTYPE html PUBLIC "-//W3C//DTD XHTML 1.0 Transitional//EN"
    "http://www.w3.org/TR/xhtml1/DTD/xhtml1-transitional.dtd">
<html xmlns="http://www.w3.org/1999/xhtml" xml:lang="en" lang="en">
 <head>
  <title>
</title>
<meta http-equiv="Content-Type" content="text/html;charset=utf-8" />
  <meta name='ocr-system' content='tesseract 3.04.00' />
  <meta name='ocr-capabilities' content='ocr_page ocr_carea ocr_par ocr_line ocrx_word'/>
</head>
<body>
  <div class='ocr_page' id='page_1' title='image "./actaetdiplomata00miklgoog_0640.png"; bbox 0 0 3246 5288; ppageno 0'>
   <div class='ocr_carea' id='block_1_1' title="bbox 46 572 1378 3825">
    <p class='ocr_par' dir='ltr' id='par_1_1' title="bbox 46 572 1378 3825">
     <span class='ocr_line' id='line_1_1' title="bbox 48 572 1374 657; baseline 0.002 -26"><span class='ocrx_word' id='word_1_1' title='bbox 48 575 240 652; x_wconf 80' lang='grc' dir='ltr'>ἁγιωτάτης</span> <span class='ocrx_word' id='word_1_2' title='bbox 263 577 461 654; x_wconf 75' lang='grc' dir='ltr'>μητροπόλεως</span> <span class='ocrx_word' id='word_1_3' title='bbox 484 577 632 650; x_wconf 83' lang='grc' dir='ltr'>Μεθθμνης</span> <span class='ocrx_word' id='word_1_4' title='bbox 656 576 684 634; x_wconf 86' lang='grc' dir='ltr'>ἐν</span> <span class='ocrx_word' id='word_1_5' title='bbox 706 581 739 656; x_wconf 77' lang='grc' dir='ltr'>τῇ</span> <span class='ocrx_word' id='word_1_6' title='bbox 761 575 905 657; x_wconf 83' lang='grc' dir='ltr'>τοποθεσίφι</span> <span class='ocrx_word' id='word_1_7' title='bbox 926 579 972 635; x_wconf 79' lang='grc' dir='ltr'>τοῦ</span> <span class='ocrx_word' id='word_1_8' title='bbox 989 577 1150 655; x_wconf 85' lang='grc' dir='ltr'>Φαράγνσυ.</span> <span class='ocrx_word' id='word_1_9' title='bbox 1182 581 1242 646; x_wconf 83' lang='grc' dir='ltr'>πῶς</span> <span class='ocrx_word' id='word_1_10' title='bbox 1265 572 1374 634; x_wconf 79' lang='grc' dir='ltr'>δεῖκαὶ</span> 
     </span>
     <span class='ocr_line' id='line_1_2' title="bbox 46 695 1374 778; baseline 0.002 -26"><span class='ocrx_word' id='word_1_11' title='bbox 46 701 132 768; x_wconf 80' lang='grc' dir='ltr'>πῶς</span> <span class='ocrx_word' id='word_1_12' title='bbox 165 697 301 775; x_wconf 74' lang='grc' dir='ltr'>διάγουσιν</span> <span class='ocrx_word' id='word_1_13' title='bbox 324 698 351 756; x_wconf 87' lang='grc' dir='ltr'>αί</span> <span class='ocrx_word' id='word_1_14' title='bbox 374 699 402 756; x_wconf 84' lang='grc' dir='ltr'>ἐν</span> <span class='ocrx_word' id='word_1_15' title='bbox 425 698 548 778; x_wconf 73' lang='grc' dir='ltr'>αθτῇτη</span> <span class='ocrx_word' id='word_1_16' title='bbox 577 699 721 776; x_wconf 87' lang='grc' dir='ltr'>πανσέπτῳ</span> <span class='ocrx_word' id='word_1_17' title='bbox 752 697 938 777; x_wconf 83' lang='grc' dir='ltr'>εὑρισκόμεναι</span> <span class='ocrx_word' id='word_1_18' title='bbox 969 695 1089 774; x_wconf 88' lang='grc' dir='ltr'>μοναχαὶ</span> <span class='ocrx_word' id='word_1_19' title='bbox 1119 702 1244 778; x_wconf 73' lang='grc' dir='ltr'>μονῇτὴ</span> <span class='ocrx_word' id='word_1_20' title='bbox 1273 698 1374 774; x_wconf 85' lang='grc' dir='ltr'>είιοιγεί.</span> 
     </span>
     <span class='ocr_line' id='line_1_3' title="bbox 48 817 1375 902; baseline 0.003 -28"><span class='ocrx_word' id='word_1_21' title='bbox 48 817 120 890; x_wconf 80' lang='grc' dir='ltr'>τὰς</span> <span class='ocrx_word' id='word_1_22' title='bbox 161 819 189 876; x_wconf 84' lang='grc' dir='ltr'>ἐν</span> <span class='ocrx_word' id='word_1_23' title='bbox 220 821 286 902; x_wconf 68' lang='grc' dir='ltr'>αὑτῇ</span> <span class='ocrx_word' id='word_1_24' title='bbox 314 820 345 880; x_wconf 89' lang='grc' dir='ltr'>δὲ</span> <span class='ocrx_word' id='word_1_25' title='bbox 376 817 513 891; x_wconf 81' lang='grc' dir='ltr'>διατάξεις</span> <span class='ocrx_word' id='word_1_26' title='bbox 542 819 706 898; x_wconf 78' lang='grc' dir='ltr'>ἀναδραμὼν</span> <span class='ocrx_word' id='word_1_27' title='bbox 728 820 758 878; x_wconf 85' lang='grc' dir='ltr'>τδ</span> <span class='ocrx_word' id='word_1_28' title='bbox 787 819 875 898; x_wconf 90' lang='grc' dir='ltr'>τρίτον</span> <span class='ocrx_word' id='word_1_29' title='bbox 898 817 936 890; x_wconf 89' lang='grc' dir='ltr'>είς</span> <span class='ocrx_word' id='word_1_30' title='bbox 959 819 1242 879; x_wconf 84' lang='grc' dir='ltr'>Κωνσταντινοίνπολιν</span> <span class='ocrx_word' id='word_1_31' title='bbox 1265 821 1375 894; x_wconf 79' lang='grc'><em>(1640)</em></span> 
     </span>
     <span class='ocr_line' id='line_1_4' title="bbox 50 938 1373 1021; baseline 0.003 -25"><span class='ocrx_word' id='word_1_32' title='bbox 50 941 271 1020; x_wconf 78' lang='grc' dir='ltr'>κατεκὺρωσεν</span> <span class='ocrx_word' id='word_1_33' title='bbox 293 940 409 1003; x_wconf 78' lang='grc' dir='ltr'>...διὰ</span> <span class='ocrx_word' id='word_1_34' title='bbox 429 941 521 1020; x_wconf 87' lang='grc' dir='ltr'>ἑτέρου</span> <span class='ocrx_word' id='word_1_35' title='bbox 544 939 736 1017; x_wconf 81' lang='grc' dir='ltr'>οιγιλλιιίιδους</span> <span class='ocrx_word' id='word_1_36' title='bbox 758 943 920 1019; x_wconf 78' lang='grc' dir='ltr'>γράμματος</span> <span class='ocrx_word' id='word_1_37' title='bbox 940 944 988 1001; x_wconf 82' lang='grc' dir='ltr'>τοῦ</span> <span class='ocrx_word' id='word_1_38' title='bbox 1009 943 1176 1021; x_wconf 80' lang='grc' dir='ltr'>πατριάρχου</span> <span class='ocrx_word' id='word_1_39' title='bbox 1192 940 1325 1021; x_wconf 88' lang='grc' dir='ltr'>Ἱερεμίου</span> <span class='ocrx_word' id='word_1_40' title='bbox 1339 938 1373 1000; x_wconf 71' lang='lat' dir='ltr'>A&#39;</span> 
     </span>
     <span class='ocr_line' id='line_1_5' title="bbox 54 1057 1374 1143; baseline 0 -21"><span class='ocrx_word' id='word_1_41' title='bbox 54 1063 136 1143; x_wconf 71' lang='grc' dir='ltr'>(ὕπ’</span> <span class='ocrx_word' id='word_1_42' title='bbox 155 1064 225 1142; x_wconf 87' lang='grc' dir='ltr'>άριθ.</span> <span class='ocrx_word' id='word_1_43' title='bbox 241 1071 267 1126; x_wconf 84' lang='grc'>,6</span> <span class='ocrx_word' id='word_1_44' title='bbox 289 1067 335 1122; x_wconf 80' lang='grc' dir='ltr'>τοῦ</span> <span class='ocrx_word' id='word_1_45' title='bbox 357 1057 468 1142; x_wconf 87' lang='grc' dir='ltr'>ἀρχείου</span> <span class='ocrx_word' id='word_1_46' title='bbox 490 1067 539 1139; x_wconf 81' lang='grc' dir='ltr'>τὴς</span> <span class='ocrx_word' id='word_1_47' title='bbox 566 1061 665 1142; x_wconf 79' lang='grc' dir='ltr'>μονῆς)</span> <span class='ocrx_word' id='word_1_48' title='bbox 689 1108 721 1122; x_wconf 94' lang='grc'>..</span> <span class='ocrx_word' id='word_1_49' title='bbox 743 1107 751 1122; x_wconf 94' lang='grc'><strong>.</strong></span> <span class='ocrx_word' id='word_1_50' title='bbox 775 1061 853 1121; x_wconf 79' lang='grc' dir='ltr'>ἀλλὰ</span> <span class='ocrx_word' id='word_1_51' title='bbox 874 1061 945 1122; x_wconf 82' lang='grc' dir='ltr'>κατὰ</span> <span class='ocrx_word' id='word_1_52' title='bbox 966 1063 997 1121; x_wconf 84' lang='grc' dir='ltr'>τδ</span> <span class='ocrx_word' id='word_1_53' title='bbox 1021 1069 1105 1124; x_wconf 78' lang='lat'><strong><em>1546</em></strong></span> <span class='ocrx_word' id='word_1_54' title='bbox 1128 1108 1134 1120; x_wconf 95' lang='lat'><em>.</em></span> <span class='ocrx_word' id='word_1_55' title='bbox 1156 1111 1163 1123; x_wconf 96' lang='lat'>.</span> <span class='ocrx_word' id='word_1_56' title='bbox 1184 1110 1191 1124; x_wconf 89' lang='lat'><strong><em>.</em></strong></span> <span class='ocrx_word' id='word_1_57' title='bbox 1215 1063 1374 1142; x_wconf 79' lang='grc' dir='ltr'>ἠναγκάσθη</span> 
     </span>
     <span class='ocr_line' id='line_1_6' title="bbox 53 1181 1375 1266; baseline 0.002 -26"><span class='ocrx_word' id='word_1_58' title='bbox 53 1185 102 1242; x_wconf 82' lang='grc' dir='ltr'>νὰ</span> <span class='ocrx_word' id='word_1_59' title='bbox 138 1185 249 1266; x_wconf 82' lang='grc' dir='ltr'>μεταβῇ</span> <span class='ocrx_word' id='word_1_60' title='bbox 271 1186 302 1243; x_wconf 82' lang='grc' dir='ltr'>τδ</span> <span class='ocrx_word' id='word_1_61' title='bbox 324 1185 451 1263; x_wconf 88' lang='grc' dir='ltr'>τέταρτον</span> <span class='ocrx_word' id='word_1_62' title='bbox 474 1181 514 1254; x_wconf 86' lang='grc' dir='ltr'>εἰς</span> <span class='ocrx_word' id='word_1_63' title='bbox 530 1184 646 1262; x_wconf 72' lang='grc' dir='ltr'>Κωνστ,</span> <span class='ocrx_word' id='word_1_64' title='bbox 671 1184 734 1244; x_wconf 83' lang='grc' dir='ltr'>ἔνθα</span> <span class='ocrx_word' id='word_1_65' title='bbox 755 1183 927 1263; x_wconf 80' lang='grc' dir='ltr'>πρσίινάλεσε</span> <span class='ocrx_word' id='word_1_66' title='bbox 949 1185 998 1259; x_wconf 85' lang='grc' dir='ltr'>τὴν</span> <span class='ocrx_word' id='word_1_67' title='bbox 1021 1183 1150 1244; x_wconf 81' lang='grc' dir='ltr'>ἀπόλυσιν</span> <span class='ocrx_word' id='word_1_68' title='bbox 1173 1188 1218 1244; x_wconf 83' lang='grc' dir='ltr'>τοῦ</span> <span class='ocrx_word' id='word_1_69' title='bbox 1241 1185 1375 1260; x_wconf 85' lang='grc' dir='ltr'>ἑπομένου</span> 
     </span>
     <span class='ocr_line' id='line_1_7' title="bbox 55 1301 1376 1386; baseline 0.002 -22"><span class='ocrx_word' id='word_1_70' title='bbox 55 1307 224 1366; x_wconf 86' lang='grc' dir='ltr'>συνοδικοϋ</span> <span class='ocrx_word' id='word_1_71' title='bbox 245 1309 408 1386; x_wconf 84' lang='grc' dir='ltr'>γράμματος</span> <span class='ocrx_word' id='word_1_72' title='bbox 424 1311 486 1380; x_wconf 86' lang='lat' dir='ltr'><strong><em>(Nr.</em></strong></span> <span class='ocrx_word' id='word_1_73' title='bbox 504 1313 523 1364; x_wconf 96' lang='grc' dir='ltr'><em>Ι</em></span> <span class='ocrx_word' id='word_1_74' title='bbox 530 1309 573 1378; x_wconf 81' lang='lat' dir='ltr'>V.)</span> <span class='ocrx_word' id='word_1_75' title='bbox 596 1307 662 1384; x_wconf 79' lang='grc' dir='ltr'>ίατερ</span> <span class='ocrx_word' id='word_1_76' title='bbox 682 1301 796 1376; x_wconf 83' lang='grc' dir='ltr'>σώζεται</span> <span class='ocrx_word' id='word_1_77' title='bbox 812 1307 895 1380; x_wconf 71' lang='grc' dir='ltr'>μόνον</span> <span class='ocrx_word' id='word_1_78' title='bbox 918 1305 946 1364; x_wconf 91' lang='grc' dir='ltr'>ἐν</span> <span class='ocrx_word' id='word_1_79' title='bbox 963 1305 1125 1386; x_wconf 83' lang='grc' dir='ltr'>ἀντιγράφῳ.</span> <span class='ocrx_word' id='word_1_80' title='bbox 1151 1330 1183 1383; x_wconf 84' lang='grc' dir='ltr'>ρ.</span> <span class='ocrx_word' id='word_1_81' title='bbox 1202 1313 1273 1382; x_wconf 84' lang='grc'>236,</span> <span class='ocrx_word' id='word_1_82' title='bbox 1297 1313 1316 1366; x_wconf 81' lang='lat' dir='ltr'>l.</span> <span class='ocrx_word' id='word_1_83' title='bbox 1334 1313 1376 1367; x_wconf 88' lang='grc'>29</span> 
     </span>
     <span class='ocr_line' id='line_1_8' title="bbox 54 1423 1376 1507; baseline 0.002 -21"><span class='ocrx_word' id='word_1_84' title='bbox 54 1428 199 1502; x_wconf 79' lang='grc' dir='ltr'>πλησίον</span> <span class='ocrx_word' id='word_1_85' title='bbox 233 1429 332 1503; x_wconf 70' lang='grc' dir='ltr'>ταύτης</span> <span class='ocrx_word' id='word_1_86' title='bbox 355 1423 394 1490; x_wconf 51' lang='lat' dir='ltr'>K.¹</span> <span class='ocrx_word' id='word_1_87' title='bbox 431 1452 463 1504; x_wconf 82' lang='lat' dir='ltr'>p.</span> <span class='ocrx_word' id='word_1_88' title='bbox 489 1435 552 1488; x_wconf 83' lang='lat'>237</span> <span class='ocrx_word' id='word_1_89' title='bbox 581 1451 650 1488; x_wconf 74' lang='lat' dir='ltr'><strong><em>corr.</em></strong></span> <span class='ocrx_word' id='word_1_90' title='bbox 675 1425 702 1486; x_wconf 87' lang='grc' dir='ltr'>εί</span> <span class='ocrx_word' id='word_1_91' title='bbox 727 1447 753 1486; x_wconf 86' lang='grc' dir='ltr'>τι</span> <span class='ocrx_word' id='word_1_92' title='bbox 781 1434 817 1489; x_wconf 89' lang='lat' dir='ltr'>K.</span> <span class='ocrx_word' id='word_1_93' title='bbox 838 1441 886 1488; x_wconf 75' lang='lat' dir='ltr'>aut</span> <span class='ocrx_word' id='word_1_94' title='bbox 915 1435 1002 1489; x_wconf 70' lang='grc' dir='ltr'>σανίδο</span> <span class='ocrx_word' id='word_1_95' title='bbox 1031 1427 1058 1487; x_wconf 90' lang='grc' dir='ltr'>εί</span> <span class='ocrx_word' id='word_1_96' title='bbox 1084 1449 1143 1488; x_wconf 90' lang='grc' dir='ltr'>τινα</span> <span class='ocrx_word' id='word_1_97' title='bbox 1170 1473 1177 1488; x_wconf 93' lang='grc'><em>.</em></span> <span class='ocrx_word' id='word_1_98' title='bbox 1203 1479 1210 1491; x_wconf 92' lang='grc'><strong>.</strong></span> <span class='ocrx_word' id='word_1_99' title='bbox 1235 1475 1242 1491; x_wconf 92' lang='grc'><strong>.</strong></span> <span class='ocrx_word' id='word_1_100' title='bbox 1272 1427 1376 1507; x_wconf 86' lang='grc' dir='ltr'>εὔλογα</span> 
     </span>
     <span class='ocr_line' id='line_1_9' title="bbox 58 1548 1375 1626; baseline 0.002 -17"><span class='ocrx_word' id='word_1_101' title='bbox 58 1548 126 1609; x_wconf 72' lang='grc' dir='ltr'>καὶ</span> <span class='ocrx_word' id='word_1_102' title='bbox 153 1551 263 1626; x_wconf 78' lang='grc' dir='ltr'>νόμιμα.</span> <span class='ocrx_word' id='word_1_103' title='bbox 307 1557 326 1610; x_wconf 83' lang='grc' dir='ltr'>ί.</span> <span class='ocrx_word' id='word_1_104' title='bbox 353 1558 462 1610; x_wconf 75' lang='grc' dir='ltr'>δοσιν.</span> <span class='ocrx_word' id='word_1_105' title='bbox 488 1549 516 1620; x_wconf 82' lang='grc' dir='ltr'>ἐς</span> <span class='ocrx_word' id='word_1_106' title='bbox 543 1551 598 1608; x_wconf 79' lang='grc' dir='ltr'>δστ.</span> <span class='ocrx_word' id='word_1_107' title='bbox 623 1556 660 1609; x_wconf 87' lang='lat' dir='ltr'>K.</span> <span class='ocrx_word' id='word_1_108' title='bbox 706 1557 841 1610; x_wconf 76' lang='grc' dir='ltr'>Ριοαίνιίο</span> <span class='ocrx_word' id='word_1_109' title='bbox 869 1557 1031 1626; x_wconf 69' lang='lat' dir='ltr'>temporibus</span> <span class='ocrx_word' id='word_1_110' title='bbox 1055 1557 1089 1612; x_wconf 83' lang='lat' dir='ltr'>K.</span> <span class='ocrx_word' id='word_1_111' title='bbox 1115 1559 1236 1611; x_wconf 74' lang='grc' dir='ltr'>ιάίοοτυι</span> <span class='ocrx_word' id='word_1_112' title='bbox 1262 1564 1301 1612; x_wconf 75' lang='grc' dir='ltr'>σοι</span> <span class='ocrx_word' id='word_1_113' title='bbox 1323 1557 1375 1612; x_wconf 69' lang='lat' dir='ltr'>dis-</span> 
     </span>
     <span class='ocr_line' id='line_1_10' title="bbox 60 1676 1377 1750; baseline 0.002 -19"><span class='ocrx_word' id='word_1_114' title='bbox 60 1679 254 1732; x_wconf 73' lang='lat' dir='ltr'><em>sertationem</em></span> <span class='ocrx_word' id='word_1_115' title='bbox 275 1680 308 1732; x_wconf 81' lang='lat' dir='ltr'>de</span> <span class='ocrx_word' id='word_1_116' title='bbox 337 1679 504 1732; x_wconf 71' lang='lat' dir='ltr'><em>monasteriis</em></span> <span class='ocrx_word' id='word_1_117' title='bbox 527 1678 610 1732; x_wconf 78' lang='lat' dir='ltr'><em>Prati</em></span> <span class='ocrx_word' id='word_1_118' title='bbox 630 1683 655 1731; x_wconf 77' lang='lat' dir='ltr'>et</span> <span class='ocrx_word' id='word_1_119' title='bbox 678 1676 708 1732; x_wconf 78' lang='lat' dir='ltr'>S.</span> <span class='ocrx_word' id='word_1_120' title='bbox 731 1678 844 1732; x_wconf 79' lang='lat' dir='ltr'><strong><em>Mariae</em></strong></span> <span class='ocrx_word' id='word_1_121' title='bbox 865 1696 925 1732; x_wconf 81' lang='grc' dir='ltr'>συντ</span> <span class='ocrx_word' id='word_1_122' title='bbox 955 1679 1063 1748; x_wconf 66' lang='lat' dir='ltr'>tabulis,</span> <span class='ocrx_word' id='word_1_123' title='bbox 1095 1697 1163 1750; x_wconf 79' lang='grc' dir='ltr'>φιιαο</span> <span class='ocrx_word' id='word_1_124' title='bbox 1185 1680 1326 1748; x_wconf 60' lang='lat' dir='ltr'>dmpsit</span> <span class='ocrx_word' id='word_1_125' title='bbox 1347 1681 1377 1734; x_wconf 83' lang='grc' dir='ltr'>ιἰι</span> 
     </span>
     <span class='ocr_line' id='line_1_11' title="bbox 64 1789 1375 1874; baseline 0.001 -22"><span class='ocrx_word' id='word_1_126' title='bbox 64 1802 193 1854; x_wconf 77' lang='lat' dir='ltr'><em>itinere:</em></span> <span class='ocrx_word' id='word_1_127' title='bbox 239 1803 266 1854; x_wconf 82' lang='lat'>1.</span> <span class='ocrx_word' id='word_1_128' title='bbox 298 1794 455 1874; x_wconf 86' lang='grc' dir='ltr'>Ἔγγραφον</span> <span class='ocrx_word' id='word_1_129' title='bbox 492 1789 638 1874; x_wconf 81' lang='grc' dir='ltr'>έξαρχινδν</span> <span class='ocrx_word' id='word_1_130' title='bbox 667 1792 774 1868; x_wconf 78' lang='grc' dir='ltr'>Δανιὴλ</span> <span class='ocrx_word' id='word_1_131' title='bbox 808 1792 1008 1874; x_wconf 89' lang='grc' dir='ltr'>μητροπολίτσυ</span> <span class='ocrx_word' id='word_1_132' title='bbox 1039 1795 1151 1874; x_wconf 84' lang='grc' dir='ltr'>Ἐρέσου</span> <span class='ocrx_word' id='word_1_133' title='bbox 1181 1792 1227 1854; x_wconf 88' lang='grc' dir='ltr'>καὶ</span> <span class='ocrx_word' id='word_1_134' title='bbox 1258 1792 1375 1874; x_wconf 82' lang='grc' dir='ltr'>ἐξάρχου</span> 
     </span>
     <span class='ocr_line' id='line_1_12' title="bbox 63 1913 1374 1996; baseline 0.002 -22"><span class='ocrx_word' id='word_1_135' title='bbox 63 1919 173 1991; x_wconf 83' lang='grc' dir='ltr'>πάσης</span> <span class='ocrx_word' id='word_1_136' title='bbox 199 1917 280 1990; x_wconf 82' lang='grc' dir='ltr'>νήσου</span> <span class='ocrx_word' id='word_1_137' title='bbox 303 1916 421 1996; x_wconf 85' lang='grc' dir='ltr'>Λέσβου,</span> <span class='ocrx_word' id='word_1_138' title='bbox 448 1924 623 1977; x_wconf 81' lang='lat' dir='ltr'><strong><em>anni1486.</em></strong></span> <span class='ocrx_word' id='word_1_139' title='bbox 670 1925 698 1976; x_wconf 91' lang='grc'>2.</span> <span class='ocrx_word' id='word_1_140' title='bbox 725 1913 883 1976; x_wconf 88' lang='grc' dir='ltr'>Ἐπιστολαὶ</span> <span class='ocrx_word' id='word_1_141' title='bbox 907 1915 1040 1995; x_wconf 88' lang='grc' dir='ltr'>Ἰγνατίου</span> <span class='ocrx_word' id='word_1_142' title='bbox 1063 1915 1247 1992; x_wconf 84' lang='grc' dir='ltr'>Ἀγαλλιανοῠ</span> <span class='ocrx_word' id='word_1_143' title='bbox 1271 1937 1374 1996; x_wconf 80' lang='grc' dir='ltr'>μητρο-</span> 
     </span>
     <span class='ocr_line' id='line_1_13' title="bbox 64 2035 1377 2118; baseline 0 -22"><span class='ocrx_word' id='word_1_144' title='bbox 64 2037 195 2096; x_wconf 87' lang='grc' dir='ltr'>πολίτου</span> <span class='ocrx_word' id='word_1_145' title='bbox 219 2039 371 2113; x_wconf 79' lang='grc' dir='ltr'>Μηθύμνης</span> <span class='ocrx_word' id='word_1_146' title='bbox 393 2041 641 2112; x_wconf 81' lang='lat'><em>(1530-1568).</em></span> <span class='ocrx_word' id='word_1_147' title='bbox 689 2047 716 2098; x_wconf 85' lang='grc'>3.</span> <span class='ocrx_word' id='word_1_148' title='bbox 741 2035 871 2114; x_wconf 88' lang='grc' dir='ltr'>Σιγίλλια</span> <span class='ocrx_word' id='word_1_149' title='bbox 893 2036 940 2096; x_wconf 85' lang='grc' dir='ltr'>καὶ</span> <span class='ocrx_word' id='word_1_150' title='bbox 964 2038 1089 2116; x_wconf 85' lang='grc' dir='ltr'>έγγραφα</span> <span class='ocrx_word' id='word_1_151' title='bbox 1110 2039 1189 2098; x_wconf 84' lang='grc' dir='ltr'>πέντε</span> <span class='ocrx_word' id='word_1_152' title='bbox 1212 2037 1377 2118; x_wconf 87' lang='grc' dir='ltr'>Σιλβέστρου</span> 
     </span>
     <span class='ocr_line' id='line_1_14' title="bbox 67 2155 1376 2238; baseline 0 -20"><span class='ocrx_word' id='word_1_153' title='bbox 67 2162 251 2238; x_wconf 78' lang='grc' dir='ltr'>πατριάρχου</span> <span class='ocrx_word' id='word_1_154' title='bbox 275 2155 486 2237; x_wconf 79' lang='grc' dir='ltr'>Ἀλεξανδρείας</span> <span class='ocrx_word' id='word_1_155' title='bbox 512 2157 578 2238; x_wconf 86' lang='grc' dir='ltr'>ὑπὲρ</span> <span class='ocrx_word' id='word_1_156' title='bbox 601 2164 651 2234; x_wconf 80' lang='grc' dir='ltr'>τῆς</span> <span class='ocrx_word' id='word_1_157' title='bbox 680 2164 765 2235; x_wconf 82' lang='grc' dir='ltr'>μονῆς</span> <span class='ocrx_word' id='word_1_158' title='bbox 789 2159 931 2234; x_wconf 84' lang='grc' dir='ltr'>Δειμῶνος</span> <span class='ocrx_word' id='word_1_159' title='bbox 953 2165 1051 2233; x_wconf 82' lang='grc'><strong><em>(1575</em></strong></span> <span class='ocrx_word' id='word_1_160' title='bbox 1073 2172 1098 2219; x_wconf 80' lang='lat' dir='ltr'>et</span> <span class='ocrx_word' id='word_1_161' title='bbox 1122 2163 1226 2232; x_wconf 86' lang='grc'><strong><em>1683).</em></strong></span> <span class='ocrx_word' id='word_1_162' title='bbox 1274 2169 1302 2220; x_wconf 82' lang='grc'>4.</span> <span class='ocrx_word' id='word_1_163' title='bbox 1326 2160 1376 2218; x_wconf 83' lang='grc' dir='ltr'>Σι-</span> 
     </span>
     <span class='ocr_line' id='line_1_15' title="bbox 70 2279 1376 2362; baseline 0.002 -22"><span class='ocrx_word' id='word_1_164' title='bbox 70 2282 192 2359; x_wconf 85' lang='grc' dir='ltr'>γίλλια,</span> <span class='ocrx_word' id='word_1_165' title='bbox 222 2280 357 2342; x_wconf 85' lang='grc' dir='ltr'>ουνοδικαί</span> <span class='ocrx_word' id='word_1_166' title='bbox 386 2281 532 2360; x_wconf 77' lang='grc' dir='ltr'>ἀποφάσεις</span> <span class='ocrx_word' id='word_1_167' title='bbox 555 2279 602 2340; x_wconf 86' lang='grc' dir='ltr'>καὶ</span> <span class='ocrx_word' id='word_1_168' title='bbox 623 2281 689 2360; x_wconf 81' lang='grc' dir='ltr'>ὑπὲρ</span> <span class='ocrx_word' id='word_1_169' title='bbox 711 2281 745 2340; x_wconf 84' lang='grc' dir='ltr'>τὰ</span> <span class='ocrx_word' id='word_1_170' title='bbox 768 2281 865 2341; x_wconf 69' lang='grc' dir='ltr'>ἑκατὸν</span> <span class='ocrx_word' id='word_1_171' title='bbox 886 2285 1036 2360; x_wconf 86' lang='grc' dir='ltr'>γράμματα</span> <span class='ocrx_word' id='word_1_172' title='bbox 1057 2287 1232 2362; x_wconf 85' lang='grc' dir='ltr'>πατριαρχῶν</span> <span class='ocrx_word' id='word_1_173' title='bbox 1256 2282 1308 2340; x_wconf 80' lang='grc' dir='ltr'>ἀπδ</span> <span class='ocrx_word' id='word_1_174' title='bbox 1330 2286 1376 2342; x_wconf 83' lang='grc' dir='ltr'>τοῦ</span> 
     </span>
     <span class='ocr_line' id='line_1_16' title="bbox 75 2401 1376 2484; baseline 0 -20"><span class='ocrx_word' id='word_1_175' title='bbox 75 2414 170 2464; x_wconf 83' lang='grc'><em>1527</em></span> <span class='ocrx_word' id='word_1_176' title='bbox 199 2405 340 2484; x_wconf 78' lang='grc' dir='ltr'>ἀφορῶντα</span> <span class='ocrx_word' id='word_1_177' title='bbox 370 2404 409 2473; x_wconf 92' lang='grc' dir='ltr'>είς</span> <span class='ocrx_word' id='word_1_178' title='bbox 438 2403 487 2474; x_wconf 85' lang='grc' dir='ltr'>τὰς</span> <span class='ocrx_word' id='word_1_179' title='bbox 515 2404 663 2482; x_wconf 89' lang='grc' dir='ltr'>προνομίας</span> <span class='ocrx_word' id='word_1_180' title='bbox 691 2401 738 2462; x_wconf 88' lang='grc' dir='ltr'>καὶ</span> <span class='ocrx_word' id='word_1_181' title='bbox 768 2403 862 2476; x_wconf 78' lang='grc' dir='ltr'>ἄλλος</span> <span class='ocrx_word' id='word_1_182' title='bbox 891 2405 1030 2474; x_wconf 79' lang='grc' dir='ltr'>ι’νποθέσεις</span> <span class='ocrx_word' id='word_1_183' title='bbox 1052 2410 1101 2480; x_wconf 81' lang='grc' dir='ltr'>τῆς</span> <span class='ocrx_word' id='word_1_184' title='bbox 1124 2410 1209 2478; x_wconf 84' lang='grc' dir='ltr'>μονῆς</span> <span class='ocrx_word' id='word_1_185' title='bbox 1232 2405 1376 2478; x_wconf 86' lang='grc' dir='ltr'>Δειμῶνος</span> 
     </span>
     <span class='ocr_line' id='line_1_17' title="bbox 73 2521 1376 2610; baseline 0.001 -25"><span class='ocrx_word' id='word_1_186' title='bbox 73 2524 231 2610; x_wconf 84' lang='grc' dir='ltr'>(Ἱερεμίου</span> <span class='ocrx_word' id='word_1_187' title='bbox 255 2524 291 2604; x_wconf 88' lang='grc' dir='ltr'>α’,</span> <span class='ocrx_word' id='word_1_188' title='bbox 322 2525 457 2584; x_wconf 87' lang='grc' dir='ltr'>Διονυσίου</span> <span class='ocrx_word' id='word_1_189' title='bbox 481 2523 518 2604; x_wconf 87' lang='grc' dir='ltr'>β’,</span> <span class='ocrx_word' id='word_1_190' title='bbox 549 2525 683 2605; x_wconf 86' lang='grc' dir='ltr'>Ἱερεμίου</span> <span class='ocrx_word' id='word_1_191' title='bbox 706 2525 731 2600; x_wconf 86' lang='grc' dir='ltr'>β’</span> <span class='ocrx_word' id='word_1_192' title='bbox 762 2531 808 2586; x_wconf 83' lang='grc' dir='ltr'>τοῦ</span> <span class='ocrx_word' id='word_1_193' title='bbox 836 2523 966 2608; x_wconf 83' lang='grc' dir='ltr'>Τρανοῦ).</span> <span class='ocrx_word' id='word_1_194' title='bbox 1018 2536 1046 2588; x_wconf 87' lang='grc'>5.</span> <span class='ocrx_word' id='word_1_195' title='bbox 1071 2525 1164 2586; x_wconf 86' lang='grc' dir='ltr'>Εἴκοσι</span> <span class='ocrx_word' id='word_1_196' title='bbox 1193 2521 1376 2606; x_wconf 79' lang='grc' dir='ltr'>πατριαρχικδι</span> 
     </span>
     <span class='ocr_line' id='line_1_18' title="bbox 75 2646 1374 2728; baseline -0.002 -20"><span class='ocrx_word' id='word_1_197' title='bbox 75 2651 218 2727; x_wconf 81' lang='grc' dir='ltr'>ἕγγραφα,</span> <span class='ocrx_word' id='word_1_198' title='bbox 242 2652 260 2707; x_wconf 80' lang='grc' dir='ltr'>οἳ</span> <span class='ocrx_word' id='word_1_199' title='bbox 283 2648 458 2727; x_wconf 82' lang='grc' dir='ltr'>ἀναφέρονται</span> <span class='ocrx_word' id='word_1_200' title='bbox 481 2646 522 2719; x_wconf 88' lang='grc' dir='ltr'>είς</span> <span class='ocrx_word' id='word_1_201' title='bbox 543 2649 591 2722; x_wconf 87' lang='grc' dir='ltr'>τὴν</span> <span class='ocrx_word' id='word_1_202' title='bbox 614 2647 730 2726; x_wconf 86' lang='grc' dir='ltr'>ἱστορίαν</span> <span class='ocrx_word' id='word_1_203' title='bbox 753 2647 853 2708; x_wconf 81' lang='grc' dir='ltr'>καὶτὰ</span> <span class='ocrx_word' id='word_1_204' title='bbox 876 2649 979 2728; x_wconf 77' lang='grc' dir='ltr'>ἀρχαῖα</span> <span class='ocrx_word' id='word_1_205' title='bbox 1002 2649 1082 2723; x_wconf 86' lang='grc' dir='ltr'>ἔθιμα</span> <span class='ocrx_word' id='word_1_206' title='bbox 1096 2653 1146 2723; x_wconf 80' lang='grc' dir='ltr'>τὴς</span> <span class='ocrx_word' id='word_1_207' title='bbox 1161 2651 1241 2722; x_wconf 81' lang='grc' dir='ltr'>νήσου</span> <span class='ocrx_word' id='word_1_208' title='bbox 1258 2646 1374 2720; x_wconf 82' lang='grc' dir='ltr'>Λέσβου.</span> 
     </span>
     <span class='ocr_line' id='line_1_19' title="bbox 80 2765 1376 2850; baseline 0 -21"><span class='ocrx_word' id='word_1_209' title='bbox 80 2779 114 2831; x_wconf 91' lang='grc'>6.</span> <span class='ocrx_word' id='word_1_210' title='bbox 139 2769 299 2829; x_wconf 85' lang='grc' dir='ltr'>Ἐπιστολαὶ</span> <span class='ocrx_word' id='word_1_211' title='bbox 323 2765 481 2849; x_wconf 80' lang='grc' dir='ltr'>ἀρχιερέων,</span> <span class='ocrx_word' id='word_1_212' title='bbox 505 2771 631 2829; x_wconf 73' lang='grc' dir='ltr'>πιστάκια</span> <span class='ocrx_word' id='word_1_213' title='bbox 653 2768 699 2829; x_wconf 88' lang='grc' dir='ltr'>καί</span> <span class='ocrx_word' id='word_1_214' title='bbox 723 2769 897 2850; x_wconf 85' lang='grc' dir='ltr'>διατάγματα</span> <span class='ocrx_word' id='word_1_215' title='bbox 918 2776 971 2830; x_wconf 86' lang='grc' dir='ltr'>τῶν</span> <span class='ocrx_word' id='word_1_216' title='bbox 988 2769 1186 2848; x_wconf 83' lang='grc' dir='ltr'>διερμηνευτῶν</span> <span class='ocrx_word' id='word_1_217' title='bbox 1200 2774 1246 2829; x_wconf 80' lang='grc' dir='ltr'>τοῦ</span> <span class='ocrx_word' id='word_1_218' title='bbox 1262 2771 1376 2844; x_wconf 85' lang='grc' dir='ltr'>δθωμα-</span> 
     </span>
     <span class='ocr_line' id='line_1_20' title="bbox 77 2887 1377 2973; baseline 0 -21"><span class='ocrx_word' id='word_1_219' title='bbox 77 2897 158 2952; x_wconf 82' lang='grc' dir='ltr'>νικσῠ</span> <span class='ocrx_word' id='word_1_220' title='bbox 182 2893 279 2952; x_wconf 82' lang='grc' dir='ltr'>στόλου</span> <span class='ocrx_word' id='word_1_221' title='bbox 295 2892 416 2968; x_wconf 82' lang='grc' dir='ltr'>Μιχαὴλ</span> <span class='ocrx_word' id='word_1_222' title='bbox 438 2893 579 2972; x_wconf 83' lang='grc' dir='ltr'>Χανιζερὴ</span> <span class='ocrx_word' id='word_1_223' title='bbox 602 2891 648 2952; x_wconf 86' lang='grc' dir='ltr'>καί</span> <span class='ocrx_word' id='word_1_224' title='bbox 664 2891 818 2972; x_wconf 88' lang='grc' dir='ltr'>Δημητρίου</span> <span class='ocrx_word' id='word_1_225' title='bbox 833 2893 965 2973; x_wconf 84' lang='grc' dir='ltr'>Μαρσὺζη</span> <span class='ocrx_word' id='word_1_226' title='bbox 988 2891 1034 2952; x_wconf 82' lang='grc' dir='ltr'>καὶ</span> <span class='ocrx_word' id='word_1_227' title='bbox 1056 2895 1102 2954; x_wconf 78' lang='grc' dir='ltr'>τοῦ</span> <span class='ocrx_word' id='word_1_228' title='bbox 1123 2887 1262 2952; x_wconf 82' lang='grc' dir='ltr'>καπουδὰν</span> <span class='ocrx_word' id='word_1_229' title='bbox 1285 2897 1377 2952; x_wconf 85' lang='grc' dir='ltr'>πασσᾶ</span> 
     </span>
     <span class='ocr_line' id='line_1_21' title="bbox 78 3015 347 3093; baseline 0.004 -20"><span class='ocrx_word' id='word_1_230' title='bbox 78 3015 194 3093; x_wconf 81' lang='grc' dir='ltr'>Σαλήχ.</span> <span class='ocrx_word' id='word_1_231' title='bbox 214 3039 246 3090; x_wconf 83' lang='grc' dir='ltr'>ρ.</span> <span class='ocrx_word' id='word_1_232' title='bbox 263 3019 347 3074; x_wconf 86' lang='lat' dir='ltr'><strong><em>XIX.</em></strong></span> 
     </span>
     <span class='ocr_line' id='line_1_22' title="bbox 187 3133 1376 3219; baseline 0.001 -24"><span class='ocrx_word' id='word_1_233' title='bbox 187 3143 221 3196; x_wconf 82' lang='grc' dir='ltr'>Δ.</span> <span class='ocrx_word' id='word_1_234' title='bbox 247 3143 318 3212; x_wconf 81' lang='lat' dir='ltr'><em>Pap.</em></span> <span class='ocrx_word' id='word_1_235' title='bbox 335 3143 485 3196; x_wconf 65' lang='lat' dir='ltr'>Kerameus</span> <span class='ocrx_word' id='word_1_236' title='bbox 506 3145 535 3195; x_wconf 80' lang='grc' dir='ltr'>ι’νι</span> <span class='ocrx_word' id='word_1_237' title='bbox 549 3142 624 3196; x_wconf 82' lang='lat' dir='ltr'><em>Bibl.</em></span> <span class='ocrx_word' id='word_1_238' title='bbox 641 3143 872 3214; x_wconf 73' lang='grc' dir='ltr'>Μαυτομοτάαίία</span> <span class='ocrx_word' id='word_1_239' title='bbox 892 3133 1080 3219; x_wconf 87' lang='grc' dir='ltr'>(Παράρτημα</span> <span class='ocrx_word' id='word_1_240' title='bbox 1100 3140 1147 3196; x_wconf 81' lang='grc' dir='ltr'>τοῦ</span> <span class='ocrx_word' id='word_1_241' title='bbox 1170 3135 1202 3206; x_wconf 84' lang='grc' dir='ltr'>ιζ’</span> <span class='ocrx_word' id='word_1_242' title='bbox 1225 3137 1308 3212; x_wconf 85' lang='grc' dir='ltr'>τόμον</span> <span class='ocrx_word' id='word_1_243' title='bbox 1330 3141 1376 3196; x_wconf 84' lang='grc' dir='ltr'>τοῦ</span> 
     </span>
     <span class='ocr_line' id='line_1_23' title="bbox 81 3257 1375 3336; baseline 0.001 -19"><span class='ocrx_word' id='word_1_244' title='bbox 81 3257 168 3318; x_wconf 82' lang='grc' dir='ltr'>Ἐλλ.</span> <span class='ocrx_word' id='word_1_245' title='bbox 185 3259 288 3336; x_wconf 85' lang='grc' dir='ltr'>Συλλ.)</span> <span class='ocrx_word' id='word_1_246' title='bbox 307 3265 541 3334; x_wconf 73' lang='lat' dir='ltr'>Cbmtantz&#39;nopoli,</span> <span class='ocrx_word' id='word_1_247' title='bbox 569 3266 653 3318; x_wconf 83' lang='grc'><em>1886</em></span> <span class='ocrx_word' id='word_1_248' title='bbox 675 3262 713 3334; x_wconf 62' lang='grc' dir='ltr'>φ.</span> <span class='ocrx_word' id='word_1_249' title='bbox 732 3262 914 3332; x_wconf 80' lang='lat'><em>120—121)</em></span> <span class='ocrx_word' id='word_1_250' title='bbox 935 3265 1019 3320; x_wconf 75' lang='lat' dir='ltr'><em>edidit</em></span> <span class='ocrx_word' id='word_1_251' title='bbox 1033 3265 1121 3319; x_wconf 78' lang='grc' dir='ltr'>αιίίιιισ</span> <span class='ocrx_word' id='word_1_252' title='bbox 1136 3265 1189 3319; x_wconf 76' lang='lat' dir='ltr'>duo</span> <span class='ocrx_word' id='word_1_253' title='bbox 1204 3270 1268 3319; x_wconf 74' lang='grc' dir='ltr'>αοειι</span> <span class='ocrx_word' id='word_1_254' title='bbox 1284 3267 1375 3334; x_wconf 78' lang='lat' dir='ltr'><em>patri-</em></span> 
     </span>
     <span class='ocr_line' id='line_1_24' title="bbox 81 3387 1378 3457; baseline 0 -17"><span class='ocrx_word' id='word_1_255' title='bbox 81 3387 209 3440; x_wconf 80' lang='grc' dir='ltr'>ατσίναίία</span> <span class='ocrx_word' id='word_1_256' title='bbox 231 3387 269 3440; x_wconf 79' lang='grc' dir='ltr'>ατί</span> <span class='ocrx_word' id='word_1_257' title='bbox 290 3389 479 3440; x_wconf 80' lang='lat' dir='ltr'><strong><em>monasterium</em></strong></span> <span class='ocrx_word' id='word_1_258' title='bbox 496 3387 577 3440; x_wconf 72' lang='grc' dir='ltr'>ίδάιί</span> <span class='ocrx_word' id='word_1_259' title='bbox 589 3388 750 3456; x_wconf 71' lang='grc' dir='ltr'>ομαοίανιέία,</span> <span class='ocrx_word' id='word_1_260' title='bbox 775 3405 844 3457; x_wconf 75' lang='lat' dir='ltr'>quae</span> <span class='ocrx_word' id='word_1_261' title='bbox 859 3387 1017 3456; x_wconf 74' lang='lat' dir='ltr'><strong><em>confirmant</em></strong></span> <span class='ocrx_word' id='word_1_262' title='bbox 1032 3387 1200 3441; x_wconf 79' lang='grc' dir='ltr'>οίονιαίιδαστη</span> <span class='ocrx_word' id='word_1_263' title='bbox 1220 3388 1378 3441; x_wconf 63' lang='lat' dir='ltr'><em>monasterii</em></span> 
     </span>
     <span class='ocr_line' id='line_1_25' title="bbox 83 3507 1374 3579; baseline 0 -17"><span class='ocrx_word' id='word_1_264' title='bbox 83 3507 114 3562; x_wconf 81' lang='lat' dir='ltr'>S.</span> <span class='ocrx_word' id='word_1_265' title='bbox 137 3507 248 3579; x_wconf 72' lang='grc' dir='ltr'>Θωτφὶί</span> <span class='ocrx_word' id='word_1_266' title='bbox 263 3509 411 3579; x_wconf 74' lang='grc' dir='ltr'>Ραταοίρίί,</span> <span class='ocrx_word' id='word_1_267' title='bbox 429 3509 539 3577; x_wconf 81' lang='lat' dir='ltr'><em>factam</em></span> <span class='ocrx_word' id='word_1_268' title='bbox 553 3509 714 3562; x_wconf 67' lang='lat' dir='ltr'><em>monasterio</em></span> <span class='ocrx_word' id='word_1_269' title='bbox 730 3509 812 3562; x_wconf 62' lang='lat' dir='ltr'><em>Prata·</em></span> <span class='ocrx_word' id='word_1_270' title='bbox 825 3527 844 3562; x_wconf 87' lang='lat' dir='ltr'><em>a</em></span> <span class='ocrx_word' id='word_1_271' title='bbox 860 3508 1024 3579; x_wconf 76' lang='grc' dir='ltr'>Βάαραρυίο,</span> <span class='ocrx_word' id='word_1_272' title='bbox 1042 3515 1072 3562; x_wconf 76' lang='lat' dir='ltr'>ut</span> <span class='ocrx_word' id='word_1_273' title='bbox 1086 3510 1121 3562; x_wconf 76' lang='grc' dir='ltr'>οίθ</span> <span class='ocrx_word' id='word_1_274' title='bbox 1137 3509 1195 3577; x_wconf 61' lang='lat' dir='ltr'>ejus</span> <span class='ocrx_word' id='word_1_275' title='bbox 1210 3508 1374 3578; x_wconf 79' lang='grc' dir='ltr'>ναοίοοίίίταιι,</span> 
     </span>
     <span class='ocr_line' id='line_1_26' title="bbox 83 3622 1376 3704; baseline -0.002 -21"><span class='ocrx_word' id='word_1_276' title='bbox 83 3637 107 3683; x_wconf 78' lang='grc' dir='ltr'>ει</span> <span class='ocrx_word' id='word_1_277' title='bbox 130 3629 173 3684; x_wconf 73' lang='grc' dir='ltr'>δίο</span> <span class='ocrx_word' id='word_1_278' title='bbox 195 3631 395 3701; x_wconf 68' lang='lat' dir='ltr'>aubjunqimua:</span> <span class='ocrx_word' id='word_1_279' title='bbox 418 3631 442 3682; x_wconf 89' lang='lat'>1.</span> <span class='ocrx_word' id='word_1_280' title='bbox 468 3628 484 3698; x_wconf 83' lang='lat'>†</span> <span class='ocrx_word' id='word_1_281' title='bbox 506 3623 683 3703; x_wconf 88' lang='grc' dir='ltr'>Ἱερεμίας,</span> <span class='ocrx_word' id='word_1_282' title='bbox 707 3622 795 3702; x_wconf 83' lang='grc' dir='ltr'>ἐλέῳ</span> <span class='ocrx_word' id='word_1_283' title='bbox 817 3625 893 3683; x_wconf 84' lang='grc' dir='ltr'>θεοῦ</span> <span class='ocrx_word' id='word_1_284' title='bbox 915 3623 1178 3704; x_wconf 85' lang='grc' dir='ltr'>ἀρχιεπίσκοπσς</span> <span class='ocrx_word' id='word_1_285' title='bbox 1201 3624 1376 3684; x_wconf 88' lang='grc' dir='ltr'>Κωνοτοιν-</span> 
     </span>
     <span class='ocr_line' id='line_1_27' title="bbox 82 3742 1211 3825; baseline 0.002 -21"><span class='ocrx_word' id='word_1_286' title='bbox 82 3745 323 3817; x_wconf 85' lang='grc' dir='ltr'>τινουπὸλεως,</span> <span class='ocrx_word' id='word_1_287' title='bbox 346 3746 435 3816; x_wconf 87' lang='grc' dir='ltr'>Νέας</span> <span class='ocrx_word' id='word_1_288' title='bbox 459 3745 596 3822; x_wconf 84' lang='grc' dir='ltr'>Ῥώμης,</span> <span class='ocrx_word' id='word_1_289' title='bbox 619 3742 675 3804; x_wconf 88' lang='grc' dir='ltr'>καί</span> <span class='ocrx_word' id='word_1_290' title='bbox 697 3743 931 3818; x_wconf 86' lang='grc' dir='ltr'>σίκαυμενικδς</span> <span class='ocrx_word' id='word_1_291' title='bbox 952 3748 1162 3825; x_wconf 85' lang='grc' dir='ltr'>πατριάρχης</span> <span class='ocrx_word' id='word_1_292' title='bbox 1184 3750 1211 3820; x_wconf 74' lang='grc' dir='ltr'>ὴ.</span> 
     </span>
    </p>
   </div>
   <div class='ocr_carea' id='block_1_2' title="bbox 188 3862 1377 3948">
    <p class='ocr_par' dir='ltr' id='par_1_2' title="bbox 188 3862 1377 3948">
     <span class='ocr_line' id='line_1_28' title="bbox 188 3862 1377 3948; baseline 0.002 -22"><span class='ocrx_word' id='word_1_293' title='bbox 188 3871 204 3942; x_wconf 73' lang='grc' dir='ltr'>ὴ</span> <span class='ocrx_word' id='word_1_294' title='bbox 229 3865 343 3940; x_wconf 79' lang='grc' dir='ltr'>Ἐπειδὴ</span> <span class='ocrx_word' id='word_1_295' title='bbox 367 3862 524 3945; x_wconf 85' lang='grc' dir='ltr'>ἐνεφανίσθη</span> <span class='ocrx_word' id='word_1_296' title='bbox 547 3869 611 3943; x_wconf 87' lang='grc' dir='ltr'>ὴμῖν</span> <span class='ocrx_word' id='word_1_297' title='bbox 634 3870 750 3947; x_wconf 89' lang='grc' dir='ltr'>γράμμα</span> <span class='ocrx_word' id='word_1_298' title='bbox 766 3868 1010 3947; x_wconf 78' lang='grc' dir='ltr'>ὑπογεγραμμένον</span> <span class='ocrx_word' id='word_1_299' title='bbox 1030 3870 1105 3946; x_wconf 88' lang='grc' dir='ltr'>παρά</span> <span class='ocrx_word' id='word_1_300' title='bbox 1120 3889 1150 3927; x_wconf 89' lang='grc' dir='ltr'>τε</span> <span class='ocrx_word' id='word_1_301' title='bbox 1165 3873 1211 3928; x_wconf 84' lang='grc' dir='ltr'>τοῦ</span> <span class='ocrx_word' id='word_1_302' title='bbox 1232 3867 1377 3948; x_wconf 87' lang='grc' dir='ltr'>ίερωτάτου</span> 
     </span>
    </p>
   </div>
   <div class='ocr_carea' id='block_1_3' title="bbox 85 3983 1377 4073">
    <p class='ocr_par' dir='ltr' id='par_1_3' title="bbox 85 3983 1377 4073">
     <span class='ocr_line' id='line_1_29' title="bbox 85 3983 1377 4073; baseline 0.002 -27"><span class='ocrx_word' id='word_1_303' title='bbox 85 3983 308 4073; x_wconf 83' lang='grc' dir='ltr'>[μητροπολίτσυ]</span> <span class='ocrx_word' id='word_1_304' title='bbox 326 3989 474 4064; x_wconf 82' lang='grc' dir='ltr'>Μεθίμνης</span> <span class='ocrx_word' id='word_1_305' title='bbox 496 3988 543 4049; x_wconf 87' lang='grc' dir='ltr'>καί</span> <span class='ocrx_word' id='word_1_306' title='bbox 561 3995 614 4049; x_wconf 85' lang='grc' dir='ltr'>τῶν</span> <span class='ocrx_word' id='word_1_307' title='bbox 637 3992 804 4064; x_wconf 82' lang='grc' dir='ltr'>τιμιωτάτων</span> <span class='ocrx_word' id='word_1_308' title='bbox 826 3991 968 4069; x_wconf 79' lang='grc' dir='ltr'>ἡμετέρων</span> <span class='ocrx_word' id='word_1_309' title='bbox 992 3987 1117 4070; x_wconf 79' lang='grc' dir='ltr'>ἐξάρχων</span> <span class='ocrx_word' id='word_1_310' title='bbox 1141 3995 1194 4049; x_wconf 84' lang='grc' dir='ltr'>τῶν</span> <span class='ocrx_word' id='word_1_311' title='bbox 1215 3992 1309 4070; x_wconf 87' lang='grc' dir='ltr'>πέρυσι</span> <span class='ocrx_word' id='word_1_312' title='bbox 1331 3989 1377 4050; x_wconf 83' lang='grc' dir='ltr'>καὶ</span> 
     </span>
    </p>
   </div>
   <div class='ocr_carea' id='block_1_4' title="bbox 84 4104 1377 4436">
    <p class='ocr_par' dir='ltr' id='par_1_4' title="bbox 84 4104 1377 4436">
     <span class='ocr_line' id='line_1_30' title="bbox 84 4104 1377 4191; baseline 0.002 -23"><span class='ocrx_word' id='word_1_313' title='bbox 84 4111 113 4168; x_wconf 85' lang='grc' dir='ltr'>ἐν</span> <span class='ocrx_word' id='word_1_314' title='bbox 138 4110 282 4191; x_wconf 81' lang='grc' dir='ltr'>Μιτυλήνῃ</span> <span class='ocrx_word' id='word_1_315' title='bbox 313 4110 496 4188; x_wconf 72' lang='grc' dir='ltr'>ἀπελθόντων,</span> <span class='ocrx_word' id='word_1_316' title='bbox 528 4111 563 4170; x_wconf 89' lang='grc' dir='ltr'>δι’</span> <span class='ocrx_word' id='word_1_317' title='bbox 575 4104 606 4170; x_wconf 85' lang='grc' dir='ltr'>σίν</span> <span class='ocrx_word' id='word_1_318' title='bbox 636 4111 750 4191; x_wconf 86' lang='grc' dir='ltr'>ρανερδν</span> <span class='ocrx_word' id='word_1_319' title='bbox 779 4111 881 4189; x_wconf 87' lang='grc' dir='ltr'>γίνεται</span> <span class='ocrx_word' id='word_1_320' title='bbox 903 4109 949 4170; x_wconf 79' lang='grc' dir='ltr'>καί</span> <span class='ocrx_word' id='word_1_321' title='bbox 977 4113 1078 4190; x_wconf 82' lang='grc' dir='ltr'>πιστόν,</span> <span class='ocrx_word' id='word_1_322' title='bbox 1110 4114 1148 4170; x_wconf 83' lang='grc' dir='ltr'>δτι</span> <span class='ocrx_word' id='word_1_323' title='bbox 1172 4113 1187 4170; x_wconf 87' lang='grc' dir='ltr'>δ</span> <span class='ocrx_word' id='word_1_324' title='bbox 1209 4113 1377 4186; x_wconf 70' lang='grc' dir='ltr'>τελευτήσας</span> 
     </span>
     <span class='ocr_line' id='line_1_31' title="bbox 85 4229 1377 4312; baseline 0.002 -23"><span class='ocrx_word' id='word_1_325' title='bbox 85 4232 285 4310; x_wconf 78' lang='grc' dir='ltr'>Ῥηγδπουλος,</span> <span class='ocrx_word' id='word_1_326' title='bbox 309 4233 324 4289; x_wconf 79' lang='grc' dir='ltr'><strong>ὁ</strong></span> <span class='ocrx_word' id='word_1_327' title='bbox 344 4229 558 4307; x_wconf 86' lang='grc' dir='ltr'>μετονομασθεὶς</span> <span class='ocrx_word' id='word_1_328' title='bbox 574 4233 698 4312; x_wconf 85' lang='grc' dir='ltr'>Γαβριὴλ</span> <span class='ocrx_word' id='word_1_329' title='bbox 720 4235 852 4309; x_wconf 85' lang='grc' dir='ltr'>μοναχὸς,</span> <span class='ocrx_word' id='word_1_330' title='bbox 877 4233 1010 4312; x_wconf 82' lang='grc' dir='ltr'>ἀριέρωσε</span> <span class='ocrx_word' id='word_1_331' title='bbox 1026 4235 1056 4292; x_wconf 90' lang='grc' dir='ltr'>τδ</span> <span class='ocrx_word' id='word_1_332' title='bbox 1073 4233 1219 4312; x_wconf 80' lang='grc' dir='ltr'>μονὴδριον</span> <span class='ocrx_word' id='word_1_333' title='bbox 1236 4235 1377 4294; x_wconf 75' lang='grc' dir='ltr'>αὐτοῦτοῦ</span> 
     </span>
     <span class='ocr_line' id='line_1_32' title="bbox 85 4351 1376 4436; baseline 0.002 -26"><span class='ocrx_word' id='word_1_334' title='bbox 85 4353 162 4428; x_wconf 88' lang='grc' dir='ltr'>άγίου</span> <span class='ocrx_word' id='word_1_335' title='bbox 185 4353 320 4432; x_wconf 87' lang='grc' dir='ltr'>Γεωργίου</span> <span class='ocrx_word' id='word_1_336' title='bbox 340 4357 385 4412; x_wconf 84' lang='grc' dir='ltr'>τοῦ</span> <span class='ocrx_word' id='word_1_337' title='bbox 409 4353 498 4432; x_wconf 81' lang='grc' dir='ltr'>ἐντῷ</span> <span class='ocrx_word' id='word_1_338' title='bbox 522 4353 679 4434; x_wconf 87' lang='grc' dir='ltr'>Παρασιγίῳ</span> <span class='ocrx_word' id='word_1_339' title='bbox 703 4354 732 4413; x_wconf 87' lang='grc' dir='ltr'>ἐν</span> <span class='ocrx_word' id='word_1_340' title='bbox 755 4359 787 4435; x_wconf 82' lang='grc' dir='ltr'>τῇ</span> <span class='ocrx_word' id='word_1_341' title='bbox 811 4353 1018 4436; x_wconf 82' lang='grc' dir='ltr'>σεβασμιωτοίτῃ</span> <span class='ocrx_word' id='word_1_342' title='bbox 1041 4363 1111 4436; x_wconf 81' lang='grc' dir='ltr'>μονῇ</span> <span class='ocrx_word' id='word_1_343' title='bbox 1136 4362 1190 4415; x_wconf 84' lang='grc' dir='ltr'>τῶν</span> <span class='ocrx_word' id='word_1_344' title='bbox 1212 4351 1376 4434; x_wconf 80' lang='grc' dir='ltr'>Ταξιαρχῶν</span> 
     </span>
    </p>
   </div>
   <div class='ocr_carea' id='block_1_5' title="bbox 85 4473 1376 4561">
    <p class='ocr_par' dir='ltr' id='par_1_5' title="bbox 85 4473 1376 4561">
     <span class='ocr_line' id='line_1_33' title="bbox 85 4473 1376 4561; baseline 0.002 -27"><span class='ocrx_word' id='word_1_345' title='bbox 85 4477 130 4534; x_wconf 84' lang='grc' dir='ltr'>τοῦ</span> <span class='ocrx_word' id='word_1_346' title='bbox 145 4475 289 4548; x_wconf 85' lang='grc' dir='ltr'>Λειμῶνος</span> <span class='ocrx_word' id='word_1_347' title='bbox 310 4480 356 4535; x_wconf 84' lang='grc' dir='ltr'>τοῦ</span> <span class='ocrx_word' id='word_1_348' title='bbox 380 4475 586 4536; x_wconf 77' lang='grc' dir='ltr'>ἐπισκέπτεσθαι</span> <span class='ocrx_word' id='word_1_349' title='bbox 600 4474 647 4535; x_wconf 85' lang='grc' dir='ltr'>καί</span> <span class='ocrx_word' id='word_1_350' title='bbox 671 4473 902 4552; x_wconf 81' lang='grc' dir='ltr'>ἐξοικσνομεῑοθαι</span> <span class='ocrx_word' id='word_1_351' title='bbox 916 4477 981 4555; x_wconf 88' lang='grc' dir='ltr'>παρ’</span> <span class='ocrx_word' id='word_1_352' title='bbox 994 4476 1108 4561; x_wconf 65' lang='grc' dir='ltr'>αἰνιῆςί)</span> <span class='ocrx_word' id='word_1_353' title='bbox 1124 4475 1170 4536; x_wconf 87' lang='grc' dir='ltr'>καί</span> <span class='ocrx_word' id='word_1_354' title='bbox 1185 4479 1251 4557; x_wconf 86' lang='grc' dir='ltr'>πρδς</span> <span class='ocrx_word' id='word_1_355' title='bbox 1267 4473 1376 4554; x_wconf 75' lang='grc' dir='ltr'>αὔξησιν</span> 
     </span>
    </p>
   </div>
   <div class='ocr_carea' id='block_1_6' title="bbox 190 4732 396 4800">
    <p class='ocr_par' dir='ltr' id='par_1_6' title="bbox 190 4732 396 4800">
     <span class='ocr_line' id='line_1_34' title="bbox 190 4732 396 4800; baseline 0 -14"><span class='ocrx_word' id='word_1_356' title='bbox 190 4737 208 4800; x_wconf 81' lang='lat'>¹)</span> <span class='ocrx_word' id='word_1_357' title='bbox 229 4732 301 4787; x_wconf 73' lang='grc' dir='ltr'>αὐτοῦ</span> <span class='ocrx_word' id='word_1_358' title='bbox 321 4737 351 4789; x_wconf 89' lang='grc' dir='ltr'>Ρ.</span> <span class='ocrx_word' id='word_1_359' title='bbox 364 4736 396 4788; x_wconf 89' lang='grc' dir='ltr'>Κ.</span> 
     </span>
    </p>
   </div>
   <div class='ocr_carea' id='block_1_7' title="bbox 0 0 1634 5288">
    <p class='ocr_par' dir='ltr' id='par_1_7' title="bbox 0 0 1634 5288">
     <span class='ocr_line' id='line_1_35' title="bbox 0 0 1634 5288; baseline 0 0"><span class='ocrx_word' id='word_1_360' title='bbox 0 0 1634 5288; x_wconf 95' lang='lat' dir='ltr'> </span> 
     </span>
    </p>
   </div>
  </div>
 </body>
</html>
