3166 5298
260 346 302 411 84

261 542 361 619 κέρνης
388 538 435 600 καὶ
463 539 607 620 παρέδωκε
636 539 681 600 διὰ
702 542 866 620 γράμματος
889 541 968 600 αὐτοῦ
990 541 1057 620 ττρός
1079 561 1153 612 τινας
1175 545 1229 600 τῶν
1250 545 1409 619 καστρηνῶν
1433 539 1542 598 Ἰωαννι-

259 667 360 722 νιωτῶν
382 664 509 738 κτήματά
530 683 599 742 τινα,
628 661 730 742 δρειλει
755 663 830 739 ἔχειν
852 663 882 720 rb
906 663 1019 741 στέργον
1042 659 1089 722 καί
1112 661 1311 736 ἀμεταποίητον
1333 659 1380 722 καί
1404 661 1447 720 ἐπ’
1456 662 1542 735 αὐτσῖς,

259 785 321 844 ὅσον
345 785 470 858 δηλονότι
495 783 631 859 ἐποίησεν.
656 789 740 844 ταᾱτα
761 787 858 864 πάντα,
882 786 933 844 ὅσα
955 783 1026 844 κατὰ
1049 785 1133 864 μέρος
1156 781 1298 863 διορίζεται
1320 785 1339 858 ἡ
1361 781 1488 856 βασιλεία
1501 801 1543 856 μου

260 905 288 964 ἐν
317 903 356 983 τῷ
389 907 499 986 παρόντι
529 905 727 985 χρυσοβσὺλλῳ
757 905 836 985 λόγῳ
870 905 963 983 αὐτῆς,
997 905 1238 985 συντηρηθησονται
1260 902 1308 964 καὶ
1337 903 1542 982 ρυλσχθήσοντοι
1574 949 1575 952 ¹

259 1024 360 1100 βέβαια
382 1024 429 1084 καὶ
452 1027 591 1086 άσαλευτα
612 1025 660 1086 καί
682 1027 871 1107 ἀμετάτρειττα
895 1025 940 1087 διὰ
962 1025 1069 1102 μηδένα
1091 1031 1145 1086 τῶν
1161 1027 1286 1086 ἁπάντων
1301 1026 1399 1106 τρόπον
1414 1023 1543 1099 μέλλοντα

259 1147 452 1226 ἐναλλαγηναι
475 1145 523 1207 καὶ
544 1148 740 1226 καταλυθῆναι,
765 1149 803 1208 ότι
827 1145 893 1224 μηδ’
902 1148 958 1208 έστι
979 1151 1056 1208 τοῦτο
1080 1149 1141 1220 ἔθος
1163 1151 1196 1228 τῇ
1220 1145 1348 1220 βασιλεία
1370 1166 1423 1222 μου
1446 1145 1488 1204 διὰ
1501 1149 1543 1218 τῆς

258 1272 373 1349 χάριτος
399 1273 445 1329 τοῦ
467 1270 592 1350 Χριστοῦ,
623 1269 686 1329 ουδὲ
713 1269 860 1329 καταλύειν
887 1264 962 1330 οἶδεν
989 1269 1074 1350 όλως,
1105 1271 1168 1328 όσον
1195 1271 1228 1328 ἂν
1254 1269 1342 1350 ρθάση
1372 1264 1420 1326 καὶ
1443 1265 1487 1326 διό
1505 1269 1543 1324 τοῦ

258 1393 391 1470 παρόντος
413 1389 620 1470 χρυσσβοθλλσυ
643 1391 725 1466 αὐτῆς
749 1389 911 1471 διορίσηται·
935 1389 980 1450 διά
1001 1411 1043 1451 τοι
1064 1395 1140 1452 τοῦτο
1161 1389 1209 1450 καί
1228 1391 1280 1450 όσα
1297 1387 1437 1468 κεφάλαια
1451 1387 1543 1466 εἴρηται
1574 1407 1575 1412 ’

258 1511 330 1571 κατὰ
352 1512 446 1592 μέρος,
469 1508 503 1571 τὰ
525 1514 613 1572 πάντα
635 1513 665 1571 τ“ο
689 1513 803 1591 στέργον
825 1509 872 1572 καὶ
893 1515 991 1590 πάγιον
1015 1508 1071 1583 ἕξει
1093 1511 1140 1572 καὶ
1162 1511 1285 1585 διαμενεῖ
1297 1512 1466 1570 παντάπασιν
1481 1510 1542 1569 άνα-
1574 1491 1575 1514 ἰ

257 1633 361 1693 τάλυτα
389 1638 422 1715 τῇ
451 1630 536 1710 ἰσχύει
563 1631 610 1692 καὶ
638 1633 749 1708 δυνάμει
776 1637 822 1694 τοῦ
843 1636 977 1714 παρόντος
1003 1633 1210 1714 χρυσοβοθλλσυ
1231 1631 1318 1711 λόγου
1339 1637 1389 1708 τῆς
1412 1630 1543 1706 βασιλείας

258 1775 319 1832 μου,
342 1754 526 1826 ἀπολυθέντος
548 1755 632 1814 κατὰ
656 1761 743 1830 μῆνα
764 1756 984 1836 φεβρσυάρισν
1007 1761 1065 1831 τῆς
1087 1756 1309 1830 ἐνισταμένης
1332 1753 1491 1833 δευτέρας
1505 1751 1542 1810 ίν-
1574 1763 1575 1770 ’

257 1875 431 1946 δικτιῶνσς
453 1879 508 1936 τοῦ
531 1873 826 1954 ἑξακισχιλιοστοῦ
843 1876 1107 1937 θκτακοσιοστοῡ
1122 1875 1272 1937 εἰκοστοῦ
1288 1874 1435 1951 ἑβδόμου
1452 1877 1541 1948 ἔτους,
1574 1917 1575 1938 τ

257 1995 290 2054 ἐν
307 1990 329 2074 ᾧ
344 1995 398 2055 καί
414 1998 448 2056 τό
464 1998 628 2077 ἡμέτερον
644 1997 783 2070 εὐσεβὲς
798 1997 855 2058 καί
870 1997 1122 2078 θεοπρόβλητον
1138 1998 1372 2073 θιτεσημήνατο
1387 1999 1507 2077 κράτος
1520 1999 1541 2070 θ.
1574 1995 1575 2044 i

359 2123 376 2194 †
400 2117 608 2198 Ἀνδρόνικος
629 2119 662 2178 ἐν
677 2119 807 2200 Χριστῷ
823 2117 866 2198 τῷ
882 2119 948 2198 θεῷ
963 2121 1078 2191 πιστός
1095 2117 1256 2192 βασιλεὺς
1271 2115 1327 2178 καὶ
1342 2120 1542 2199 αὐτοκράτωρ

257 2237 428 2312 Ῥωμαίων
451 2240 466 2296 ό
495 2238 736 2318 Παλαισλόγος
758 2244 785 2316 †.

360 2367 541 2437 Archetypum
556 2369 663 2422 membr.
684 2369 758 2422 Erat
772 2369 837 2422 otim
851 2369 955 2423 domini
971 2368 1007 2423 G.
1025 2371 1052 2422 0,
1067 2369 1182 2437 Pontici,
1203 2385 1275 2422 τιυαα
1290 2373 1380 2422 autem
1395 2373 1542 2422 asservatur
1574 2365 1575 2388 ³

256 2470 285 2523 ιἰι
307 2471 465 2524 θιθίἰσίίιεσα
484 2472 671 2526 universitatis
687 2472 863 2526 Atheniensis.
896 2473 1006 2528 Primus
1022 2474 1064 2527 ed.
1081 2473 1274 2541 Μαοιοαγάεσι
1301 2466 1541 2543 Ἐλληνομνήμωη

251 2591 284 2643 p.
299 2575 376 2642 464,·
392 2576 489 2630 iterum
504 2576 698 2646 Αναυααιὶκοσ,
716 2567 908 2650 Χρονογραρία
929 2577 978 2646 τῆς
1001 2570 1140 2651 Ἠπείρου,
1158 2575 1199 2631 II.
1211 2595 1244 2646 p.
1263 2578 1334 2630 294.

540 2861 583 2924 II.
608 2859 834 2942 6829-1321,
858 2881 970 2924 mense
993 2861 1090 2942 iuni0,
1113 2860 1180 2924 ind.
1204 2859 1262 2924 IV.

272 3023 424 3094 Imperator
447 3025 617 3079 Andronicus
643 3025 683 3079 II.
710 3025 889 3095 Ραίαεοίορυε
912 3023 1052 3094 συντάττεται
1082 3025 1206 3078 ecclesiae
1231 3025 1426 3078 Ῑοαιιιιι-’τιοτανι
1448 3041 1529 3078 omnes

805 3129 995 3198 portensiones,

360 3333 376 3405 γ
399 3328 477 3388 Ἐπεὶ
505 3329 534 3389 έν
561 3329 599 3407 τῷ
621 3331 672 3408 ττρδ
696 3328 792 3408 ὀλίγου
814 3329 939 3407 γεγονότι
961 3327 1009 3388 καὶ
1033 3329 1258 3409 ἐπιχορηγηθέντι
1281 3329 1478 3408 χρυσοβοόλλῳ
1498 3333 1541 3401 τῆς

256 3447 401 3524 βασιλείας
424 3471 475 3526 μου
497 3457 595 3522 κοινῶς
617 3451 684 3529 πρός
706 3450 768 3522 τοὺς
791 3449 916 3521 ἐποίκους
938 3456 988 3525 τῆς
1010 3451 1160 3510 θεασώπου
1181 3451 1291 3520 πόλεως
1313 3456 1367 3509 τῶν
1391 3449 1540 3511 Ἰωαννίνων

256 3569 476 3645 διαλαμβάνεται
506 3572 575 3646 μετὰ
604 3576 657 3631 τῶν
688 3565 787 3630 ἄλλων
815 3569 862 3631 καὶ
891 3571 935 3630 ίνα
963 3573 982 3648 ἡ
1006 3571 1095 3632 ἐκεῖσε
1126 3573 1262 3650 άγιωτάτη
1287 3572 1422 3648 ἐκκλησία
1444 3573 1539 3648 κατέχη

254 3693 345 3751 πάντα
365 3692 399 3751 τὰ
421 3695 548 3767 κτήματα
571 3694 654 3767 ουὐτῆς
674 3695 708 3752 τά
729 3713 760 3751 τε
780 3696 1009 3773 προκατεχόμενα
1022 3695 1086 3773 παρ’
1096 3695 1188 3773 αὐτῆς,
1211 3693 1288 3753 ἀλλὰ
1304 3693 1336 3769 δὴ
1352 3691 1400 3754 καί
1414 3694 1449 3752 τὰ
1463 3712 1539 3773 προσ-

256 3811 414 3873 εττιδοθέντα
436 3813 517 3895 αἰτῇ,
541 3812 639 3892 ἀρτίως
662 3813 692 3872 δὲ
705 3789 920 3892 Ιτταρενιλητευσε
943 3813 990 3888 τὴν
1014 3813 1158 3886 βασιλείαν
1181 3833 1232 3889 μου
1251 3815 1266 3872 ό
1282 3809 1428 3894 ἱερώτατος
1444 3833 1539 3893 μητρο-

255 3935 370 4010 τιολίτης
399 3933 569 4014 Ἰωαννίνων,
599 3935 753 4016 θττέρτιμσς,
785 3935 828 3995 ἵνα
859 3935 985 4017 άττολυθῇ
1014 3935 1221 4014 χρυσόβουλλον
1251 3939 1300 4010 τῆς
1328 3935 1470 4008 βασιλείας
1496 3954 1539 4009 μου

256 4053 445 4130 διαλαμβάνον
467 4055 538 4116 κατὰ
561 4057 643 4136 μέρος
665 4059 754 4116 πάντα
775 4057 810 4116 τὰ
830 4059 958 4133 κτήματα
979 4062 1028 4132 τῆς
1051 4055 1197 4138 εἰρημένης
1217 4057 1371 4134 ἁγιωτάτης
1387 4054 1538 4130 ἐκκλησίας,

255 4177 341 4255 ἅτινα,
373 4177 411 4248 ὡς
441 4177 579 4258 ἀνέφερεν,
611 4175 661 4237 εἰσὶ
690 4183 783 4258 ταῦτα,
813 4177 898 4257 ἤγουν
925 4179 959 4238 τά
986 4177 1037 4254 μὲν
1063 4179 1292 4258 προκατεχόμενα
1318 4180 1382 4258 παρ’
1396 4180 1477 4252 αθτῆς
1503 4173 1539 4233 διὰ

256 4295 447 4372 δικαιωμάτων
476 4299 623 4378 διαφόρων·
654 4299 754 4380 χωρίον
782 4300 812 4358 τό
836 4299 981 4380 Παρσιιιίον
990 4298 1023 4378 1),
1054 4299 1155 4379 χωρίον
1182 4301 1200 4375 ή
1224 4298 1375 4376 Πόβλιστα,
1406 4295 1538 4378 χωρίονί,

256 4414 387 4500 Ἄρουλα,
418 4419 519 4500 χωρίον
546 4423 564 4496 ἡ
587 4421 607 4480 Γ
609 4420 766 4499 όττλισταῖ),
796 4420 896 4499 χωρίον
923 4422 942 4497 ἡ
966 4420 1137 4503 Ῥέψισταῧ),
1166 4420 1267 4500 χωρίον
1290 4422 1307 4495 ἡ
1331 4421 1480 4506 Βελτζίστα
1500 4418 1538 4477 eur

254 4575 461 4586 Ἣ..

360 4680 379 4746 ¹)
398 4677 539 4746 Παροικεῖυν
557 4681 746 4730 Ατιινατιθίττοε.
817 4679 840 4746 ²)
858 4677 980 4737 Τάττλιτζα
999 4681 1030 4732 Α.
1102 4681 1123 4747 ³)
1143 4677 1262 4748 Ῥαψίστα
1280 4682 1311 4732 Δ.
