3222 5284
1294 351 1358 416 313

52 547 119 604 σῦτω
144 551 241 608 ποιεῖν
265 549 387 626 στέρησιν
409 547 564 628 κατακρίνω
586 545 640 607 τῶν
664 546 737 606 ἰδίων
761 546 871 626 διαρίων
892 545 939 606 καὶ
954 547 1132 625 ῦποκράτησιν
1149 544 1192 605 ἐπὶ
1208 551 1297 621 μῆνας
1313 543 1358 618 ἕξ·

51 667 72 726 εἰ
96 667 127 727 δὲ
152 667 207 728 καί
230 671 316 729 πσίλιν
340 671 482 749 εὑρεθῶσιν
505 670 574 729 οῦτω
597 673 736 740 ποιοῦντες
757 667 844 748 χωρὶς
861 669 975 746 εῦλόγου
992 667 1088 746 αἰτίας,
1112 667 1156 726 ἵνα
1173 666 1358 727 ἐκδιῶκωνται

50 793 124 867 παρὰ
146 794 199 850 τοῦ
223 791 397 870 κληρονόμου
421 811 482 872 μου,
506 787 584 850 ἀλλά
606 788 653 850 καί
677 789 702 848 οί
724 791 796 848 κατσί
816 811 840 848 τι
857 790 885 848 έν
901 791 1092 869 ἁμαρτήμασιν
1109 789 1211 869 ἑτέροις
1228 787 1358 867 ἐλαφροῖς

52 911 246 992 εὑρισκόμενοι
276 911 323 972 καὶ
352 899 565 992 προσκρούοντες
587 911 625 991 τῷ
655 909 756 990 τυπικῷ
780 931 831 985 μου
863 911 1092 988 έλεγχθέσθωσαν
1121 909 1357 990 ἀπερικαλῦπτως,

50 1035 93 1091 ἵνα
124 1033 205 1094 αἰδοῖ
229 1041 283 1094 τῶν
308 1034 435 1112 ἐλέγχων
458 1034 497 1110 μὴ
525 1030 651 1109 ἀμελῶσι
672 1038 723 1108 τῆς
746 1033 849 1091 ἑαυτῶν
871 1031 1035 1112 σωτηρίας·’
1051 1028 1187 1112 ,,ἑλεγμι”ρ
1209 1033 1273 1112 γάρ,
1296 1051 1358 1111 φησι

52 1157 68 1228 ἡ
91 1155 156 1214 θεία
188 1159 291 1237 γραφη,
313 1128 450 1234 ’ἐλέγξεις
476 1157 520 1214 τον
542 1155 659 1230 πλησίον
683 1175 740 1233 σου,
771 1151 819 1212 καὶ
842 1154 872 1213 οῦ
893 1151 978 1235 λείψη
1001 1153 1067 1232 ὑπὲρ
1091 1153 1170 1213 αῦτοῦ
1192 1151 1358 1232 ἀμαρτίαν.“

53 1281 128 1346 τοῦτο
155 1277 191 1337 δὲ
213 1275 260 1336 καί
282 1278 297 1334 ὁ
326 1277 481 1355 ἡγούμενος
503 1279 522 1350 ἢ
545 1274 690 1352 οἰκονόμος
717 1275 839 1336 πείσεται
861 1275 935 1356 παρὰ
957 1279 1010 1334 τῶν
1032 1274 1214 1355 κληρονόμων
1238 1295 1290 1349 μου
1311 1271 1359 1333 καὶ

53 1405 99 1470 τῆς
124 1397 316 1477 ἀδελφότητος
340 1397 369 1456 έν
391 1418 442 1456 τινι
465 1396 553 1478 μικρῷ
576 1398 716 1477 σφαλματι
738 1397 921 1466 ῦποπτευθείς.
949 1393 997 1456 καί
1019 1395 1054 1454 τά
1074 1397 1143 1474 προς
1166 1395 1311 1472 ἀλλήλους
1327 1395 1358 1454 δὲ

54 1521 260 1596 προσκόμματα
282 1516 322 1590 εἰς
346 1520 429 1594 μέσον
451 1517 551 1591 πάντες
573 1519 751 1599 προθήσουσιν
775 1516 941 1598 ἐξάρχοντος
962 1521 1009 1577 τοῦ
1031 1517 1204 1597 κληρονόμου
1227 1536 1288 1594 μου,
1312 1513 1360 1575 καί

59 1637 186 1700 δωιλῦσει
209 1634 288 1712 οὗτος
309 1642 399 1700 πάντα
422 1637 453 1713 ἐξ
476 1641 594 1712 ἅπαντας
618 1639 665 1700 καί
688 1641 897 1720 στηριχθησεται
918 1639 936 1712 ἡ
959 1639 1053 1718 ἀγάπη
1075 1641 1171 1718 τῇτοῦ
1191 1637 1254 1696 θεοῦ
1268 1638 1358 1715 χάριτι

57 1764 102 1818 τοῦ
125 1759 264 1834 εἰπόντος·
289 1762 342 1842 ,,έν
363 1763 449 1842 τοίιτῳ
471 1763 621 1840 γνώσονται
642 1765 752 1840 πάντες,
775 1762 815 1820 δτι
832 1759 893 1835 έμοί
916 1757 1035 1836 μαθηταὶ
1057 1759 1127 1838 ἐστέ,
1151 1754 1233 1835 ἐντῷ
1249 1754 1359 1836 ἀγαπᾶν

59 1879 245 1955 σίλ“κήλους’ξι
275 1881 323 1942 καί
344 1883 438 1943 τοῦτου
467 1884 611 1962 γινομένου
642 1881 1023 1964 ἀπελαθήσεταιῄοχυμένος
1045 1881 1171 1955 ἀπάσης
1195 1878 1360 1957 δημιουργός

61 2008 109 2078 τῆς
138 2004 240 2076 κακίας
267 2006 282 2064 ὁ
313 2005 535 2084 ἀνθρωποκτόνος
565 2003 710 2078 διάβολος·
740 2003 835 2083 ἡγὰρ
864 2004 995 2082 γινομένη
1025 2001 1121 2080 κρίσις,
1153 2001 1304 2080 ἐφορῶντος
1328 1997 1359 2072 ἐξ

62 2124 181 2198 ἅπαντας
202 2123 250 2186 καὶ
273 2126 501 2203 διαγινῶοκοντος
522 2122 660 2184 κάνταῦθα
675 2129 722 2184 τοῦ
736 2125 917 2204 περιποθήτου
932 2121 979 2184 καὶ
993 2122 1105 2201 γνησίου
1122 2143 1173 2198 μου
1189 2121 1254 2201 υἱοῦ,
1277 2124 1359 2201 κυροῦ

27 2325 37 2346 υ
64 2242 218 2327 Θεοδώρου,
241 2245 289 2306 καὶ
311 2252 365 2307 τῶν
388 2243 509 2321 καθεξῆς
530 2246 712 2325 κληρονόμων
736 2267 788 2321 μου
809 2243 857 2305 καί
879 2243 1098 2305 ουνδιοικοῦντων
1119 2244 1154 2304 τὰ
1168 2251 1218 2320 της
1238 2241 1359 2323 εἰρήνης,

65 2367 136 2426 ἔσται
164 2369 241 2448 κυρία
263 2367 310 2428 καί
335 2364 429 2446 ἰσχυρὰ
450 2367 497 2428 καὶ
524 2369 736 2444 ἀμετακίνητος·
768 2368 898 2445 ἀλλαχοῦ
920 2368 975 2447 γὰρ
997 2369 1049 2444 οῦχ
1076 2367 1273 2440 ἑλκυσθησεται
1296 2365 1358 2439 δίκη

63 2489 134 2567 πιρά
156 2497 208 2551 τῶν
230 2494 277 2550 τοῦ
300 2491 517 2572 πτωχοτρορείου
538 2490 586 2552 καί
608 2494 655 2550 τοῦ
679 2491 857 2571 μοναοτηρίου
874 2511 926 2567 μου
941 2490 1068 2570 ἀδελφῶν
1083 2494 1101 2564 ἡ
1118 2494 1248 2567 μοναχῶν
1264 2491 1358 2548 ἕνεκεν

65 2607 133 2682 ἰδίας
157 2611 262 2683 ἀδικίας
285 2615 303 2688 ἡ
327 2611 437 2689 βλάβης
451 2615 526 2693 παρά
542 2633 613 2684 τινος
627 2619 681 2672 τῶν
696 2611 741 2672 ὑπ’
751 2613 829 2672 αῦτδν
844 2633 943 2699 προστρ
956 2611 1091 2688 βομένων.
1121 2609 1143 2670 εἰ
1160 2611 1191 2670 δέ
1205 2631 1246 2682 τις
1263 2609 1358 2690 εὑρεθῇ

66 2729 167 2812 δύσερις
188 2731 233 2793 καὶ
254 2735 409 2813 φιλόνεικος
431 2733 479 2792 καὶ
502 2733 572 2808 μετὰ
596 2733 724 2813 δευτέραν
747 2733 793 2792 καὶ
816 2733 906 2813 τρίτην
930 2733 1079 2809 ἐπιτίμησιν
1101 2734 1131 2794 οῦ
1148 2733 1291 2813 διορθωθῇ,
1315 2731 1358 2790 ἵνα

67 2851 237 2930 έκδιῶκηται·
261 2855 290 2915 έν
313 2854 363 2933 ίσῳ
385 2855 439 2934 γάρ
461 2853 580 2915 κείσεται
602 2856 652 2930 τήν
674 2859 720 2914 τοῦ
743 2856 806 2915 θεοῦ
828 2855 926 2928 ταῦτ-ην
949 2854 1138 2936 κληρονομίαν
1161 2854 1175 2911 ’ό
1198 2875 1228 2912 τε
1253 2853 1358 2932 δῦσερις

66 2973 110 3032 καί
131 2974 272 3049 κενόδοξος
294 2975 341 3035 καὶ
364 2977 379 3036 ὁ
402 2976 526 3057 αἰσχρός,
549 2976 595 3036 καὶ
618 2979 669 3054 οἰνχ
692 2973 748 3049 ἔξει
772 2977 870 3056 μερίδα
894 2977 923 3036 ἐν
947 2979 1027 3060 αθτῇ·
1057 2973 1225 3054 ἀνέλεγκτος
1248 2973 1279 3032 δὲ
1295 2973 1359 3034 οῦδὲ

68 3088 104 3165 εἷς
125 3099 359 3180 κατακριθήσεται.

535 3288 572 3362 ζ’.
598 3288 679 3368 Περὶ
702 3291 884 3367 ἀποταγῆς.

165 3463 319 3540 Ἀποταγὴν
343 3463 383 3543 δέ,
408 3466 446 3536 ῶς
467 3463 635 3543 προείρηται,
660 3465 690 3523 οῦ
713 3463 849 3540 βούλομαι
873 3461 995 3524 δίδοσθαι
1020 3463 1047 3522 έν
1063 3461 1101 3544 τῷ
1117 3463 1228 3543 τοιούτῳ
1245 3483 1297 3538 μου
1313 3467 1358 3523 τοῦ

69 3585 275 3664 πτωχατρορείου
298 3583 479 3666 μοναστηρίῳ,
505 3584 527 3644 εἰ
551 3587 589 3661 μὴ
614 3583 657 3645 διὰ
680 3585 728 3661 τὴν
751 3588 951 3666 προειρημένην
974 3585 1070 3666 χρείαν
1087 3587 1199 3661 θελήσει
1215 3585 1357 3654 κάκεῖνος·

71 3701 201 3766 ἀλλὀῦτε
226 3703 393 3782 έξωμονίτην
417 3703 486 3766 εἶναι
509 3707 593 3778 ὅλως.
623 3706 646 3766 εἰ
670 3707 701 3766 δέ
723 3728 763 3779 τις
778 3711 962 3787 προοκυρῶσει
985 3707 1112 3782 ἀκίνητον
1135 3713 1227 3782 κτῆσιν
1246 3708 1313 3788 πρός
1328 3707 1359 3765 τό

71 3823 213 3900 λαμβάνειν
229 3832 322 3888 τοῦτον
338 3830 483 3908 σιτηρέσιοι,
500 3830 563 3890 θεοῦ
579 3829 710 3901 θέλοντος
724 3829 841 3906 γινέσθω
856 3833 943 3888 τοῦτο.
965 3828 1012 3888 καί
1026 3829 1070 3887 ἵνα
1085 3831 1260 3909 παρέχωνται
1276 3827 1358 3908 αἰτῷ,

73 3945 131 4026 ἅπερ
153 3950 245 4027 ἔχουσι
268 3951 476 4029 συμρωνηθῆναι
499 3951 582 4030 μέχρι
604 3951 702 4022 τέλους
724 3952 798 4027 ζωῆς
822 3952 901 4010 αῦτοῦ
922 3951 969 4010 καί
993 3952 1088 4026 μόνου·
1114 3949 1137 4010 εἰ
1161 3950 1192 4009 δὲ
1214 3948 1262 4010 καί
1278 3944 1359 4010 δώσει

72 4087 107 4140 τις
125 4071 279 4151 προσένεξιν
302 4075 385 4132 ἕνεκα
407 4076 453 4132 τοῦ
477 4073 695 4148 μνημονεύεσθαι
709 4071 755 4132 καὶ
772 4075 854 4147 μόνον
871 4071 911 4144 εἰς
927 4071 1038 4151 αἰῶνας,
1061 4069 1199 4132 καὶτοῦτο
1216 4065 1359 4130 ἀκώλυτον

75 4187 140 4254 ἔ,ετω
175 4191 363 4274 ξενοκουρίτην
387 4193 417 4252 δὲ
441 4193 503 4253 οῦδὲ
534 4195 608 4266 όλως
625 4195 852 4270 ,ματατσίττεσθαι
880 4194 1017 4269 βούλομαι
1041 4196 1069 4254 ἐν
1091 4200 1124 4275 τῇ
1146 4195 1254 4274 τοιαύτῃ
1277 4199 1358 4274 μονῇ,

75 4309 146 4390 εἰμὴ
169 4317 198 4374 δν
222 4317 280 4394 ἐγὼ
303 4313 388 4389 ἔταξα
411 4318 533 4393 μοναχδν
557 4317 698 4376 Ἀντώνιον
720 4315 767 4375 καί
789 4317 931 4376 τετῦπωκα
955 4315 1172 4396 ἐκκλησιάρχην,
1205 4316 1243 4385 ῶς
1266 4311 1358 4373 εἰδότα

75 4435 123 4508 τοῦς
145 4437 311 4514 μοναχικοίις
332 4439 429 4510 τῦπους
451 4444 502 4514 τῆς
525 4437 676 4515 ἐκκλησίας
699 4437 745 4498 καὶ
768 4438 929 4518 ῥυθμίζοντα
952 4437 1056 4516 αῦτοῦς,
1088 4437 1133 4496 σῦν
1158 4435 1229 4514 αῦτῷ
1252 4433 1299 4495 καὶ
1313 4437 1359 4494 τδν

76 4555 154 4637 ἕτερον
183 4561 306 4637 μοναχὸν
329 4561 478 4640 Ἄντώνιον,
510 4562 549 4631 ὡς
578 4534 774 4639 πρωτόκλητον
802 4559 840 4632 εἰς
866 4562 897 4619 τδ
919 4560 1136 4638 πτωχοτροφεῖόν
1160 4579 1212 4631 μου
1236 4557 1359 4636 ἐγκατα-

76 4682 161 4740 στίντα
183 4675 315 4760 μοναχὸν.
351 4681 429 4740 ἀλλά
451 4682 513 4753 τοῦς
536 4681 767 4761 ἀποκειρομένους
783 4682 812 4740 ἐν
833 4682 898 4761 αῦτῇ
914 4682 1098 4757 τεταγμένους
1114 4675 1192 4760 εἰναι,
1215 4679 1360 4751 κάκείνους
