3240 5286
375 1381 399 1444 I.
429 1380 654 1465 6585-1077,
678 1403 789 1448 mense
813 1387 936 1460 marti0‚
961 1385 1027 1448 ind.
1052 1385 1128 1472 XV.

93 1545 238 1615 Typteum
254 1546 365 1614 hospitii
375 1563 531 1616 pauperum
547 1549 575 1600 ἀι
592 1549 699 1632 σιίιίίαίε
713 1549 861 1604 Ιίίιασιίεείί
875 1557 899 1603 εί
911 1552 1030 1604 coenobii
1041 1549 1137 1606 Sancti
1149 1550 1302 1606 δαίυαίιινίε
1319 1551 1403 1606 Valde

132 1650 326 1704 Μίτυνίσστάιὶτ
342 1651 370 1704 in
393 1651 460 1705 Urbe
476 1653 575 1706 uticum
591 1670 609 1706 a
625 1653 757 1708 Μίτίιαύίε
774 1653 919 1724 Αίίσίύαία,
941 1657 1075 1710 οωιάίίοτε
1090 1673 1232 1710 sacrarum
1249 1656 1365 1710 aedium.

91 1851 261 1925 Διάταξις
276 1854 331 1912 σύν
347 1853 411 1932 θεῷ
426 1856 592 1932 γενομένη
606 1856 694 1936 παρὰ
711 1856 852 1932 Μιχαὴλ
870 1857 1055 1936 πατρικίου,
1077 1857 1270 1936 ἀνθυπάτου,
1291 1862 1403 1938 κριτοῦ

93 1972 153 2033 ἐπὶ
176 1979 231 2034 τοῦ
250 1973 457 2055 ἱπποδρόμου
478 1975 532 2034 καί
552 1981 605 2034 τοῦ
622 1975 737 2054 βήλου,
761 1982 815 2036 τοῦ
832 1977 1075 2056 Ἀτταλειάτου,
1100 1977 1151 2036 ἐπὶ
1166 1977 1209 2057 τῷ
1224 1981 1403 2058 παράύτοῦ

92 2098 255 2155 συστάντι
277 2095 534 2178 πτωχοτρορείῳ
557 2097 676 2178 καὶτῷ
701 2097 922 2179 μοναστηρίῳ,
945 2101 1056 2172 καθὼς
1079 2099 1207 2178 δρείλει
1230 2099 1402 2161 τελεῖσθαι

92 2218 135 2276 τάι
169 2217 216 2276 ἐπ’
231 2219 341 2290 αύτοῖς
372 2219 468 2298 άχρις
500 2217 628 2297 αἰῶνος,
660 2219 707 2291 εἰς
732 2217 830 2293 δόξαν
853 2222 986 2301 πατρός,
1017 2220 1085 2280 υἱοῦ
1108 2219 1164 2280 καί
1187 2221 1282 2300 ἁγίου
1306 2223 1402 2282 πνεύ-

695 2362 807 2416 ματος.

204 2496 330 2574 γΧάρις
359 2495 400 2572 τῷ
427 2497 515 2555 πάντα
547 2497 689 2575 δυναμένῳ
719 2497 766 2556 καὶ
788 2499 856 2577 πρδς
878 2500 908 2558 τδ
932 2499 1042 2572 βέλτιον
1066 2497 1250 2574 οἰκονομοῦντι
1272 2499 1338 2580 θεῷ,
1368 2507 1401 2583 τῇ

96 2615 237 2695 δμοουσίῳ
260 2615 327 2694 ρημί
349 2615 396 2676 καί
425 2615 569 2697 ἀδιαιρέτῳ
592 2616 639 2676 καί
663 2617 805 2696 ἀσυγχύτῳ
827 2617 934 2700 Τριάδι,
960 2620 993 2679 δι’
1006 2613 1040 2694 ἦς
1063 2621 1197 2698 μεγάλων
1221 2619 1332 2702 δωρεῶν
1354 2621 1401 2682 καί

94 2741 147 2814 τὴν
176 2737 345 2818 ἀνθρωπίνην
373 2739 623 2819 ὑπερεκπιπτύντων
650 2741 723 2818 ρύσιν
750 2734 906 2817 ἠξιώθησαν
931 2743 1075 2822 ἅνθρωποι,
1106 2741 1152 2803 καὶ
1176 2741 1216 2814 εἰς
1238 2745 1272 2818 ἣν
1294 2749 1348 2802 πᾶν
1371 2745 1401 2802 τδ

95 2859 316 2938 κατορθούμενον
339 2859 509 2940 ἀναφέρεται,
532 2859 578 2920 καί
602 2863 665 2941 παρ’
679 2856 735 2947 [ἧς]
747 2861 766 2941 ¹)
792 2862 1039 2938 έθαυμκστώθησαν
1059 2863 1084 2923 σί
1100 2863 1172 2940 μηδὲ
1189 2865 1325 2939 θαυμάσαι
1341 2864 1400 2924 τινὰ

97 2982 246 3058 δυνηθῆναι
270 2980 416 3061 οἰηθέντες,
440 2981 485 3043 διὰ
506 2984 554 3057 τὴν
578 2990 755 3043 ταπεινοῦσαν
779 2986 886 3054 τούτους
910 2985 1059 3044 ἀσθένειαν.
1091 2987 1190 3062 ταύτης
1213 2987 1400 3066 προσκυνητίης

95 3106 146 3163 καί
176 3104 273 3184 λάτρις
296 3104 353 3180 ἐγὼ
376 3104 505 3184 Μιχαὴλ,
534 3105 684 3184 πατρίκιος,
715 3106 864 3176 ἀνθύπατος
886 3104 933 3166 καί
956 3109 1060 3186 κριτής,
1093 3107 1107 3166 δ
1131 3108 1335 3187 Ἀτταλειάτης,
1367 3109 1401 3168 ἐκ

96 3225 205 3284 παίδων
231 3228 309 3284 τοῦτο
334 3225 366 3284 τδ
393 3225 476 3300 σέβας
501 3226 544 3284 διὰ
566 3232 619 3286 τῶν
646 3231 812 3288 πιστοτάτων
835 3229 1005 3308 γεννητδρων
1030 3247 1081 3302 μου
1105 3227 1256 3308 διδαχθείς,
1287 3231 1399 3310 πάτριον

98 3348 221 3424 ἐχόντων
244 3348 274 3405 τδ
296 3349 364 3426 πρδς
387 3347 449 3406 θεδν
472 3347 619 3426 δρθύτομύν
642 3369 671 3406 τε
694 3348 741 3408 καί
764 3349 916 3428 εὔγνωμον,
939 3350 1084 3410 κάντεῦθεν
1110 3350 1269 3422 ἀπολαύσας
1283 3351 1399 3412 πολλῶν

96 3467 150 3542 μὲν
173 3466 221 3526 καί
246 3465 382 3527 ποικίλων
406 3468 500 3528 δεινῶν
529 3469 709 3548 ἀπαλλαγῆς,
743 3470 784 3530 ἐπὶ
813 3468 894 3546 ξένης
916 3473 1076 3550 γενόμενος,
1107 3472 1242 3532 πλειόνων
1265 3471 1296 3532 δὲ
1319 3475 1398 3553 εῦερ-

95 3591 264 3669 γετημάτων
286 3592 385 3667 πιχῶν,
413 3589 459 3650 καί
481 3591 568 3670 λύγου
593 3591 738 3668 μετασχὼν
762 3591 806 3650 διὰ
828 3591 909 3666 τῆσδε
933 3598 982 3668 τῆς
1005 3599 1057 3652 τῶν
1080 3593 1173 3672 λύγων
1196 3590 1330 3674 ἀρραίστου
1353 3595 1399 3654 καί

97 3708 239 3771 ἀκενῶτου
262 3709 338 3781 θείας
359 3717 466 3790 πηγῆς·
490 3718 582 3787 κτησιν
607 3713 657 3786 μὲν
680 3713 733 3792 γάρ
757 3713 814 3773 οὐδ’
827 3714 948 3786 ἡντινοῦν
964 3714 1036 3774 κατά
1050 3716 1098 3789 τὴν
1114 3721 1168 3774 τῶν
1184 3716 1278 3794 λύγων
1294 3717 1398 3796 μητρο-

96 3833 179 3893 πολιν
201 3831 250 3893 καί
274 3831 404 3907 βασιλίδα
425 3839 478 3892 τῶν
500 3833 612 3894 πύλεων
637 3835 668 3894 ἔκ
690 3855 761 3906 τινος
783 3842 836 3894 τῶν
861 3836 988 3896 ἀνιόντων
1010 3837 1198 3916 κληρονομίας
1218 3835 1397 3914 διεδεξάμην·

98 3956 170 4032 ἀπῆν
193 3957 259 4034 γάρ,
281 3958 315 4029 ῆν
339 3949 425 4034 εἰχον,
451 3955 479 4014 ἐν
502 3950 520 4037 ᾖ
543 3955 592 4031 τὴν
614 3958 720 4034 γένεσιν
746 3958 861 4037 ἔσχηκα,
885 3957 932 4016 καί
954 3961 1014 4030 ταῖς
1037 3960 1179 4037 συγγόνοις
1199 3959 1269 4018 κατὰ
1285 3955 1398 4037 γνώμην

98 4078 169 4152 ἐμὴν
204 4076 396 4154 διανενέμηται
430 4078 531 4156 άπασα,
567 4077 818 4157 προσεπιβαλύντος
851 4079 941 4154 κάμοῦ
971 4083 1026 4152 τοῖς
1057 4083 1177 4159 γονικοῖς
1206 4087 1261 4141 τῶν
1291 4079 1398 4142 οἰκείων

97 4198 205 4280 πολλά,
236 4199 338 4276 λόγους
369 4197 400 4260 δὲ
431 4202 518 4273 ζητῶν
546 4197 774 4278 προσεκτησοίμην
802 4201 904 4273 τούτοις
927 4201 974 4260 καί
996 4201 1029 4261 τά
1052 4203 1120 4280 πρδς
1141 4203 1187 4262 τὀν
1211 4204 1269 4277 βίον
1293 4202 1397 4283 ἐφόδια,

97 4319 143 4380 καί
173 4314 214 4392 οἷς
246 4321 381 4400 ἄνθρωποι
408 4321 456 4396 τὴν
477 4325 614 4402 παροῦσαν
646 4321 818 4396 εύδαιμονίαν
842 4322 1029 4402 περιορίζουσι,
1061 4324 1122 4382 θεοῦ
1144 4323 1179 4382 τὰ
1203 4323 1257 4398 έμάι
1279 4325 1397 4402 πάντως,

97 4441 171 4502 καθὰ
193 4442 414 4522 προδιειληπται,
439 4440 623 4522 διεξάγοντος,
647 4440 694 4501 καί
716 4449 749 4523 ιη
771 4447 817 4502 τοῦ
841 4442 899 4518 βίου
923 4443 1048 4527 ραστύνη
1063 4442 1110 4503 καί
1126 4444 1243 4528 ἀφελείᾳ
1257 4445 1305 4521 τἠν
1323 4445 1398 4506 θείαν

205 4703 223 4766 ¹)
243 4701 386 4768 Supplevit
405 4703 430 4752 S.
