3166 5298
1270 364 1331 430 119

143 561 159 628 †
189 553 274 634 Εἰχε
303 555 359 618 καί
390 557 428 618 δι’
447 557 589 638 ἑρυθριῖιν
617 561 823 639 γραμμάτων
853 567 912 636 τῆς
941 559 1123 635 βασιλικῆς
1152 557 1209 618 καί
1237 559 1332 630 θείας

53 677 156 758 χειρός
176 681 227 737 τό·
250 677 328 755 μηνί
351 675 520 758 ἀπριλλίιρ
542 679 588 752 κς’
694 683 720 756 †.

144 806 289 862 Immites
304 807 357 862 Nr.
376 809 403 862 6.

321 1057 415 1124 XXI.
440 1056 517 1122 Sine
539 1079 633 1144 anno,
662 1057 691 1122 9.
714 1060 834 1124 mensis
858 1057 1050 1124 decembn's.

52 1223 102 1276 Rex
117 1222 271 1294 Stephanus
288 1225 387 1279 Βαίου
408 1227 505 1278 iterum
518 1225 613 1280 scribit
627 1225 660 1278 de
674 1225 841 1278 restitutione
856 1223 919 1296 αρτί
932 1223 1000 1278 dicti
1015 1223 1176 1294 Μοποορίία
1191 1224 1228 1278 ad
1242 1240 1331 1277 ιιιοπα-

366 1335 368 1340 “
622 1328 741 1382 sterium.

337 1497 540 1576 Πρόσταγμα
562 1493 585 1568 ζ’
610 1493 653 1568 εἰς
675 1495 728 1570 τὴν
751 1495 851 1570 αὐτὴν
874 1493 1037 1554 ὑπόθεσιν.

143 1659 161 1731 †
184 1651 280 1713 Οίκεῑε
302 1657 336 1734 τῇ
359 1651 488 1734 βασιλείᾳ
510 1671 571 1728 μου,
595 1652 738 1726 δομέοτικε
759 1654 808 1732 κῦρ
824 1651 938 1724 Ἰωάννη
954 1651 1144 1729 Ταρχανιιίιτη.
1168 1647 1331 1724 ἠβαοιλεία

51 1795 94 1846 μου
109 1773 249 1854 διορίζεταί
272 1795 323 1835 σοι.
345 1775 397 1854 πρό
419 1775 525 1854 χρόνων
548 1773 594 1833 διὰ
614 1772 821 1852 χρυσοβοίιλλου
844 1771 896 1831 οίπό
919 1769 1058 1846 μεσιτείας
1078 1775 1129 1847 τῆς
1150 1771 1332 1851 περιποθήτου

51 1897 173 1976 θυγατρός
198 1903 247 1972 τῆς
275 1895 418 1972 βασιλείας
440 1917 501 1975 μου,
524 1900 573 1972 τῆς
595 1895 768 1972 θψηλοτάιης
790 1892 942 1974 κραλαίνης
964 1897 1014 1968 τῆς
1036 1893 1253 1964 αἰιθεντοποόλας
1275 1913 1333 1972 σου,

50 2019 109 2096 πρός
134 2019 183 2093 τὴν
210 2018 282 2079 κατὰ
303 2021 333 2078 τό
361 2019 423 2098 όρος
445 2018 605 2078 Μενοίκεων
632 2017 806 2092 διακειμένην
828 2015 982 2092 σεβασμίαν
1005 2015 1090 2091 μονὴν
1112 2015 1160 2090 τὴν
1183 2012 1224 2086 εἰς
1245 2014 1334 2090 ὄνομα

51 2143 196 2217 τιμωμένην
221 2145 268 2200 τοῦ
293 2139 380 2215 τιμίου
406 2143 540 2219 προφήτου
564 2138 725 2218 Προδρόμου
747 2135 794 2197 καί
816 2138 965 2198 Βαπτιστοϋ
987 2137 1114 2196 Ἰωάννου
1136 2137 1167 2196 τό
1188 2134 1262 2216 παρὰ
1283 2140 1334 2211 τῆς

52 2263 165 2340 τοιαόιης
187 2268 273 2338 μονῆς
294 2263 483 2342 εὑρισκόμενον
506 2260 636 2341 άγρίδιον,
658 2261 689 2320 τό
712 2260 865 2338 λεγόμενον
888 2260 1078 2340 Μονόσπητον,
1101 2259 1167 2338 διτερ
1189 2257 1333 2335 κατείχετο

52 2387 171 2464 πρότερον
192 2384 237 2444 διὰ
257 2391 405 2464 πρακτικοῦ
428 2383 467 2456 εἰς
490 2381 645 2459 οἰκονομίαν
666 2381 742 2462 παρὰ
762 2385 809 2442 τοῦ
832 2379 931 2442 οἰκείου
953 2388 986 2464 τῇ
1008 2380 1135 2464 βασιλείᾳ
1150 2401 1212 2461 μου,
1236 2385 1334 2442 σεπτοίι

52 2504 134 2584 κυρίου
147 2506 302 2586 Νικηρόρου
323 2511 369 2566 τοῦ
385 2505 531 2588 Μαρτίνου,
557 2503 613 2564 άντί
634 2506 782 2581 ποσότητος
805 2506 977 2580 νομισμάτων
992 2503 1021 2564 λ’
1038 2550 1045 2564 .
1065 2551 1071 2564 .
1090 2551 1096 2564 .
1112 2504 1179 2583 πρός
1202 2503 1280 2562 αἰντόν
1302 2500 1335 2561 δὲ

51 2628 90 2684 τόν
112 2629 206 2688 σεπτόν
222 2629 359 2708 Μαρτῖνον
383 2626 473 2688 ἐδίδου
495 2629 525 2688 τό
548 2628 599 2702 μὲν
621 2629 751 2707 πρότερον
775 2622 832 2686 ἀντὶ
855 2627 947 2686 τούτου
968 2627 1048 2706 χάριν
1063 2621 1206 2704 προσοδίου
1223 2625 1302 2684 αἰντοίι
1312 2622 1333 2706 ¹)

52 2745 218 2836 νσμ[ίσραια]
249 2799 283 2812 ..
307 2797 315 2812 .
338 2754 389 2831 πρό
411 2771 483 2822 τινος
511 2749 601 2824 δ’ίηδη
629 2753 723 2830 καιροῦ
750 2748 891 2830 διωρίσατο
920 2749 938 2825 η
966 2746 1094 2822 βασιλεία
1110 2767 1170 2828 μου,
1202 2747 1246 2806 ίνα
1268 2745 1334 2828 δοθῇ

52 2869 86 2947 τῷ
107 2873 213 2951 τοιούτῳ
237 2872 366 2952 Μαρτίνῳ
389 2863 447 2932 ἀντὶ
469 2875 516 2932 τοῦ
539 2871 712 2946 δηλωθέντος
740 2872 860 2952 οἰγριδίου
883 2870 935 2930 άπδ
958 2876 1008 2945 τῆς
1030 2868 1187 2945 οἰκονομίας
1208 2863 1242 2944 ἧς
1265 2889 1334 2928 κατ-

55 2994 107 3069 εῖχε
127 2991 186 3074 περὶ
207 2994 256 3065 τὰς
278 2995 383 3075 Σέρρας
404 2995 422 3069 ἠ
445 2995 565 3074 θυγάτηρ
587 2999 632 3054 τοῦ
656 2993 797 3070 Ῥωμαίου
820 2993 934 3072 ἐκείνου,
957 2995 1074 3066 ποοότης
1097 2992 1270 3067 νομισμάτων
1293 2987 1333 3069 λ’,

55 3109 93 3170 διὰ
114 3116 142 3174 τό
163 3115 205 3174 ἵνα
219 3117 371 3192 κατέχηται
389 3118 420 3176 τό
436 3115 561 3192 δηλωθὲν
578 3114 698 3196 ἀγρίδιον
713 3115 787 3196 παρὰ
801 3121 851 3191 τῆς
867 3111 1013 3194 εἰρημένης
1029 3117 1114 3188 μονῆς
1130 3111 1334 3191 οἰνενοχλήτως,

55 3233 207 3314 ἑτυγχήτως
228 3236 275 3298 καί
296 3237 474 3311 οἰόιασείστως
490 3237 546 3296 ἀντὶ
561 3239 719 3317 ποσότητος,
744 3239 781 3309 ὡς
798 3235 963 3315 δεδήλωται,
987 3236 1159 3310 νομισμάτων
1174 3232 1213 3295 λ’.
1237 3231 1336 3314 ἀρτίως

56 3354 83 3416 δὲ
106 3358 244 3440 ἐγνώρισεν
267 3362 285 3434 ἡ
309 3359 438 3429 βασιλεία
461 3381 513 3435 μου
537 3357 567 3432 ἐξ
591 3361 726 3441 άναροράς
747 3363 794 3420 τοδ
816 3357 1023 3438 θεοφιλεστάτου
1047 3357 1194 3417 ἐπισκόπου
1216 3357 1333 3436 Ζιχνῶν,

55 3479 81 3550 ός
103 3485 275 3557 συνεστήσατο
297 3484 346 3557 τἠν
368 3484 490 3558 τοιαίιτην
514 3484 598 3559 μόνην
622 3481 652 3556 ἐξ
675 3479 781 3542 οἰκείων
803 3481 895 3540 κόπων
916 3478 963 3540 καὶ
979 3475 1179 3557 ἀναλωμάτων,
1204 3479 1243 3537 ότι
1259 3476 1336 3537 οἰιδὲν

55 3603 163 3664 πείθεται
184 3606 199 3664 ό
224 3603 360 3678 δηλωθείς
381 3605 519 3684 Μαρτῖνος
542 3601 725 3676 ἀναδέξασθαι
748 3603 781 3662 ἐκ
801 3609 851 3678 τῆς
874 3601 1000 3682 ρηθείσης
1023 3599 1180 3675 οἰκονομίας
1201 3603 1247 3658 τοῦ
1263 3599 1336 3659 Ῥω-

57 3724 127 3798 μαίου
156 3728 259 3787 ἐκείνου
286 3728 334 3802 τὴν
363 3727 535 3803 δηλωθεῖοοιν
557 3729 694 3800 ποσότητα
715 3730 767 3784 τῶν
790 3724 818 3784 λ’
842 3727 1014 3801 νομισμάτων
1036 3720 1083 3783 καί
1106 3721 1151 3781 διὰ
1172 3724 1249 3781 τοῦτο
1273 3720 1336 3780 οἰιδὲ

57 3848 83 3905 τό
102 3852 181 3929 μέρος
203 3855 254 3926 τῆς
276 3848 449 3924 δηλωθείσης
472 3855 559 3924 μονῆς
583 3847 692 3926 ἐγένετο
715 3847 806 3924 ἀκμὴν
830 3847 859 3906 ἐν
881 3852 988 3928 κατοχῇ
1011 3849 1057 3906 τοῦ
1073 3844 1200 3925 ῥηθέντος
1215 3841 1337 3923 ἀχριδίου

58 3973 96 4026 τοῦ
110 3971 296 4049 Μονοσπήτου,
319 3969 366 4030 καί
387 3971 565 4050 παρεκάλεσε
587 3969 633 4030 καί
657 3971 772 4045 ἐζήτησε
794 3966 841 4030 καί
864 3965 948 4048 αὖθις,
972 3969 1011 4040 ὡς
1033 3969 1065 4026 ἂν
1088 3939 1192 4049 διορίση
1214 3967 1233 4040 θ
1256 3965 1337 4040 tm·

60 4089 115 4150 λεία
135 4114 185 4168 μου
207 4091 255 4152 καί
279 4092 403 4174 ἀπολυθῇ
426 4094 589 4170 πρόσταγμα
613 4090 651 4164 εἰς
673 4092 722 4169 τὴν
744 4089 805 4171 περὶ
827 4091 918 4150 τούτου
942 4089 1108 4168 δερέντευσιν
1131 4086 1179 4148 καί
1194 4083 1337 4148 ἀποκατά-

59 4233 135 4272 στασιν
157 4221 206 4290 τῆς
230 4212 377 4295 εἰρημένης
400 4219 496 4290 μονῆς.
530 4215 579 4288 τὴν
601 4218 666 4292 γοῦν
688 4212 860 4294 παράκλησιν
884 4213 963 4272 αὺτοῦ
983 4209 1191 4291 προεδεξαμένη
1214 4211 1233 4287 η
1256 4209 1337 4285 βασι-

58 4331 110 4393 λεία
131 4357 181 4411 μου
205 4337 266 4415 ἔχει
289 4335 400 4412 θέλημα
421 4333 468 4396 καί
492 4335 636 4415 διορίζεταί
657 4356 707 4416 σοι,
740 4335 778 4406 ὡς
801 4337 843 4414 ἂν,
866 4334 959 4406 καθὼς
981 4333 1142 4415 διακομισθῇ
1164 4331 1233 4412 πρός
1255 4331 1285 4391 σὲ
1306 4331 1338 4391 τό

58 4458 130 4535 παρόν
150 4462 323 4538 πρόσταγμα,
347 4459 381 4520 ἐκ
402 4462 448 4520 τοῦ
469 4457 621 4538 παραυτίκα
641 4457 809 4540 παραδόνοης
831 4456 861 4516 σθ
883 4458 950 4536 πρός
972 4455 1020 4531 τὴν
1042 4455 1172 4532 τουαθτην
1187 4454 1273 4531 μονὴν
1288 4454 1338 4530 τὴν

148 4722 167 4786 ¹)
186 4714 259 4778 αὐτὸς
278 4721 299 4769 Ι.
