3166 5298
723 579 849 646 XXVI.
877 579 952 646 Sine
975 601 1069 648 anno.

462 763 583 818 Domtio
592 761 673 832 facta
688 764 849 818 monasterio
864 781 883 818 a
897 763 1024 818 ιιιοαιιοίιο
1040 763 1138 818 Iacobo
1150 761 1334 832 confimatur.

662 967 863 1047 Πρόσταγμα
886 966 1133 1046 ἑπικυρωτικάν.

356 1144 373 1218 ή
390 1139 467 1201 Ἐπεὶ
489 1142 504 1199 δ
527 1141 579 1200 άπδ
601 1142 632 1200 τδ
654 1143 769 1221 νιάστρον
785 1141 890 1218 Ζιχνιῖιν
913 1135 1056 1225 [μοναχδς]
1065 1136 1090 1222 1)
1107 1141 1122 1198 ὁ
1138 1139 1273 1214 Ἰάκωβος
1289 1139 1364 1219 ἔχων
1380 1139 1427 1200 διὰ
1440 1161 1537 1220 χρυσο-

253 1263 373 1338 βοίνλλου
397 1269 447 1339 τῆς
468 1263 611 1339 βασιλείας
633 1283 685 1337 μου
706 1261 768 1343 περὶ
790 1262 821 1322 τδ
843 1265 959 1322 τοιοῦτον
980 1264 1096 1342 νάστρον
1118 1261 1258 1342 μονίδριον
1282 1259 1321 1334 εἰς
1344 1262 1432 1338 ὄνομα
1455 1263 1538 1338 τιμώ-

156 1432 161 1446 .
254 1405 336 1461 μενον
362 1391 410 1460 τῆς
438 1383 586 1464 ὑπεραγίας
612 1385 739 1444 θεοτάιιου
765 1381 813 1443 ναὶ
835 1383 1054 1460 ἑπιιιειιλημένον
1075 1388 1124 1459 τῆς
1148 1383 1290 1465 Ὀστρινής
1311 1381 1359 1444 καὶ
1382 1385 1455 1444 θεῖον
1477 1385 1538 1442 νάον

253 1505 296 1566 ἐπ’
305 1506 416 1582 δνόματι
443 1507 621 1582 τετιμημένον
647 1511 696 1581 τῆς
723 1503 804 1584 ἁγίας
827 1505 1010 1585 Ἀναστασίας,
1046 1504 1085 1565 ἔτι
1111 1505 1142 1564 δὲ
1169 1503 1216 1564 καὶ
1244 1495 1285 1577 εἰς
1310 1505 1341 1565 τδ
1368 1505 1470 1586 χωρίον
1496 1507 1537 1564 τὀν

253 1626 345 1691 θολδν
371 1635 423 1706 γῆν
451 1629 552 1704 μοδίων
568 1627 596 1687 σ’
620 1627 691 1688 κατὰ
713 1628 798 1706 λόγον
820 1629 993 1706 γονυιάτητος
1015 1625 1063 1687 καὶ
1083 1628 1211 1706 κατέχων
1233 1631 1316 1686 ταῦτα
1338 1627 1538 1709 πρασεντύρωσεν

254 1750 332 1822 αδτδς
360 1749 404 1810 διὰ
429 1753 592 1830 γράμματος
619 1751 697 1810 άυτοῦ
724 1756 756 1832 τῇ
784 1749 854 1808 κατὰ
875 1749 905 1808 τδ
929 1749 1086 1810 Μενοίντεων
1109 1748 1171 1830 ὄρος
1194 1747 1331 1830 σεβασμίᾳ
1354 1755 1426 1831 μονῇ
1448 1757 1481 1832 τῇ
1504 1747 1538 1820 είς

253 1871 340 1948 δ’νομα
361 1873 501 1954 τιμωμένῃ
523 1875 568 1930 τοῦ
590 1869 676 1946 τιμίου
699 1867 810 1941 ἐνδόξου
831 1872 965 1950 προφήτου
989 1870 1147 1950 Προδράμου
1169 1869 1217 1930 καί
1235 1871 1385 1930 Βαπτιστυῦ
1406 1871 1537 1948 Ἰωάννου,

252 1993 363 2072 ταχθείς
388 1993 463 2074 παρά
488 1997 541 2052 τῶν
570 1992 598 2050 ἐν
626 1993 691 2075 οσύτῇ
721 1997 851 2070 μοναχῶν
880 1991 924 2051 διά
950 1994 1112 2072 γράμματος
1138 1994 1235 2072 αὐτῶν,
1270 1992 1345 2070 ἔχειν
1368 1993 1422 2052 άπδ
1444 1994 1537 2053 τούτων

252 2118 332 2194 χάριν
347 2115 535 2195 κυβερνήσεως
552 2115 630 2174 αὺτοῦ
641 2112 676 2196 ²),
699 2116 761 2174 ὅσον
778 2111 923 2174 δεῖταικαὶ
939 2112 1156 2188 διαλαμβάνεται
1173 2114 1201 2174 ἐν
1217 2111 1289 2192 αυτῷ
1303 2112 1351 2173 καὶ
1365 2115 1538 2196 παρεκάλεσε

252 2238 377 2315 γενέσθαι
404 2234 475 2315 αίιπῷ
502 2233 542 2308 εἰς
567 2240 643 2296 τοῦτο
670 2233 717 2294 οιαὶ
742 2236 913 2316 πρόσταγμα,
943 2236 960 2308 ἡ
989 2233 1117 2308 βασιλεία
1143 2255 1195 2310 μου
1221 2237 1268 2296 τδν
1288 2237 1412 2316 παρόντα
1433 2237 1538 2318 δρισμον

254 2358 413 2438 ἐπιχορηγεῖ
436 2355 517 2437 αυτῷ,
541 2349 616 2417 διὀὗ
637 2354 684 2416 καὶ
706 2355 922 2437 διορίζεται...

776 2501 896 2572 Reliqua
910 2501 1014 2555 άασυιιί.

357 2623 502 2680 Ιοαιιτιίάαε
513 2623 564 2678 Ντ.
585 2625 633 2678 12.

534 2943 678 3010 XXVII.
702 2943 779 3010 Sine
802 2965 895 3027 anno,
918 2944 947 3010 6.
971 2945 1091 3010 mensis
1113 2943 1264 3010 octobris.

289 3131 349 3186 Ra
366 3127 518 3199 Stephanus
535 3128 634 3182 Πιιίωπ
649 3127 732 3183 donat
747 3127 906 3182 momslm'o
922 3145 1018 3198 αρτυον
1033 3128 1134 3182 dictum
1148 3127 1283 3182 Ροάυίίηί.
1302 3129 1416 3183 Initium
1431 3129 1509 3185 άεοσί.

361 3377 369 3394 .
387 3377 394 3393 .
411 3377 419 3393 .
443 3331 469 3392 σί
491 3329 607 3408 μοναχοὶ
628 3329 747 3412 τῇπατὰ
761 3330 791 3390 τδ
808 3328 869 3410 δρας
884 3334 937 3388 τῶν
953 3329 1061 3410 Σερρῶν
1075 3331 1105 3388 τδ
1120 3328 1292 3405 καλούμενον
1309 3331 1471 3392 Μενοίντεων
1487 3378 1493 3391 .
1510 3375 1536 3390 ..

255 3453 393 3535 σεβασμίᾳ
415 3459 485 3536 μονή
508 3459 556 3530 τής
578 3453 757 3534 περιποθήτου
779 3453 910 3533 θυγατρδς
931 3457 980 3526 τῆς
1003 3450 1146 3524 βασιλείας
1168 3447 1258 3538 [μου],
1282 3453 1426 3534 βηγαίνης,
1456 3453 1537 3536 νραλ·

256 3577 354 3653 λαίνης
377 3575 493 3656 Σερβίας
519 3581 552 3658 τῇ
579 3573 618 3647 εἰς
647 3574 735 3650 ὄνομα
756 3575 895 3656 τιμωμένῃ
917 3577 963 3633 τοῦ
984 3573 1071 3650 τιμίου
1094 3571 1205 3647 ἐνδόξου
1226 3577 1362 3656 προφήτου
1386 3577 1537 3658 Προδρόμου

256 3696 304 3758 καί
326 3699 477 3758 Βαπτιστοϋ
500 3697 635 3776 Ἰωάννου,
666 3696 800 3778 ᾐτήσαντο
827 3697 875 3772 τὴν
904 3695 1044 3770 βασιλείαν
1072 3717 1123 3772 μου
1150 3697 1180 3754 τδ
1205 3695 1267 3776 περὶ
1293 3698 1324 3758 τὸ
1352 3698 1537 3778 ζευγηλατεῑον
1580 3717 1581 3766 j

257 3820 339 3896 αυτ-ῆς
361 3821 391 3880 τδ
413 3818 585 3894 καλούμενον
602 3817 753 3878 Ποδολινοῡ
768 3818 956 3898 εὑρισαάμενον
972 3817 1112 3898 αὺλάνιιον,
1136 3819 1203 3900 ὅπερ
1218 3815 1252 3893 ήν
1267 3818 1383 3896 πλησίον
1398 3826 1446 3882 τοῦ
1462 3838 1536 3898 μετο-
1580 3807 1581 3831 ³

254 3943 315 4023 χίου
341 3947 391 4018 τῆς
419 3943 501 4018 αὺτῆς
528 3947 615 4018 μονῆς
637 3945 682 4001 τοῦ
704 3941 882 4020 Ἐσριγμένου
890 3938 924 4022 ³),
963 3941 1011 4015 τήν
1032 3940 1204 4021 παράκλησιν
1228 3943 1314 4002 συδτιῖιν
1337 3941 1536 4024 προσδεξομένη

255 4067 273 4140 ἡ
298 4062 425 4139 βασιλεία
446 4083 498 4139 μου
521 4063 581 4140 ἔχει
603 4062 715 4140 θέλημα
736 4060 782 4122 καὶ
806 4059 949 4143 διορίζεταί
971 4079 1021 4141 σοι,
1043 4061 1096 4135 ἵνα,
1119 4061 1212 4133 καθὼς
1231 4059 1298 4145 δέξῃ
1313 4063 1344 4122 τδ
1358 4065 1446 4146 παρδν
1460 4063 1535 4146 τρίσ-

254 4207 363 4268 ταγμα,
393 4185 560 4268 παραδώσρς
581 4186 611 4244 τδ
634 4183 776 4266 εἰρημένον
800 4182 929 4244 αίιλάιιιον
953 4182 1023 4260 μετὰ
1044 4189 1093 4262 τῆς
1115 4183 1144 4244 ἐν
1168 4182 1239 4264 αυτῷ
1263 4181 1370 4261 βάλτης
1391 4185 1439 4246 ιιαὶ
1461 4189 1536 4260 νομῆς

255 4307 300 4370 ιιαί
327 4312 460 4390 περιοχῆς
486 4308 575 4386 αὑτοῦ,
605 4307 690 4367 τοίνυν
716 4304 763 4366 καὶ
791 4305 1002 4386 ἀποπλήρωσον,
1029 4307 1068 4378 ὡς
1089 4307 1119 4366 τδ
1148 4306 1234 4386 παρδν
1257 4312 1307 4382 τῆς
1329 4307 1473 4383 βασιλείας
1493 4325 1535 4381 μου

255 4427 397 4511 διορίζεταί
424 4449 465 4490 σοι
492 4430 662 4510 πρόσταγμα,
692 4426 775 4489 δοιαὶ
797 4427 968 4508 ἀντίστρεψον
989 4429 1056 4507 προς
1079 4427 1173 4500 αὐτοὶις
1195 4421 1230 4488 δι’
1243 4427 1404 4510 ἀσφάλειαν,
1435 4431 1478 4490 ἵνα
1497 4423 1535 4488 ντὶ
1579 4429 1580 4436 ’

359 4691 378 4758 ¹)
397 4691 494 4742 Confer
512 4688 575 4755 dipl.
595 4688 639 4740 Nr.
658 4689 704 4740 xl.
778 4687 798 4754 ²)
818 4684 896 4738 αὐτῶν
915 4688 934 4738 l.
1006 4685 1027 4753 ³)
1046 4683 1215 4755 Ἐσραγμίνου
1232 4689 1255 4740 1.
