3166 5298
243 351 286 418 82

242 547 321 618 λείας
344 567 396 624 μου
418 546 525 628 θελήσῃ
549 542 748 628 διαπράξασθαι
770 543 899 623 ἐπιβαρές
920 563 946 604 τι
967 540 1015 604 καί
1038 543 1137 604 ἄτοπον
1159 539 1199 614 είς
1222 543 1326 626 αύτούς,
1350 542 1412 621 ἔχει
1426 541 1536 619 θέλημα

242 671 261 743 ἡ
291 668 420 742 βασιλεία
447 689 509 749 μου,
536 668 581 728 ἵνα
603 667 628 728 οί
649 671 763 728 τοιοῦτοι
788 671 916 726 ποιῶνται
943 665 1079 746 ἀναφορὰν
1107 662 1147 736 είς
1167 664 1217 739 τὴν
1240 663 1384 738 βασιλείαν
1407 685 1471 744 μου,
1493 662 1536 723 καὶ

241 789 360 872 γνωρίζῃ
384 790 450 865 αύιη
473 791 602 870 καθαρῶς
623 790 672 865 τήν
693 790 844 868 γενομένην
868 786 907 859 είς
931 787 1026 859 αύτούς
1048 785 1102 846 ἀπθ
1123 787 1216 846 τούτου
1239 785 1346 847 ἀδικίαν
1368 789 1387 862 ἢ
1408 787 1537 866 παραλύ-

240 933 330 988 πηοιν,
353 909 401 972 καί
425 913 517 972 ἐκτοτε
539 911 614 992 ὁρίζῃ
636 910 799 985 ήβασιλεία
821 929 873 986 μου
894 907 942 969 καί
963 911 982 982 ἢ
1005 907 1209 984 ἀναοιέλληται
1232 907 1380 979 θτοιοῦτος
1402 905 1452 968 καί
1476 906 1536 966 ἐπι-

243 1031 393 1113 διορθοῦται
414 1033 449 1092 τὰ
470 1038 520 1108 τής
543 1031 650 1104 ἀδικίας
673 1033 752 1092 ούτοῦ
773 1034 792 1105 ὴ
815 1029 988 1106 ἀλλάττηται
1005 1025 1058 1088 ἀπθ
1072 1032 1119 1090 τοῦ
1133 1029 1252 1089 τοιούτου
1266 1027 1472 1110 κεραλατικίου,
1490 1025 1535 1088 καί

241 1154 298 1212 ἀντ’
307 1155 386 1213 αύτού
412 1155 553 1229 πέμπηται
581 1155 673 1232 ἕτερος
700 1154 715 1212 θ
741 1151 788 1212 καὶ
816 1151 932 1227 μέλλων
960 1150 1063 1230 διάγειν
1092 1147 1131 1222 εἰς
1157 1149 1319 1230 κυβέρνηοιν
1340 1147 1388 1210 καί
1408 1149 1537 1208 παντοίαν

242 1273 389 1334 ἀνάπαυσιν
412 1276 498 1334 αύτιῦν
521 1273 592 1334 καιθι
613 1275 644 1334 τθ
666 1273 778 1348 θέλημα
799 1271 845 1332 καὶ
867 1274 912 1334 τθν
935 1273 1044 1352 θρισμθν
1066 1277 1116 1350 τῆς
1139 1269 1282 1345 βασιλείας
1305 1290 1366 1347 μου.
1398 1268 1440 1342 εἰς
1461 1275 1537 1330 τοῦτο

241 1395 294 1476 γὰρ
325 1395 436 1470 μᾶλλον
465 1393 512 1456 καὶ
543 1395 664 1476 βαρείται
691 1396 709 1471 ἡ
737 1393 866 1470 βασιλεία
893 1415 944 1470 μου
971 1395 1038 1474 πρὸς
1064 1393 1127 1465 τούς
1154 1393 1311 1473 ἀνθρώπους
1335 1391 1456 1464 ἐκείνους
1471 1391 1538 1462 τοῦς

241 1517 433 1595 ὑφισταμένους
456 1517 538 1577 ἄδικα
560 1514 607 1577 καὶ
630 1516 746 1596 ἐπιβαρῆ
768 1515 843 1595 παρὰ
864 1519 917 1576 τῶν
940 1515 1209 1594 κεφαλατικευθντων
1232 1511 1274 1586 είς
1296 1513 1392 1585 αύτούς
1412 1514 1451 1590 μὴ
1467 1513 1537 1572 ἀνα-

240 1640 389 1718 τρέχοντας
416 1637 463 1698 καὶ
490 1637 705 1717 διεγκαλοῦντας
728 1635 767 1709 εἰς
789 1638 837 1712 τήν
860 1635 1002 1710 βασιλείαν
1025 1657 1087 1718 μου,
1117 1637 1156 1706 ὡς
1178 1635 1211 1696 ἂν
1234 1635 1309 1718 ὁρίζῃ
1332 1635 1399 1712 αύιη
1421 1632 1469 1694 καί
1493 1634 1537 1712 γί-

240 1779 318 1836 νηται
340 1761 359 1836 ἠ
381 1762 553 1840 προσήκουσα
575 1757 712 1830 παίδευσις
733 1757 781 1818 καὶ
803 1755 942 1834 ἀναστολὴ
965 1755 1005 1830 εἰς
1029 1757 1132 1830 άπούς.
1158 1757 1198 1816 ἔτι
1219 1757 1263 1816 ἵνα
1286 1755 1359 1832 μηδὲ
1382 1755 1457 1827 ὅλως
1471 1757 1536 1836 τεθῇ

189 1879 193 1886 ’
240 1881 390 1960 κεφάλαιον
414 1880 586 1955 ἀπαιτήσεως
609 1877 648 1952 εἰς
672 1879 767 1952 αύτούς
788 1880 850 1952 τούς
873 1878 997 1951 ἐποίκους
1015 1883 1066 1955 τῆς
1081 1876 1227 1959 εἰρημένης
1241 1878 1353 1950 πόλεως
1367 1883 1421 1938 τῦν
1438 1877 1537 1936 Ἰωαν-

240 2001 319 2061 νίνων
340 2005 359 2076 ἢ
382 1999 423 2074 εἰς
444 2003 479 2062 τὰ
502 2001 581 2073 ἐκτθς
602 2000 692 2081 χωρία
713 1999 760 2060 καί
782 2003 909 2076 κτήματα
926 2001 1023 2078 αθτιῦν,
1045 2002 1098 2060 κᾶν
1113 2001 1179 2060 ὅπου
1195 1998 1250 2080 ἀρα
1263 1997 1311 2060 καὶ
1328 1996 1368 2070 είς
1383 1991 1440 2058 οἷον
1455 2001 1537 2058 τόπον

241 2123 414 2202 εύρίσκωνται
436 2127 528 2202 ταῦτα,
553 2120 612 2182 ούτε
636 2120 764 2198 δηλονότι
787 2121 839 2182 ἀπθ
861 2125 915 2181 τῶν
938 2124 982 2180 νῦν
998 2121 1213 2202 ἐνεργουμένων,
1236 2118 1297 2180 οὔτε
1313 2119 1366 2180 ἀτδ
1381 2126 1436 2180 τῶν
1452 2121 1537 2194 μετέ-

238 2264 318 2303 πειτα
341 2243 604 2324 ἐπινοηθησομένων,
629 2243 707 2302 ἀλλὰ
729 2242 901 2323 εύρίσκωνται
925 2241 965 2314 είς
978 2247 1068 2302 πᾶσαν
1084 2241 1284 2321 ἀνενοχληοίαν
1300 2240 1347 2302 καὶ
1365 2238 1537 2314 ἐξιούσσειαν

142 2401 150 2410 -
239 2363 310 2424 κατὰ
331 2364 380 2440 τήν
402 2366 544 2439 συνήθειαν
565 2365 615 2438 τήν
636 2364 807 2442 τεταγμένην
830 2361 870 2435 εἰς
892 2364 987 2434 αύτούς
1009 2361 1056 2423 καὶ
1077 2363 1150 2423 κατὰ
1170 2363 1216 2424 τθν
1239 2363 1348 2443 θρισμθν
1371 2361 1419 2422 καί
1441 2364 1472 2422 τθ
1489 2364 1536 2422 θέ-

240 2485 320 2560 λημα
346 2484 393 2544 καί
420 2486 469 2560 τήν
493 2484 634 2562 ἀποδοχὴν
656 2489 705 2560 τῆς
728 2484 871 2559 βασιλείας
894 2506 956 2565 μου,
987 2486 1028 2544 θτι
1049 2481 1096 2545 καὶ
1117 2489 1194 2544 τοῦτο
1217 2483 1385 2562 ἀποδέχεται
1407 2482 1454 2544 καὶ
1478 2483 1538 2562 ἔχει

240 2605 351 2681 θέλημα
377 2607 395 2683 ἡ
423 2606 550 2682 βασιλεία
573 2625 635 2684 μου,
665 2605 709 2664 ἵνα
736 2604 763 2665 εί
781 2627 807 2666 τι
829 2606 964 2682 ἐπενοήθη
986 2607 1037 2684 πρθ
1060 2604 1156 2684 θλίγου
1178 2603 1225 2665 καὶ
1248 2605 1363 2682 ἐπετέθη
1389 2603 1429 2678 είς
1452 2605 1537 2686 βάρος

239 2725 286 2786 καὶ
303 2725 486 2805 ἀγανάκτησιν
503 2729 599 2805 αύτῶν,
623 2725 776 2806 εὑρίσκηται
792 2725 908 2798 τελείως
922 2725 1149 2802 καταλελυμένον
1164 2725 1212 2787 καὶ
1228 2725 1312 2807 ἀργθν
1323 2724 1371 2786 καὶ
1388 2727 1536 2806 ἄπρακτον,

229 2833 287 2906 Ικαί
309 2843 374 2908 ιύσιν
396 2841 469 2908 οὗτοι
491 2845 538 2908 καὶ
561 2846 690 2926 διάγωσιν
713 2845 753 2918 είς
774 2851 864 2906 πᾶσαν
883 2847 1040 2924 γλυκύτητα
1053 2845 1101 2908 καί
1116 2845 1315 2926 ἀνενοχληοίαν
1330 2845 1378 2908 καί
1392 2849 1536 2918 παντελῶς

238 2967 411 3028 ἀδιάσειοτοι.
442 2968 481 3026 ἔτι
502 2967 547 3026 ἵνα
569 2967 633 3028 οῦδὲ
656 2969 747 3046 ἕτερον
767 2969 906 3047 χάραγμα
927 2967 1001 3047 παρὰ
1022 2969 1052 3028 τθ
1075 2971 1120 3027 νῦν
1141 2968 1354 3044 πολιτευόμενον
1378 2966 1419 3040 εἰς
1442 2967 1536 3038 αύτούς

237 3089 303 3169 τεθῇ
327 3087 426 3148 έκείοε.
451 3088 579 3159 ὡσαύτως
601 3087 665 3148 οθδέ
687 3091 797 3164 μιτάτον
820 3091 933 3167 γένηται
955 3086 995 3160 εἰς
1009 3088 1044 3150 τὰ
1059 3086 1191 3170 εἰρημένα
1205 3091 1333 3164 κτήματα
1349 3089 1448 3168 αθτῦν,
1472 3088 1535 3150 οῦδὲ

237 3209 322 3284 ζημία
344 3229 384 3282 πς
407 3210 488 3290 ἑτέρα
509 3211 622 3288 γένηται
645 3207 685 3282 είς
708 3211 783 3288 αθτά,
807 3209 885 3270 ἀλλά
907 3209 1081 3270 διαπωλῶσιν
1104 3203 1179 3270 αύτοί
1201 3209 1226 3268 οἱ
1240 3211 1407 3289 κατέχοντες
1429 3211 1462 3271 τά
1476 3232 1535 3272 τοι·

236 3333 304 3389 αῦτα
325 3331 453 3405 κτήματα
474 3331 509 3390 τὰ
532 3327 563 3402 ἐξ
585 3331 672 3390 αύτῦιν
689 3327 866 3406 είσοδήματα,
889 3331 982 3402 καθὼς
996 3331 1151 3391 πωλοῦνται
1166 3327 1206 3402 είς
1220 3331 1269 3406 τὴν
1284 3334 1379 3411 χώραν
1395 3330 1442 3394 καὶ
1457 3333 1534 3393 οῦδὲν

236 3450 442 3528 ἀναγκάζωνται
464 3452 539 3524 θλως
562 3451 712 3512 διαπωλεῖν
735 3451 802 3510 αὐτά
823 3446 898 3532 παρὰ
919 3451 967 3526 τήν
990 3453 1140 3527 συνήθειαν.
1166 3453 1205 3512 ἔτι
1227 3451 1271 3514 ίνα
1293 3453 1357 3514 οθδέ
1371 3475 1534 3536 καστροκτι-

237 3565 299 3642 σίας
322 3571 464 3649 ἀπαίτησις
485 3571 592 3650 γίνηται
615 3569 654 3643 είς
677 3571 771 3644 αύτούς
794 3573 888 3632 ἕνεκεν
910 3573 1003 3654 ἑτέρου
1025 3575 1151 3654 κάπρου,
1184 3571 1207 3633 εί
1230 3573 1269 3650 μὴ
1292 3575 1359 3656 θπέρ
1383 3577 1467 3652 μένου
1489 3577 1534 3636 τοῦ

236 3695 352 3772 κάστρου
376 3693 462 3754 αθτῶν
485 3691 637 3772 ὀφείλουσιν
652 3692 841 3774 ἀγωνίζεσθαι,
864 3695 902 3765 ιύς
918 3693 1072 3774 ἐνδέχεται,
1095 3693 1135 3766 εἰς
1149 3694 1199 3770 τήν
1216 3693 1377 3771 ἐπιμέλειαν
1392 3696 1440 3757 καὶ
1455 3717 1533 3778 περι-

235 3813 340 3890 ποίησιν
369 3811 415 3874 καί
442 3810 577 3874 ἀνάκτισιν
606 3813 696 3875 αὐτοῦ.
732 3814 771 3874 ἐτι
796 3814 842 3874 ἵνα
869 3815 884 3874 έ
911 3814 1027 3890 μέλλων
1054 3815 1183 3890 ἐμπεσεῖν
1211 3814 1251 3888 είς
1272 3819 1353 3896 φόνον
1374 3818 1533 3894 παιδεύηται

235 3933 302 4015 ὑπὲρ
331 3935 423 3994 τούτου
453 3930 524 3994 κατά
549 3935 599 4010 τήν
627 3934 717 3995 ἐκεῖσε
745 3937 896 4012 συνήθειαν.
934 3937 973 3996 ἔτι
999 3935 1043 3996 ἵνα
1067 3935 1116 3996 ἐὰν
1138 3938 1252 4015 γένηται
1274 3937 1378 4020 εθρεοις
1401 3940 1532 4022 θησαυροῦ

237 4055 327 4114 ἐκεῖσε
348 4057 422 4135 παρά
442 4075 523 4134 τινος,
548 4053 571 4115 εἰ
587 4053 638 4131 μὲν
653 4055 725 4116 κατὰ
739 4055 872 4131 ἀλήθειαν
888 4057 926 4117 ένι
941 4061 1029 4138 τοῦτο,
1052 4053 1283 4134 ἀναλαμβάνηται
1298 4059 1363 4120 αθτθ
1378 4060 1410 4120 τθ
1425 4059 1532 4136 μέλλον

237 4177 379 4257 εὑρεθῆναι
401 4174 448 4236 καί
471 4173 654 4253 εἰσκομθζηται
677 4175 717 4249 είς
738 4177 769 4237 τθ
792 4178 985 4260 θεοφρούρητον
1009 4176 1173 4260 βεστιάριον·
1205 4177 1229 4239 εί
1252 4178 1352 4253 δ’ίσως
1375 4181 1414 4242 ἔνι
1436 4182 1452 4240 θ
1473 4179 1532 4262 περί

234 4298 328 4358 τούτου
351 4297 437 4375 λόγος
458 4298 561 4375 ψευδὴς
583 4295 630 4358 καὶ
652 4299 705 4360 ἀπθ
728 4297 829 4368 κακίας
848 4299 976 4374 ἐλαλήθη
991 4301 1059 4380 πρθς
1073 4319 1142 4380 τινα,
1164 4299 1210 4362 ἵνα
1223 4300 1332 4379 γίνηται
1348 4299 1472 4376 ἐξέτασις
1486 4299 1531 4362 καὶ

235 4418 416 4497 ἀποφαίνηται
436 4418 484 4480 καὶ
507 4419 658 4494 θεικνύηται
680 4421 698 4495 ἡ
721 4418 762 4492 είς
783 4423 860 4480 τοῦτο
883 4419 1002 4496 ἀλήθεια
1023 4419 1069 4481 καί
1092 4420 1131 4480 ἔνι
1150 4419 1337 4500 ἀνενθχλητος
1352 4423 1367 4482 ὁ
1383 4423 1530 4504 ἄνθρωπος,

235 4536 274 4611 εἰς
298 4541 327 4598 θν
350 4538 464 4619 λέγεται
486 4541 504 4614 ή
528 4540 632 4620 εύρεσις
653 4543 700 4600 τοῦ
722 4541 864 4620 θησαυροῦ.
889 4541 957 4622 πρὸς
978 4541 1091 4621 τούτοις,
1114 4541 1159 4601 ἵνα
1180 4541 1215 4602 τά
1237 4541 1326 4625 χωρία
1341 4543 1390 4606 καὶ
1405 4547 1530 4622 κτήματα

234 4660 331 4740 αύτῶν,
357 4661 409 4720 θσα
432 4661 559 4737 δηλονότι
582 4663 712 4739 κατεῖχον
733 4658 781 4720 καί
803 4663 943 4744 πρότερον,
965 4661 1050 4742 ἤγουν
1072 4663 1103 4722 τδ
1124 4661 1226 4745 χωρίον
1248 4665 1296 4740 τὴν
1309 4665 1477 4748 Βοτιβίσταν,
1500 4665 1530 4724 τθ
