3194 5298
255 334 317 398 150

252 533 372 609 άρχοντα
395 531 520 612 διαμένῃ,
543 539 714 612 περιποιῆτοιι
738 533 768 592 δὲ
792 533 824 591 τά
847 538 1088 612 προσγενησόμενα
1112 536 1153 615 ἀν,
1176 541 1229 593 τῶν
1254 533 1283 593 δὲ
1308 534 1418 612 φαύλων
1441 535 1471 594 A
1494 536 1539 609 μὲν

250 655 383 732 προσόντα
399 653 649 737 ἀποδιαπομπῆται,
673 655 706 713 τά
730 655 762 714 δὲ
783 656 978 731 συμβησόμενα
992 659 1024 715 ἀν
1041 657 1254 716 διακωλίωνται.
1279 657 1404 734 τοιαύτην
1421 654 1462 716 οὖν
1477 658 1540 716 κατὰ

252 774 352 848 νόμους
373 775 422 848 τἠν
445 774 511 855 ὑπὲρ
535 777 621 834 αδτῶν
643 780 750 836 πάντων
773 785 826 836 τῶν
850 784 1090 857 σταυρσπηγιακῶν
1112 781 1191 853 ἡμῶν
1220 779 1408 858 μσναστηρίων
1430 781 1540 838 καθόλου

251 894 377 975 φροντίδα
392 895 598 976 κατεβάλσμεν,
616 897 758 974 ἐνθέμενοι
774 899 844 958 κατά
860 900 953 973 κοινὴν
968 895 1083 977 γνώμην
1098 899 1145 959 καί
1160 901 1303 976 συνσδικὴν
1320 903 1462 980 διάγνωσιν
1475 901 1540 981 ίερσν

250 1020 343 1097 τόμον,
373 1018 588 1098 ἀποφαινόμενον
616 1020 723 1099 συνῳδὰ
750 1024 806 1092 τοῖς
834 1020 916 1101 ἱεροῖς
943 1025 1037 1095 νόμοις
1060 1019 1184 1092 καὶτοῖς
1207 1017 1262 1082 ὧδε
1285 1024 1465 1102 γραφομένοις
1486 1022 1540 1100 περί

250 1145 300 1215 τῆς
323 1138 362 1212 είς
384 1141 415 1200 A
438 1137 503 1215 ἑξῆς
526 1141 636 1220 ἀρίστης
660 1141 820 1216 διοικήσεως
844 1144 957 1202 ἑκάστου
980 1149 1213 1223 σταυροπηγιανοῦ
1236 1144 1417 1223 μοναστηρίσυ
1438 1144 1484 1204 καὶ
1499 1147 1539 1203 εδ-

250 1383 354 1458 ἀμέσου
376 1385 539 1464 προστασίας
569 1387 656 1444 αὐτῶν
684 1385 759 1465 παρὰ
782 1391 830 1461 τῆς
852 1387 914 1446 καθ’
928 1389 1002 1461 ἡμᾶς
1025 1393 1070 1446 τοῦ
1093 1387 1210 1466 Χριστοῦ
1234 1389 1363 1465 μεγάλης
1388 1389 1540 1466 ἐκκλησίας,
1579 1403 1580 1410 ’

251 1506 427 1577 ἀνανεοῦντες
449 1507 514 1566 τά
504 1505 662 1602 παλαιγενῆ
685 1510 867 1589 πατριαρχικά
894 1507 941 1568 καί
964 1510 1092 1570 συνσοικά
1115 1513 1200 1570 αὐτῶν
1224 1512 1349 1588 σιγίλλια
1374 1512 1478 1593 δωρεάν
1500 1511 1539 1570 καὶ
1579 1533 1580 1560 ι

227 1608 234 1621 ⁴
251 1627 360 1708 ἑπικυρσ
361 1632 437 1700 ῦντες
460 1625 582 1701 ἅπαξ
556 1651 590 1688 τα
612 1633 834 1712 οταυροπηγιακά
849 1634 935 1692 αυτῶν
951 1635 1086 1712 προνόμια
1103 1631 1141 1703 είς
1158 1633 1269 1710 διηνεκῆ
1286 1637 1487 1714 συντήρησιν
1462 1641 1540 1694 αυτιῖιν

1579 1719 1580 1742 ι

251 1747 298 1810 καὶ
322 1750 484 1831 ἀσφάλειαν,
513 1752 552 1827 μὴ
576 1752 696 1828 δεόμενά
718 1774 784 1813 ποτε
807 1754 986 1826 ἀνανεώσεως
1008 1752 1055 1814 καί
1079 1755 1278 1834 ἐπικυρώσεως.
1317 1754 1365 1814 καὶ
1388 1752 1478 1841 [οὓτω]
1500 1755 1539 1815 καί

249 1871 312 1953 περὶ
341 1895 387 1932 του
418 1873 447 1933 ἐν
476 1881 509 1955 τῇ
541 1874 635 1933 ἑπισκσ
622 1896 673 1956 πη
696 1875 851 1936 Ταλαντίσυ
881 1874 928 1934 καὶ
952 1875 1129 1948 Διαυλείας
1124 1882 1194 1957 ιερσό
1216 1877 1263 1938 καί
1286 1879 1436 1954 σεβασμίου
1460 1901 1537 1954 μσ-νοι

250 1995 357 2076 σ’τηρίου
379 1979 425 2056 του
448 1995 520 2056 ὁσίου
536 2018 583 2056 και
575 1994 763 2077 θεοφόρου
745 1999 831 2077 πατρδ
829 1999 940 2074 ςὴμῶν
956 2001 1060 2080 Λουκά,
1086 2000 1305 2076 ἐπικεκλημένσυ
1320 2003 1404 2061 τοϋΣ
1405 2005 1538 2082 τηριέιτσυ

251 2117 449 2196 ἑνεφανίσίνηγ
436 2119 490 2198 γὰρ
520 2119 574 2194 ἤδη
601 2121 665 2194 ἡμῖν
696 2120 891 2199 πατριαρχικδν
915 2121 1053 2180 συνοδικδν
1077 2122 1257 2198 σιγικλιωδες
1278 2126 1397 2203 γράμμα
1419 2131 1464 2184 τσῡ
1487 2125 1538 2182 ἀοι-

250 2240 329 2316 δίμου
360 2240 389 2299 ἐν
418 2243 598 2322 πατριάρχαις
620 2241 759 2320 Νεσφύτου
786 2246 832 2302 τοῦ
858 2243 977 2302 παλαιοῦ
1005 2243 1204 2324 ἀπσδεικτικόν,
1239 2248 1277 2304 ότι
1308 2247 1339 2305 A
1370 2249 1538 2325 μοναστήριον

248 2367 325 2422 τοῦτο
349 2362 419 2437 μετὰ
440 2369 493 2421 τῶν
517 2363 606 2443 ὁρίων,
631 2363 777 2444 μετοχίων,
802 2363 978 2440 έξιυκλησίων
1001 2364 1048 2425 καί
1072 2367 1219 2447 ἐνσριακῶν
1241 2369 1376 2428 παντοίων
1397 2369 1538 2444 μελλείων,
1579 2413 1580 2418 1

250 2486 319 2565 άπερ
342 2482 394 2544 είσί
416 2489 512 2544 ταῦτα·
548 2488 563 2544 A
586 2487 664 2564 ἀγιος
688 2485 843 2566 Θεόδωρος,
868 2489 886 2561 A
910 2487 1038 2566 Ναναγία
1061 2489 1289 2568 Καλαμιώτισσα,
1313 2493 1344 2549 τδ
1364 2493 1491 2569 μετόχισν
1506 2489 1537 2558 είς

248 2609 293 2666 τόν
317 2605 461 2685 Αἰγιαλόν,
492 2609 507 2664 ό
537 2609 614 2686 ἅγιος
637 2607 778 2680 Νικόλαος
809 2609 837 2667 ἐν
861 2609 993 2688 Σπηρτοις
1025 2612 1106 2689 μέχρι
1133 2616 1179 2671 τοῦ
1201 2611 1317 2693 Ἄσπρου
1342 2613 1479 2673 Ὀσπιτίσυ
1499 2609 1536 2670 καί

248 2733 294 2788 τοῦ
317 2727 394 2807 άγίου
417 2729 553 2810 Γεωργίου
577 2728 617 2802 είς
638 2731 669 2789 τδ
693 2730 867 2810 Περιβόλιον,
895 2721 925 2791 A
948 2732 1066 2792 άλωνιον
1091 2731 1129 2806 είς
1151 2735 1200 2810 τὴν
1223 2735 1407 2814 Σκλιβινίτζα,
1433 2739 1447 2795 ό
1470 2739 1537 2812 άγιος

249 2852 359 2932 Ἠλίας,
382 2853 416 2912 τά
431 2855 547 2933 Ζευγνά,
573 2853 601 2912 ἐν
625 2846 665 2924 οἷς
688 2855 804 2932 ὑπάρχει
827 2857 841 2913 A
864 2856 942 2932 ἅγιος
959 2856 1116 2928 Ἀθανάσιος
1137 2850 1184 2916 καί
1206 2860 1225 2934 A
1248 2859 1351 2938 βρόσις·
1379 2861 1450 2934 μετά
1464 2863 1536 2918 τοάτο

247 2974 275 3034 ἐν
298 2978 354 3047 τοῖς
377 2976 453 3035 κάτω
477 2977 570 3056 μέρεσι
594 2978 609 3034 A
632 2975 775 3051 βασιλικός
791 2977 887 3058 μύλος,
911 2975 1171 3057 ἠἏλσγατατ-ημία
1190 2977 1214 3038 εἰ
1230 2980 1278 3055 την
1294 2981 1406 3062 Στενήν,
1431 2984 1446 3040 A
1469 2982 1535 3058 ἅγιος

246 3098 373 3158 Παντελε
386 3119 464 3179 μων,
488 3098 503 3155 A
526 3100 603 3177 ἅγιος
619 3097 729 3180 Ἠλίας,
753 3101 781 3158 τό
797 3100 912 3180 Τρὺπιον
928 3102 1035 3180 Λιθάρι,
1060 3101 1073 3158 ό
1089 3103 1206 3179 σχοῖνος,
1230 3103 1259 3160 τό
1277 3101 1370 3182 Μακρὶ
1387 3104 1490 3181 Λιθάρι,
1511 3102 1534 3158 A

246 3221 358 3300 Μαῦρον
381 3222 488 3300 Λιδάρι,
512 3221 542 3280 τό
563 3222 749 3301 Ἀνατολικόν,
772 3224 789 3296 A
808 3223 934 3301 Ναναγία
950 3223 1068 3295 Πανίτζα
1092 3225 1173 3303 μέχρι
1196 3229 1241 3283 τοῦ
1258 3225 1355 3299 Κάβσυ
1377 3233 1428 3301 τῆς
1442 3221 1532 3300 Ἁγίας,

246 3343 260 3398 ό
283 3343 362 3420 ἅγιος
386 3339 525 3422 Ἰωάννης,
548 3345 567 3419 A
591 3343 755 3424 Μάσκλερα,
779 3344 942 3423 ἠΙΙαναγία
957 3345 1128 3426 Μεραλίτζα,
1152 3349 1167 3405 A
1191 3349 1268 3426 ἅγιος
1284 3347 1428 3420 Νικόλαος
1451 3347 1487 3417 είς
1506 3344 1533 3402 τὶ

246 3465 372 3544 Καμπιά,
402 3467 420 3538 A
445 3463 572 3543 ΙΙαναγία
594 3469 639 3524 τοῦ
663 3467 767 3546 Μόρον,
796 3468 810 3525 A
834 3468 911 3544 ἅγιος
933 3467 1075 3540 Νικόλαος
1098 3475 1147 3545 τῆς
1169 3470 1268 3549 Συκῆς,
1291 3471 1321 3528 τό
1346 3467 1532 3550 Μαρυδάκι,ἠ

246 3590 339 3668 Σάρρα
356 3585 395 3658 είς
411 3593 456 3647 τοῦ
473 3587 577 3658 Μιζίκα
592 3587 639 3648 καί
655 3590 705 3647 όσα
729 3590 937 3669 ἑμπεριέχονται
962 3589 1108 3670 οἰκήματα,
1133 3591 1266 3670 ἀμπέλια,
1289 3597 1381 3671 κῆποι,
1407 3593 1530 3671 χωράφιο,

246 3710 316 3786 μετὰ
330 3711 431 3769 τούτων
456 3709 501 3769 οὖν
524 3708 569 3768 καί
595 3710 664 3785 μετὰ
686 3712 793 3769 πάντων
815 3717 869 3770 τῶν
893 3713 996 3771 λοιπῶν
1020 3715 1166 3788 κτημάτων
1190 3712 1236 3772 καὶ
1252 3714 1448 3793 ἀφιερωμάτων
1464 3713 1531 3772 αὐτοῦ
1579 3707 1580 3710 '

246 3835 362 3914 ὑπάρχει
377 3835 584 3914 σταυροττηγιον.
599 3831 638 3904 εἰς
650 3833 803 3893 ἀνακαίνισν
817 3833 862 3892 οὖν
878 3836 969 3894 τούτου
986 3837 1134 3914 γράφοντες
1148 3836 1192 3895 διὰ
1206 3841 1251 3894 τοῦ
1267 3838 1401 3916 παρόντος
1413 3835 1530 3912 ἡμετέρου
1579 3813 1580 3878 }

244 3959 442 4038 πατριαρχικοῦ
463 3954 510 4014 καί
534 3955 672 4015 συνοδικοό
696 3951 889 4032 σιγιλλιώδους
913 3957 941 4016 ἐν
965 3956 1137 4036 μεμβράναις
1160 3962 1323 4039 γράμματος
1340 3956 1529 4040 ἀποφαινόμεθα
1579 3999 1580 4006 ι

246 4078 391 4150 συνσδικως
415 4099 449 4152 με
451 4077 484 4136 τά
507 4099 601 4136 τωκι
582 4075 644 4158 περί
667 4079 740 4152 ἡμᾶς
757 4078 909 4158 ἱερωτάτων
932 4100 994 4158 αρχ
990 4101 1081 4158 ερεων
1097 4102 1144 4139 και
1160 4103 1194 4140 υι
1185 4103 1320 4162 ερτιμων
1344 4105 1398 4142 των
1423 4083 1450 4141 ἐν
1472 4077 1529 4154 άγίῳ
1579 4059 1580 4066 ί

245 4201 375 4274 πνεύματι
391 4201 539 4277 ἀγαπητων
555 4201 634 4275 ἡμῶν
651 4199 778 4279 ἀδελ-ρων
794 4223 840 4260 και
857 4201 944 4259 συλλε
932 4223 1086 4282 -ιτουργων,
1109 4225 1150 4261 ινα
1165 4225 1195 4262 τ
1211 4204 1315 4286 δηῦεν’
1310 4207 1379 4284 ιερόν
1396 4228 1441 4264 και
1433 4201 1527 4272 σεβι-

245 4343 323 4398 ομισν
347 4325 525 4402 μονοιστηρισν
548 4326 578 4381 τό
603 4323 631 4380 ἐν
654 4330 686 4404 τῇ
712 4323 843 4402 ἐπισκοπῇ
861 4322 1014 4382 Τοιλαντίου
1037 4323 1082 4382 καὶ
1100 4327 1245 4397 Διαυλείοις
1261 4332 1306 4386 τοῦ
1330 4327 1402 4386 όσίου
1416 4324 1460 4386 καί
1474 4325 1527 4380 θεσ-

245 4448 327 4526 φόρου
338 4449 440 4526 πατρός
455 4447 535 4521 ἡμῶν
549 4448 652 4525 Λουκά,
670 4446 888 4522 ἐπικεκλημένσν
900 4451 945 4505 τοῦ
959 4448 1120 4526 Στηριώτσυ,
1138 4449 1208 4522 μετά
1219 4455 1272 4507 τῶν
1285 4451 1412 4530 ἀνωτέρω
1426 4444 1525 4524 ἀπηρίθ-

245 4570 376 4643 μημένων
399 4568 487 4648 όρίων,
510 4569 656 4646 μετοχίων,
680 4565 856 4642 ἑξωκλησίων
877 4567 923 4627 καί
941 4569 1088 4647 ἐνοριοικῶν
1104 4571 1237 4630 παντοίων
1254 4571 1395 4646 μελλείων
1411 4569 1454 4630 καί
1469 4561 1525 4642 μετὰ

244 4694 352 4751 πάντων
383 4697 436 4750 τιῖιν
459 4692 563 4750 λοιπῶν
587 4695 734 4767 κτημάτων
757 4689 802 4750 καί
825 4694 993 4771 πραγμάτων
1017 4689 1063 4750 καί
1088 4693 1283 4772 ἀφιερωμοίτων
1308 4697 1395 4772 αὐτοῦ,
1428 4695 1525 4764 κινητιῐιν
