3222 5284
241 340 306 404 364

242 532 392 616 εἰρημένων
424 535 524 614 ἑορτῶν
549 535 578 595 ἐν
601 535 652 619 μιᾷ
673 539 726 596 τῶν
750 540 798 614 τῆς
828 537 937 616 πρώτης
967 535 1125 612 ἑβδομάδος
1154 537 1266 616 ἡμερῶν
1295 537 1367 619 τύχῃ
1390 537 1552 616 τελεῖσθαι,

242 655 336 732 ἐπίσης
357 658 418 729 ταῖς
439 657 541 738 τρίταις
562 657 610 718 καί
630 660 768 735 πέμπταις
790 663 843 718 τῶν
866 657 964 718 ἄλλων
981 657 1144 735 ἑβδομάδων
1159 664 1209 736 τῆς
1224 659 1305 738 άγῖας
1320 665 1552 740 τεσσαρακοστῆς

242 779 397 840 έστιαστὲον
421 779 449 840 ἑν
472 777 623 862 βρώμασιν,
646 779 719 842 οἴνου
742 780 774 842 δὲ
797 780 964 856 μεταδοτέον
986 779 1025 860 τῷ
1041 779 1143 857 μείζονι
1163 778 1275 861 έξαγίῳ.
1306 781 1356 854 τὰς
1373 781 1469 853 άλλας
1485 781 1551 841 τοί-

240 921 285 960 νυν
315 903 406 974 πάσας
436 901 517 981 ἁγίας
546 903 654 983 ἡμέρας
680 907 730 979 τῆς
760 910 980 982 τεσσαρακοστῆς
1002 905 1052 964 οῦκ
1082 899 1189 976 ἐξέσται
1219 904 1280 979 ύμῖν
1311 900 1493 982 ίχθυοραγεῑν
1518 905 1551 962 τ“ο

241 1023 363 1104 σύνολον,
396 1021 419 1084 εἴ
443 1025 480 1101 μὴ
510 1025 686 1105 παράκλησις
716 1023 781 1096 ἴσως
810 1024 946 1104 πεμφθείη
970 1021 1044 1106 παρά
1065 1045 1137 1096 τινος
1161 1025 1190 1084 ἐν
1212 1023 1343 1104 σαββάτῳ
1365 1029 1385 1100 ἢ
1407 1029 1550 1106 κυριακῇ·

240 1151 290 1222 τῆς
313 1146 410 1225 ἑορτῆς
433 1145 464 1206 δὲ
486 1149 532 1206 τοῦ
556 1145 756 1224 εύαγγελισμοῦ
780 1147 925 1222 ἐπιστάσης
952 1147 1088 1226 λαμπρῶς
1111 1147 1270 1226 ἐορταοτέον
1294 1143 1333 1218 εἴς
1356 1145 1473 1222 δύναμιν
1497 1145 1550 1206 καὶ

241 1265 340 1343 ἰχθύων
356 1268 546 1344 μεταληπτέον
562 1267 668 1328 οἴκοθεν
684 1268 891 1345 δψωνιζομένων
907 1269 953 1328 καὶ
966 1268 1038 1330 οἴνου
1048 1271 1146 1330 ποτέον
1159 1269 1205 1330 διὰ
1215 1273 1262 1329 τοῦ
1277 1267 1403 1344 μείζονος
1418 1266 1547 1346 ἑξαγίου.

242 1387 459 1468 ίχθυοηαγησετε
489 1388 519 1448 δὲ
543 1388 627 1471 ἐντῃ
659 1389 725 1472 ἁγίᾳ
754 1389 837 1472 ταύτῃ
869 1389 958 1470 ἑορτῇ,
992 1391 1031 1462 ώς
1061 1389 1175 1471 εἴρηται,
1209 1389 1256 1450 ἐάν
1280 1392 1374 1471 μὴτῇ
1405 1389 1475 1473 ἁγίᾳ
1498 1389 1551 1450 καὶ

242 1511 356 1592 μεγάλῃ
387 1509 522 1586 έβδομάδι
552 1508 707 1594 συνδράμῃ·
742 1513 803 1572 τότε
832 1511 886 1592 γάρ
916 1516 973 1584 τοῖς
1006 1511 1237 1594 ὀστρακοδέρμοις
1266 1512 1404 1594 χρήσεσθε
1436 1511 1548 1588 μόνοις,

242 1630 409 1708 μᾶλλονδὲ
436 1631 684 1712 παρακληθησεσθε
708 1633 753 1693 διὰ
774 1634 823 1708 τὴν
847 1635 954 1715 ἑορτήν,
985 1632 1044 1694 ἐπεὶ
1066 1633 1116 1706 τὰς
1137 1636 1210 1715 τρεῖς
1235 1635 1343 1714 ἡμέρας
1368 1634 1472 1710 ταύτης
1496 1639 1549 1710 τῆς

240 1753 406 1834 ἑβδομάδος,
434 1753 518 1832 ἤγουν
542 1755 665 1838 δευτέρᾳ,
694 1754 770 1838 τρίτη
792 1755 839 1816 καὶ
869 1755 978 1836 τετράδι
1008 1755 1113 1835 διάγειν
1143 1754 1217 1829 είκός
1238 1775 1304 1816 τισιν
1334 1753 1455 1836 ὀσπρίοις
1480 1755 1547 1816 δια-

242 1874 354 1955 βράχοις
379 1874 426 1936 καὶ
454 1876 589 1954 λαχάνοις
619 1877 705 1953 ώμοῑς
736 1876 783 1938 καὶ
813 1877 932 1958 ὀπώραις
961 1881 1021 1948 ταῖς
1049 1879 1269 1958 παρατυχούσαις
1297 1879 1466 1958 άρκσύμεναι
1498 1877 1548 1936 καὶ

240 1995 279 2075 τῷ
302 1999 440 2076 κυμινάτῳ
463 1997 556 2078 θερμῷ
578 2001 689 2072 πόματι.
735 1997 759 2058 εἰ
782 1997 813 2059 δέ
835 1998 883 2060 καί
908 2000 935 2060 ἐν
957 2006 991 2082 τῇ
1015 2001 1129 2082 δευτέρᾳ
1150 1998 1198 2059 καὶ
1219 1999 1294 2082 τρίτῃ
1316 2005 1366 2075 τῆς
1386 1999 1472 2078 άγίας
1495 1997 1545 2058 καί

242 2117 371 2196 μεγάλης
401 2117 556 2194 ἑβδομάδος
588 2117 728 2203 συνδράμῃ
756 2121 774 2197 ἡ
803 2120 1016 2200 προδηλωθεῖσα
1047 2121 1126 2201 ἑορτὴ
1153 2123 1201 2182 τοῦ
1228 2118 1433 2199 εόαγγελισμοῦ
1461 2123 1481 2196 ἡ
1512 2125 1547 2201 τῇ

242 2239 356 2321 μεγάλῃ
378 2241 499 2322 πέμπτη,
521 2243 578 2312 τοῖς
601 2241 829 2322 ὀστρακοδέρμοις
850 2245 987 2324 χρήσεσθε
1010 2243 1112 2318 μόνοις.
1144 2238 1167 2302 εἰ
1192 2239 1293 2302 δὲκαὶ
1316 2240 1345 2300 ἐν
1368 2246 1401 2322 τῇ
1424 2241 1546 2324 μεγάλῃ

240 2361 348 2442 τετράδι
371 2359 417 2421 καὶ
440 2367 600 2443 παρασκευῇ
623 2366 641 2438 ἢ
664 2361 711 2423 καί
734 2362 806 2442 αῦτῷ
820 2363 860 2443 τῷ
880 2365 998 2444 μεγάλῳ
1021 2365 1162 2444 σαββάτῳ,
1184 2363 1286 2446 τῃμὲν
1302 2363 1416 2446 μεγάλῃ
1430 2363 1545 2444 τετράδι

241 2481 288 2542 καὶ
308 2489 342 2564 τῇ
366 2483 479 2564 μεγάλῃ
501 2491 660 2568 παρασκευῇ
684 2484 803 2566 ὀσπρίοις
824 2485 891 2546 τισὶν
915 2487 1024 2564 ἑψητοῖς
1046 2479 1094 2548 καὶ
1116 2486 1252 2564 λαχάνοις
1274 2485 1320 2546 σόν
1344 2478 1433 2564 ἐλαίῳ
1454 2484 1544 2564 ἀρκε-

242 2605 383 2678 σθήσεσθε.
429 2606 621 2680 μεταληπτέον
645 2604 746 2668 δὲκαὶ
768 2607 839 2668 οἴνου
861 2606 901 2687 τῷ
924 2607 1026 2683 μείζονι
1050 2605 1163 2687 ἐξαγῖῳ.
1202 2607 1231 2666 ἐν
1256 2607 1287 2668 δὲ
1309 2605 1348 2686 τῷ
1371 2605 1443 2687 άγίῳ
1467 2605 1542 2680 σαβ-

241 2725 316 2805 βάτῳ
346 2725 455 2786 άπέστω
484 2732 559 2787 πᾶσα
589 2729 708 2808 μέριμνα
737 2730 924 2810 περισπασμόν
955 2729 1117 2805 ἐμποιοῦσα·
1150 2731 1179 2789 ού
1207 2729 1262 2809 γὰρ
1289 2728 1335 2790 διὰ
1361 2729 1411 2804 τὴν
1443 2729 1543 2808 ἑορτὴν

240 2847 411 2908 καταλύσετε
432 2849 482 2926 τἠν
504 2851 551 2909 τού
573 2851 700 2929 μεγάλου
723 2849 861 2926 σαββάτου
882 2851 1020 2931 νηστείαν,
1048 2845 1071 2931 ᾧ
1093 2852 1170 2930 μόνῳ
1192 2849 1330 2926 νηστεύειν
1352 2848 1406 2908 άπό
1429 2851 1542 2908 πάντων

241 2975 393 3043 κανονικῶς
414 2969 623 3051 παρελάβομεν,
647 2971 724 3032 ἀλλά
745 2970 793 3032 καί
816 2970 927 3047 μᾶλλον
949 2972 1081 3053 τηρητέον
1097 2971 1147 3044 τὰς
1161 2976 1215 3032 τῶν
1230 2971 1311 3030 θείων
1333 2971 1460 3052 πατέρων
1478 2971 1543 3030 δια-

240 3090 333 3166 τάξεις
354 3091 401 3152 καὶ
425 3093 571 3174 ἐργαστέον
594 3094 666 3174 ύμῖν,
689 3095 727 3166 ὡς
751 3093 872 3174 δυνατόν,
894 3093 966 3155 κατὰ
987 3095 1033 3156 τόν
1055 3092 1189 3172 θεολόγον
1212 3093 1233 3152 Γ
1234 3095 1361 3174 ρηγόριον
1377 3097 1431 3152 πάν
1447 3094 1543 3174 ἕτερον

242 3217 271 3278 ἐν
294 3217 387 3290 αῦταῑς
410 3212 527 3296 ὀγαθόν·
552 3214 619 3297 ,,καί
641 3219 704 3299 γάρ,
728 3237 799 3296 φησι,
823 3218 899 3276 τοῦτό
915 3216 970 3277 ἐστι
989 3218 1020 3277 τό
1041 3217 1187 3296 ἑορτάζειν,
1210 3215 1290 3292 ἡμῶν
1305 3219 1380 3296 ψυχῇ
1396 3235 1421 3274 τι
1435 3215 1542 3290 θησαυ-

242 3341 322 3418 ρίζειν
341 3344 394 3398 τῶν
418 3340 541 3398 ἑστώτων
563 3336 610 3397 καί
631 3339 833 3419 κρατουμένων,
857 3337 934 3398 ἀλλὰ
957 3339 995 3414 μὴ
1015 3344 1070 3398 τῶν
1092 3338 1305 3416 ὑποχωρούντων
1326 3335 1373 3397 καί
1396 3336 1542 3412 λυομένων

241 3459 287 3520 καί
318 3459 402 3538 μικρὰ
432 3461 578 3520 σαινόντων
600 3461 649 3534 τὴν
680 3459 813 3542 αἴσθησιν,
842 3460 877 3520 τά
902 3459 1019 3526 πλεῖστα
1043 3458 1074 3518 δέ
1105 3457 1283 3532 βλαπτόντων
1309 3458 1381 3518 κατὰ
1402 3459 1448 3518 τόν
1474 3457 1542 3534 ἐμδν

241 3581 358 3659 λέγον.“
396 3579 443 3641 καὶ
464 3582 561 3642 πάλιν·
594 3582 729 3663 ,,άρκετόν
751 3581 790 3661 τῷ
817 3583 921 3658 σώματι
943 3584 962 3660 ἡ
984 3579 1069 3642 κακία
1096 3583 1185 3642 αῦτοῦ.
1220 3580 1299 3642 τίδὲ
1322 3581 1421 3662 δεῑτῇ
1447 3581 1541 3660 ηλογῄ
1605 3567 1606 3576 ¹

241 3702 369 3774 πλείονος
390 3702 459 3778 ύλης
481 3705 499 3777 ἡ
522 3700 561 3780 τῷ
585 3701 668 3782 θηρίῳ
692 3701 893 3784 δοψιλεστέρας
907 3709 1017 3784 τρορῆς,
1040 3703 1085 3763 ἵνα
1100 3703 1212 3778 μᾶλλον
1229 3703 1411 3762 δυσκάθεκτον
1426 3703 1541 3779 γένηται

241 3823 287 3884 καί
309 3828 355 3884 τοῦ
377 3825 512 3902 λογισμοῦ
536 3824 700 3905 βιαιότερονς
725 3825 770 3884 διὰ
784 3829 868 3885 ταῦτα
882 3829 948 3903 γοῦν
971 3827 1130 3905 έορταστέον
1152 3822 1375 3900 πνευματικῶς.“
1404 3825 1542 3904 τῇτοίνον

242 3944 307 4026 άγίρ
329 3942 375 4004 καί
399 3945 513 4026 μεγάλῃ
534 3947 655 4028 πέμπτη,
680 3947 725 4006 ὀτε
748 3947 786 4022 μὴ
811 3947 976 4028 ἑορτάζομεν
990 3949 1036 4006 τόν
1060 3947 1272 4026 εόαγγελισμόν,
1295 3943 1367 4006 κατὰ
1386 3944 1436 4017 τάς
1450 3945 1542 4025 τρίτας

239 4064 287 4126 καὶ
311 4068 435 4142 πέμπτας
457 4071 511 4128 τῶν
534 4067 638 4128 λοιπῶν
663 4068 826 4143 ἑβδομάδων
848 4073 898 4144 τῆς
919 4074 1138 4149 τεσσαρακοστῆς
1159 4069 1178 4143 ἡ
1203 4061 1319 4138 ἑστίασις
1342 4067 1418 4126 ἐσται
1434 4065 1540 4143 ύμῑνὲν

240 4192 297 4261 τοῖς
320 4188 476 4270 ἐδέσμασιν,
499 4189 562 4249 ὀδέ
582 4184 655 4261 οἴνσς
669 4189 708 4269 τῷ
729 4189 831 4266 μείζονι
854 4187 966 4271 ἑξαγίῳ.
997 4195 1030 4270 τῇ
1046 4192 1139 4266 μέντοι
1154 4189 1220 4270 άγίᾳ
1233 4194 1404 4270 παρασκευῇ,
1428 4187 1454 4248 εἴ
1469 4189 1540 4265 μὴν,

240 4311 427 4392 προλεχθεῑσα
450 4313 529 4393 ἑορτὴ
550 4317 600 4389 τῆς
621 4313 813 4393 παναχράντου
836 4311 980 4388 δεσποίνης
1001 4293 1080 4387 ἡμῶν
1096 4313 1224 4372 θεοτόκου
1240 4309 1391 4394 συνδράμῃ,
1415 4309 1539 4392 ηόδόλως

241 4435 444 4512 μαγειρευτέον,
467 4433 600 4510 λαχάνων
623 4433 654 4492 δέ
676 4455 755 4494 τινων
771 4433 855 4508 ὠμῶν
870 4427 918 4492 καὶ
934 4433 1048 4514 ὀπωρῶν
1063 4433 1257 4508 μεταληπτέον
1272 4429 1319 4492 καὶ
1335 4430 1407 4492 οἴνου
1422 4431 1463 4512 τῷ
1478 4432 1539 4508 μεί-

242 4557 298 4625 ζονι
321 4553 464 4632 διδομένου
487 4553 589 4634 ἑξαγίῳ
613 4554 657 4616 διά
678 4556 724 4614 τδν
748 4555 781 4616 ἐκ
802 4561 852 4630 της
875 4555 1023 4635 ἀγρυπνίας
1044 4557 1141 4618 κόπον.
1173 4553 1202 4614 ἐν
1219 4555 1251 4614 δὲ
1265 4553 1304 4633 τῷ
1320 4554 1392 4634 άγίῳ
1407 4553 1538 4632 σαββάτῳ

241 4677 348 4738 ἀπέστω
371 4683 445 4738 πάσα
466 4679 584 4758 μέριμνα
603 4679 790 4758 περισπασμόν
811 4677 969 4758 ἐμποιοῦσα,
993 4679 1077 4753 μένος
1093 4675 1124 4736 δὲ
1145 4675 1315 4753 διακλυσμός
1333 4676 1452 4754 γινέσθω
1471 4675 1539 4736 κατὰ
