3194 5298
253 337 312 404 164

247 537 438 614 ύποστατικῶν,
457 535 495 594 ἔτι
511 533 542 594 δέ
553 533 603 610 ῐκαί
619 535 649 594 τό
664 542 717 593 τῶν
729 533 917 614 Μουντουσῶν,
934 535 1012 596 ἀλλὰ
1027 536 1061 612 δὴ
1077 535 1124 596 καί
1135 535 1166 596 τδ
1178 533 1217 610 είς
1229 538 1276 612 τὴν
1288 537 1358 598 Σιὼν
1371 539 1546 618 αύτοόργιεν·

248 655 349 737 χωρίον
372 654 412 727 είς
433 657 477 715 τόν
502 657 619 732 Κάμπον
641 655 796 734 λεγόμενον
819 657 853 716 τὰ
876 658 1055 718 Ἰδπισκοπεῖα
1077 658 1222 734 μετὰτῶν
1246 659 1275 718 ἐν
1298 659 1371 738 αύτῷ
1393 659 1547 740 παροίκων,

249 785 299 856 τῆς
327 778 502 858 διαφερούσης
523 783 556 859 τῇ
581 777 716 860 ἐκκλησίᾳ
738 783 791 856 γῆς
813 775 860 837 καί
882 784 935 837 τῶν
958 779 1063 839 λοιπῶν
1086 779 1278 860 ύποοτατικῶν,
1311 781 1348 840 ἔτι
1373 781 1405 841 δὲ
1429 779 1482 842 καί
1504 785 1548 840 τού

249 902 389 981 δρυμῶνος
414 905 460 960 τού
488 898 715 980 ίδιοπεριορίοτως
740 903 886 980 προσόντος
913 903 996 982 μέχρι
1022 906 1068 963 τού
1094 905 1227 983 παρόντος
1252 910 1284 986 τῇ
1313 905 1381 984 αύιῄ
1404 906 1549 984 ἁγιωτάτῃ

247 1022 391 1105 ἐκκλησίᾳ,
422 1024 461 1093 ῶς
489 1025 535 1080 τού
562 1021 658 1080 λοιποῦ
685 1023 785 1093 παντός
813 1022 954 1102 δρυμῶνος
976 1030 1023 1082 τοῦ
1047 1023 1225 1100 ὑποκειμένου
1248 1023 1285 1105 τῷ
1309 1025 1444 1105 δημοσίῳ,
1472 1025 1548 1103 ὀρεί-

246 1145 343 1216 λοντος
366 1138 435 1202 εἶναι
457 1140 533 1214 αὖθις
555 1143 604 1202 ύπδ
619 1143 664 1201 τόν
681 1141 824 1218 δημόσιον·
848 1145 976 1223 χωράρια
991 1143 1019 1203 ἐν
1037 1145 1172 1226 διαφόροις
1186 1149 1278 1218 τόποις
1293 1151 1338 1206 τού
1353 1147 1461 1218 Ἕλους
1479 1148 1549 1220 μετὰ
1594 1131 1595 1136 ¹

246 1271 299 1326 τῶν
328 1265 356 1324 ἐν
385 1266 474 1336 αύτοῖς
499 1265 636 1344 τεσσάρων
665 1264 864 1343 ύδρομυλώνων
892 1271 946 1324 τῶν
973 1267 1174 1346 ἁνεγερδέντων
1200 1268 1275 1348 παρὰ
1301 1273 1348 1328 τού
1371 1271 1478 1348 μέρους
1501 1275 1548 1344 τῆς
1595 1311 1596 1332 ι

248 1381 398 1462 ἐκκλησίας
424 1385 470 1446 καί
497 1391 542 1446 τού
570 1385 749 1462 ἀμπελῶνος·
784 1387 905 1468 ἁγρίδιον
932 1388 1085 1468 λεγόμενον
1111 1394 1157 1449 τού
1180 1389 1259 1469 ἁγίου
1281 1391 1451 1470 Κουρνούτου
1478 1391 1549 1466 μετίι

246 1511 351 1574 τῶνέν
375 1508 447 1589 αύτῷ
469 1507 620 1589 παροίκων·
645 1511 736 1588 ἕτερον
759 1509 881 1588 ἁγρίδιον
903 1513 950 1570 τού
972 1511 1094 1592 Καμαρᾶ
1116 1512 1186 1586 μετὰ
1200 1515 1253 1570 τῶν
1269 1511 1298 1572 ἐν
1315 1511 1388 1590 αύτῷ
1402 1513 1548 1594 παροίκων

221 1631 292 1711 ,καὶ
315 1632 511 1692 ὑποστατικῶν·
534 1632 552 1705 ἡ
576 1631 646 1706 μονὴ
669 1635 714 1690 τού
737 1631 815 1708 ἁγίου
835 1631 971 1711 Γεωργίου
993 1633 1010 1706 ἠ
1033 1637 1079 1692 τού
1096 1631 1222 1711 Πρινίκου
1246 1634 1316 1708 μετὰ
1336 1639 1389 1693 τῶν
1405 1635 1548 1709 ύπόίσπην

245 1751 382 1834 παροίνιον
409 1753 456 1813 καὶ
478 1751 642 1834 αύτουργίων
673 1751 718 1811 καί
745 1759 795 1828 τῆς
821 1751 922 1829 λίμνης
948 1760 998 1829 τῆς
1023 1754 1174 1834 προσούσης
1200 1761 1233 1838 τῇ
1260 1757 1370 1836 τοιαύτη
1398 1763 1472 1838 μονῇ
1501 1760 1548 1814 τού
1595 1757 1596 1829 )

247 1874 383 1956 Πρινίκου,
408 1877 446 1936 ἔτι
469 1873 569 1936 δὲκαὶ
591 1881 640 1951 τῆς
662 1881 835 1954 συνεισρορᾱς
858 1875 997 1957 ἁπάσηςί)
1012 1849 1058 1936 τού
1080 1873 1252 1950 βαλανιδίου“
1275 1877 1477 1958 προκατείχετο
1495 1877 1546 1953 μέν
1595 1943 1596 1996 γ

245 1999 299 2079 γὰρ
321 2000 450 2078 πρότερον
473 1999 491 2072 ἡ
513 1995 623 2072 ἡμίσεια
648 1997 806 2077 συνεισρορδι
827 1999 926 2073 ταύτης
947 1999 1022 2079 παρὰ
1043 2004 1089 2058 τού
1112 2002 1211 2082 μέρους
1226 2007 1276 2076 της
1290 2002 1416 2077 τοιαύτης
1433 2001 1545 2075 ἐκκλη-

245 2117 315 2200 σίας,
337 2122 355 2194 ἡ
380 2119 411 2180 δέ
434 2121 514 2200 έτέρα
536 2119 648 2195 ἡμίσεια
671 2121 769 2196 ταύτης
790 2121 865 2202 παρὰ
887 2125 933 2181 τού
957 2123 1100 2198 δημοσίου·
1125 2123 1224 2204 ἀρτίως
1248 2123 1279 2182 δὲ
1303 2124 1443 2199 είιδοκεῖί,
1460 2125 1545 2198 βασι·
1595 2139 1596 2162 ¹

245 2241 310 2302 λεία
333 2262 385 2318 μου
407 2239 454 2302 καί
475 2242 694 2322 παρακελεύεται
716 2245 765 2319 τὴν
788 2245 894 2304 ἃπασαν
916 2245 1014 2320 ταύτην
1036 2249 1082 2305 τού
1104 2245 1264 2320 βαλανιδίου
1280 2247 1453 2327 ουνειορορδιν
1468 2245 1544 2326 παρ-ἁ
1593 2227 1595 2296 ι

243 2369 290 2425 τού
321 2367 421 2444 μέρους
447 2365 611 2442 κατέχεσθαι
639 2371 688 2441 τῆς
714 2366 838 2441 τοιαύτης
865 2367 1019 2444 ἁγιωτάτης
1047 2373 1133 2442 μονῆς
1160 2367 1354 2447 ἁνενοχλήτως
1380 2368 1428 2430 καί
1457 2369 1542 2430 ἐδια-

244 2485 370 2558 σείστως·
393 2486 494 2567 χωρίον
517 2485 541 2545 οἱ
562 2487 723 2560 Πεζιάμενοι
747 2487 817 2563 μετὰ
839 2493 892 2547 τῶν
916 2487 946 2548 ἐν
969 2487 1040 2566 αύτῷ
1062 2490 1201 2568 παροίκων
1223 2491 1271 2550 καί
1293 2491 1478 2552 ύιτοστατικῶν
1496 2489 1542 2552 καί
1594 2489 1595 2495 '

243 2611 351 2671 πάντων
377 2613 431 2668 τῶν
459 2605 570 2668 δικαίων
592 2606 640 2668 καί
661 2611 751 2686 πάσης
772 2617 822 2686 τῆς
845 2618 931 2685 νομῆς
954 2613 1046 2671 αύτού·
1078 2611 1180 2691 χωρίον
1202 2613 1233 2671 τό
1256 2612 1446 2694 Φιλόδενδρον
1468 2613 1543 2688 μετὰ

244 2737 298 2791 τῶν
327 2732 356 2790 ἐν
384 2729 455 2811 αύτῷ
483 2731 619 2810 παροίκων
646 2730 693 2791 καί
720 2733 913 2792 ύποστατικῶν·
943 2736 962 2808 ἡ
991 2735 1060 2809 μονὴ
1087 2741 1134 2794 τού
1156 2734 1243 2810 τιμίου
1267 2735 1467 2816 ίίροδρόμουη
1495 2739 1541 2796 τού
1595 2740 1596 2827 )

245 2855 410 2934 Σαρορῶνος
438 2852 508 2928 μετὰ
533 2859 586 2912 τῶν
613 2852 657 2913 ὑπ’
668 2855 749 2929 αυτὴν
776 2855 914 2935 παροίκων
937 2855 983 2916 καὶ
1006 2856 1110 2916 λοιπῶν
1134 2857 1259 2918 δικαίων·
1294 2855 1372 2931 δείς
1393 2858 1428 2917 τὰ
1450 2859 1539 2918 Φῶτα

242 3099 347 3178 πέρων·
378 3097 412 3156 τὰ
441 3097 517 3168 ἐντός
538 3103 587 3176 τῆς
612 3097 811 3173 Μονεμβασίας
834 3097 956 3174 δστιητια,
981 3100 1051 3179 ἁπερ
1074 3095 1135 3178 εἶχέ
1156 3121 1221 3160 ποτε
1245 3101 1260 3160 δ
1283 3101 1383 3182 Ἀρῆς·
1416 3101 1538 3182 ἁγρίδιον
1595 3110 1596 3171 )

244 2975 390 3052 ἁμπελῶν·
424 2977 443 3054 ἠ
472 2976 500 3034 ἐν
522 2996 561 3056 τῳ
583 2975 677 3056 χωρίῳ
700 2973 753 3035 τῶν
777 2977 900 3036 Πολλῶν
923 2977 1026 3038 Ξενίων
1048 2980 1167 3054 ποσότης
1187 2984 1242 3038 τῶν
1266 2977 1431 3040 εἰκοσιπέντε
1454 2981 1538 3060 ύπερ-

244 3219 273 3280 αἱ
296 3219 395 3280 Ῥιπίαι
422 3219 467 3279 σύν
494 3217 533 3299 τῷ
560 3219 668 3300 πλησίῳ
691 3221 783 3280 τούτου
805 3223 879 3300 τόπῳ
903 3221 940 3301 τῷ
964 3221 1105 3302 Καλαμίῳ
1128 3220 1174 3282 καὶ
1197 3220 1236 3302 τῷ
1258 3229 1311 3282 τῶν
1334 3223 1534 3304 Δικαστηρίων·

243 3343 401 3424 προάστειον
428 3347 482 3402 τῶν
504 3343 697 3419 Λαιμόνωνί)
732 3343 771 3402 έτι
794 3343 825 3402 δέ
847 3341 894 3403 καί
916 3343 950 3402 τίι
972 3345 1126 3425 αύτούργια,
1150 3347 1200 3404 ὅσα
1223 3346 1306 3425 μέχρι
1328 3348 1374 3405 τού
1397 3349 1443 3404 νύν
1467 3347 1537 3426 εύρί-

244 3484 337 3524 σκεται
363 3465 519 3541 κατέχουσα
545 3461 592 3523 καί
614 3465 752 3540 νεμομένη
775 3465 793 3540 ἡ
816 3464 883 3540 αύτὴ
906 3465 1044 3544 ἁγιωτάτη
1069 3465 1204 3541 ἐκκλησία
1226 3465 1265 3537 τίς
1287 3485 1318 3525 τε
1339 3467 1386 3526 τδν
1410 3467 1535 3549 Σῶραιια,

242 3586 292 3660 τὴν
315 3583 496 3664 Κουλενδίαν,
518 3585 566 3660 τὴν
590 3584 780 3665 Κουμαραίαν,
803 3585 851 3660 τἠν
875 3587 1036 3663 Βουλκὰνην
1058 3585 1105 3646 καί
1126 3587 1215 3648 Μέοιν
1237 3585 1284 3648 καί
1299 3587 1438 3669 Δωδαίαν,
1462 3588 1536 3649 ἁλλέ

244 3704 278 3784 δὴ
301 3705 347 3766 καί
371 3705 409 3777 εἰς
431 3707 479 3782 την
495 3705 585 3766 Νόδυν
607 3705 653 3765 καί
675 3705 715 3778 είς
737 3708 785 3782 την
807 3705 907 3784 λίμνην
928 3707 977 3768 καί
999 3709 1043 3768 τόν
1065 3709 1166 3788 πύργον
1188 3707 1235 3768 καί
1257 3710 1286 3768 τό
1307 3708 1535 3790 παλαιόκκστρον.

244 3831 262 3888 ἁ
289 3827 323 3904 δὴ
351 3831 448 3908 πάντα,
479 3829 530 3888 ὅσα
557 3825 717 3912 ἀνωτέρωί)
745 3827 973 3909 διαλαμβάνεται,
996 3825 1107 3902 καθέξει
1130 3828 1177 3889 καί
1198 3831 1378 3906 νεμεθήοεται
1400 3833 1432 3891 τό
1455 3836 1535 3912 μέρος
1595 3862 1596 3940 γ

242 3957 292 4027 τῆς
322 3951 404 4028 αύτῆς
431 3951 584 4027 ἁγιωτάτης
612 3949 763 4027 ἐκκλησίας
791 3951 860 4026 μετὰ
888 3956 941 4010 τῶν
969 3953 1218 4031 προοηρμοσμένων
1241 3949 1362 4034 αύτοίςί)
1386 3953 1471 4034 μέχρι
1494 3957 1535 4014 τού
1595 3943 1596 4005 ί

243 4077 297 4154 νῦν,
321 4073 390 4152 ὡςί)
415 4070 526 4155 εἴρηται,
552 4069 672 4148 δικαίων,
695 4073 780 4152 ἤγουν
795 4079 857 4153 γῆς,
881 4069 1064 4154 ἀμπελώνων,
1089 4074 1232 4154 μυλῶνων,
1257 4073 1374 4154 δένδρων
1391 4075 1534 4157 διαφόρων,
1595 4032 1596 4092 ί

241 4193 407 4276 περιβολίων
437 4191 483 4254 καί
512 4194 625 4255 λοιπῶν.
664 4197 731 4276 πρός
761 4196 863 4267 τούτοις
891 4194 921 4254 δέ
949 4193 1007 4269 ἕξει
1035 4194 1182 4267 ἐπ’ἀδείας
1208 4198 1238 4255 τό
1266 4199 1350 4278 μέρος
1377 4204 1428 4274 τῆς
1456 4200 1535 4274 σίντης
1595 4204 1596 4254 ί

243 4317 398 4396 ἁγιωτάτης
421 4316 571 4392 ἐκκλησίας
596 4313 752 4389 ἐξωνεῖσθαι
774 4315 821 4376 καί
843 4317 874 4377 τό
896 4319 1095 4400 πρινσκόκκιον,
1120 4317 1185 4398 ὅπερ
1202 4317 1225 4377 οί
1242 4325 1291 4395 τῆς
1308 4317 1437 4397 ῥηθείσης
1453 4329 1533 4397 μονῆς
1595 4399 1596 4402 γ

241 4491 448 4501 ——-—--

349 4605 367 4671 ¹)
386 4605 449 4656 eod.
469 4600 511 4664 τδς
531 4604 697 4672 συνεισφοράς,
716 4612 876 4672 quapropter
888 4606 923 4655 M.
943 4600 1036 4663 ἁπάσας
1056 4605 1110 4672 logi
1128 4603 1195 4656 vult.
1208 4606 1236 4656 Z.
1309 4605 1330 4670 2)
1349 4605 1384 4656 Μ.
1405 4607 1462 4673 logi
1480 4607 1532 4657 vult
1595 4603 1596 4644 T

243 4700 373 4770 Λειμὰνων.
446 4701 467 4766 ³)
487 4701 550 4751 cod.
570 4698 687 4768 ἀνώτερα,
706 4717 757 4751 om.
776 4703 811 4751 M.
883 4703 904 4765 ⁴)
924 4697 995 4765 αὐτῆς
1014 4701 1049 4751 Μ.
1122 4702 1144 4766 ⁵)
1163 4701 1238 4751 deest
1256 4699 1291 4750 M.
