3240 5286
1313 357 1377 422 269

85 551 178 626 ὀλίγην
211 549 242 609 δὲ
273 551 375 622 τούτοις
402 551 534 626 ἀπονέμει
556 550 602 610 καί
626 551 725 632 μικρὰν
748 553 795 625 τἠν
819 553 957 631 φροντίδα,
980 551 1026 612 καὶ
1049 554 1110 612 ὅσον
1134 554 1172 626 μὴ
1195 552 1380 626 καθάπτεσθαι

84 674 192 747 μᾶλλον
223 679 278 733 τῶν
300 674 426 734 τοιούτων
449 676 467 746 ἡ
491 673 582 734 δοκεῖν
606 674 735 754 ἀμυδρῶς
759 675 898 753 ἅπτεσθαι,
931 674 975 734 διά
997 679 1073 734 τοῦτο
1096 672 1143 734 καί
1165 673 1285 748 μάλιστα
1309 673 1336 734 εἰ
1355 695 1379 734 τι

83 796 213 872 γνοίημεν
235 798 317 870 ἡμεῖς
340 796 411 855 κατὰ
433 797 531 870 ταύτην
554 796 588 870 δίη
611 797 659 870 τὴν
683 797 765 870 αὺτὴς
788 798 902 873 γνώμην
928 793 1029 876 πρᾶξαι
1051 798 1213 875 πράττοιμεν
1237 800 1269 856 ἂν
1293 795 1379 874 μηδὲν

83 918 264 997 βιασαμέ·νης;
288 919 346 996 ἐγώ
370 919 420 992 μὲν
443 913 520 993 οίμαι
542 921 629 978 τοῦτο.
659 917 738 976 ἀλλά
759 916 819 996 πρὶν
842 921 963 995 ἡτοῦτο,
988 915 1083 992 βοηθεῖ
1099 917 1149 990 μὲν
1165 919 1231 993 αῦτη
1248 921 1303 990 τοῖς
1318 919 1380 978 καθ’

81 1043 154 1116 ἡμᾶς
184 1043 326 1129 πράγμασι
355 1043 486 1118 χρήματα
515 1043 574 1112 ταῖς
604 1042 708 1111 κοιναῖς
738 1038 844 1119 χρείαις
875 1038 1075 1118 εἰσενεγκοῦοα,
1105 1038 1152 1098 καί
1182 1039 1301 1122 ὑπερορᾷ
1328 1040 1379 1117 μέν

81 1166 206 1240 χριὴσεων
229 1160 305 1222 ἰδίων
327 1160 375 1222 καὶ
398 1160 438 1240 ἐρ’
450 1153 490 1232 οἷς
501 1235 503 1238 Ι
514 1155 588 1239 εἶχεν
604 1159 715 1230 οἰκείοις
731 1160 892 1239 ἀναγκαίοις
908 1159 980 1222 οὖσιν
997 1163 1137 1222 ἀναλῶσαι
1153 1154 1199 1221 καί
1215 1161 1377 1244 δαπανῆσαι,

79 1285 198 1366 προτιμᾷ
220 1285 252 1344 δὲ
275 1285 305 1344 τ“ο
328 1290 382 1343 τῶν
403 1284 517 1344 πολλῶν
540 1283 586 1343 καί
610 1283 724 1364 ἐπαρκεῖ
742 1285 832 1355 αὺτοῖς
847 1287 941 1344 τοῦτον
956 1285 1002 1344 τόν
1017 1286 1114 1363 τρόπον
1129 1287 1217 1344 πάντα
1232 1284 1264 1343 τά
1280 1283 1380 1344 δυνατά

80 1409 271 1486 παρασχοῦσα,
300 1407 506 1484 μεγαλοιμόχως
535 1405 574 1478 εἰς
602 1408 685 1480 μέσον
712 1407 885 1481 καταθεμένη
908 1405 955 1466 καί
979 1405 1065 1482 μηδὲν
1088 1407 1311 1484 ῦπολογισαμένη
1333 1409 1379 1468 τοῦ

79 1533 174 1607 καιροῦ
197 1527 244 1588 καί
267 1534 321 1588 τῶν
345 1528 532 1605 ἐφεστηκότων
554 1531 731 1606 πραγμάτων.
755 1530 825 1588 ώστε
840 1528 874 1602 δὴ
891 1526 938 1588 καί
952 1531 1010 1600 τοῖς
1025 1527 1112 1607 δρθῶς
1127 1527 1250 1588 ἐντεῦθεν
1264 1529 1345 1607 λογιζ
1362 1561 1379 1574 -

79 1654 173 1726 μένοις
197 1650 260 1712 οἰιδὲ
282 1652 394 1730 χάριτος
416 1650 449 1708 ἀν
473 1649 502 1708 ἐν
525 1651 603 1728 μέρει
626 1649 763 1725 νομισθείη
786 1651 800 1708 δ
822 1653 867 1708 νῦν
890 1651 971 1725 ἡμεῖς
994 1649 1113 1730 δρῶμεν,
1140 1650 1227 1726 μηδὲν
1248 1649 1298 1723 μὲν
1317 1651 1379 1710 νέον

79 1772 239 1852 ἀποδόντες,
261 1771 294 1834 ἐκ
309 1772 340 1832 δὲ
356 1778 409 1832 τῶν
424 1774 576 1852 προσόντων
592 1774 659 1853 αὐτῇ
674 1773 708 1830 τὰ
724 1769 841 1844 δόξαντα
856 1770 1009 1852 πράξαντες
1024 1770 1070 1832 καί
1086 1773 1146 1832 κατ’
1157 1769 1281 1844 ἐξουσίαν
1296 1774 1379 1848 αἰιιὴς

77 1901 170 1955 πᾶσαν
197 1894 239 1966 εἰς
261 1897 292 1954 τδ
316 1893 442 1969 διηνεκὲς
462 1895 639 1973 παραμένειν,
670 1895 700 1954 οἰι
723 1893 793 1952 κατὰ
815 1897 895 1974 χάριν
919 1893 1030 1968 μᾶλλον
1051 1897 1070 1967 ἡ
1093 1895 1191 1972 τρόπον
1213 1895 1243 1952 δν
1266 1893 1379 1970 εἰπομεν

80 2019 234 2092 ἐωνημένα.
282 2021 364 2076 ταῦτα
388 2017 413 2075 δ’
425 2015 477 2076 εἰσί
498 2016 564 2076 τάδε
590 2063 595 2074 .
619 2061 626 2075 .
650 2063 656 2075 .
678 2009 716 2074 ών
739 2015 772 2089 δὴ
795 2018 876 2096 χάριν
899 2015 946 2076 καὶ
968 2007 1014 2075 τοῦ
1036 2018 1170 2094 παρόντος
1192 2017 1256 2091 ἡμῖν
1279 2015 1378 2092 ἐδέησε

77 2141 177 2217 λόγου,
199 2139 247 2200 καί
272 2139 434 2213 ἐκτιθέμεθα
449 2141 549 2216 τοῦτον,
572 2141 670 2216 πάγιον
686 2137 733 2198 καὶ
749 2135 899 2200 ἀσάλευτον
914 2137 960 2198 καί
976 2137 1173 2213 ἀμετακίνητον
1188 2139 1378 2210 καθιστῶντες.

76 2261 126 2322 καί
148 2265 232 2336 ἡμεῖς
255 2262 306 2336 μὲν
329 2263 426 2334 οίντως·
451 2261 476 2320 τί
499 2261 531 2321 δὲ
554 2263 640 2338 ὑμεῖς,
665 2261 688 2320 οῖ
709 2267 756 2320 νῦν
778 2282 809 2320 τε
823 2263 956 2341 παρόντες
970 2260 1009 2340 τῷ
1024 2263 1211 2340 πεπραγμένῳ
1226 2259 1272 2320 καί
1287 2263 1378 2340 χρόνῳ

75 2385 191 2462 ὕστερον
213 2381 252 2462 τῷ
275 2381 354 2444 παντὶ
376 2385 560 2462 ουνεοόμενοι,
584 2382 608 2442 οἱ
631 2383 798 2462 κληρονόμοι
821 2387 870 2457 τὴς
894 2383 927 2442 ἑκ
949 2383 1012 2442 θεοῦ
1035 2381 1188 2458 δεδομένης
1202 2383 1266 2456 ἡμῖν
1281 2381 1380 2456 ταῦτης

76 2507 169 2584 ἀρχῆς
191 2505 240 2566 καί
263 2505 416 2583 βασιλείας,
439 2505 464 2564 τί
486 2525 552 2584 ρατε
574 2503 619 2564 καί
642 2506 667 2563 τί
689 2505 748 2580 ὑμῖν
772 2504 862 2584 δοκεῖ,
887 2507 961 2583 μέγα
980 2503 1004 2564 τί
1019 2506 1050 2564 τ“ο
1064 2509 1179 2583 πρᾶγμα
1195 2502 1241 2563 καί
1259 2503 1380 2581 ἐπαχθὲς

75 2628 125 2688 καὶ
149 2631 202 2705 σίνχ
225 2622 281 2688 οἷον
305 2631 337 2686 ἀν
360 2626 406 2686 καί
428 2628 499 2703 ὑμᾶς
518 2628 664 2703 ῦποσιὴναι
679 2625 725 2686 καί
740 2625 888 2705 περισῶσαι
903 2626 1034 2704 θελῆσαι;
1057 2623 1167 2702 ἡτοῦτο
1184 2625 1234 2700 μὲν
1251 2623 1380 2701 οὐδαμῶς

75 2751 136 2810 οὔδ’
149 2754 183 2810 ἀν
208 2744 247 2822 εἷς
270 2749 351 2830 εἴποι,
375 2751 471 2828 μικρόν
494 2747 526 2808 δὲ
550 2749 660 2823 μᾶλλον
683 2747 729 2807 καί
753 2749 1000 2823 κατηυτελιομένον
1022 2746 1068 2807 καί
1084 2747 1203 2808 ἀποδέον
1218 2747 1293 2826 παρὰ
1307 2747 1378 2807 πολὺ

75 2879 126 2932 τοῦ
157 2871 273 2952 εἰκότος,
304 2873 444 2951 ἀγαπητόν
475 2871 506 2931 δὲ
537 2869 584 2931 καί
614 2872 675 2946 ὑμῖν
705 2872 793 2929 πάντα
823 2871 873 2928 ὅσα
904 2869 1008 2949 εἴρηται
1037 2869 1229 2947 λογιζομένοις
1248 2867 1295 2928 καί
1319 2871 1376 2944 ἅμα

76 2995 325 3074 συλλογιζομένοις
354 2995 385 3054 τό
414 2993 541 3074 λαμπρδν
573 2994 675 3054 ἀνωθεν
705 2989 752 3051 καί
773 2990 918 3071 περιφανὲς
940 2990 986 3050 καί
1009 2991 1180 3070 ὑπερύψηλον
1203 2995 1248 3050 τοῦ
1270 2992 1377 3068 γένους,

77 3116 112 3188 ἐξ
144 3111 184 3176 ῶν
214 3117 280 3189 αῦτη
311 3115 428 3176 τίκτεται
460 3115 506 3174 καί
537 3117 602 3190 ἡμῖν
633 3113 758 3190 ἐπιδημεῖ
787 3121 836 3190 τῆς
859 3113 948 3190 ἀρχῆς
972 3113 1000 3172 ἐν
1023 3109 1134 3188 μεθέξει
1157 3114 1225 3172 οῦτω
1248 3117 1293 3174 τοῦ
1316 3114 1379 3172 θεοῦ

76 3239 267 3310 βουληθέντος
297 3235 343 3296 καί
375 3237 403 3296 ἐν
426 3235 537 3316 είιδοκίᾳ
558 3237 683 3322 θεμένου.
730 3234 776 3295 καὶ
799 3235 852 3309 μὴν
877 3232 899 3292 εἰ
923 3235 962 3310 μὴ
984 3235 1030 3293 τόν
1053 3236 1149 3314 τρόπον
1172 3238 1274 3312 τοῦτον,
1302 3233 1379 3294 ἀλλὰ

75 3361 154 3420 κατὰ
183 3361 267 3438 τόχην
295 3361 391 3440 ἑτέραν
413 3361 481 3439 πρός
503 3360 577 3434 ἡμᾶς
598 3353 660 3436 ἧκε,
691 3358 717 3417 τί
739 3361 771 3416 ἀν
796 3354 966 3437 έπράξαμενς
997 3359 1027 3417 οῦ
1051 3356 1247 3432 μετεδώκαμεν
1271 3359 1379 3416 ἀντῶν
1430 3395 1434 3403 -

76 3477 179 3560 ἀξίων,
204 3481 336 3558 μεγάλων
360 3481 394 3556 δὴ
417 3501 496 3540 τινων
513 3481 698 3559 ἁρμοζόντων,
721 3477 842 3550 καὶπῶς
857 3481 950 3538 οῦκάν
967 3476 1100 3552 ἐδόξαμεν
1115 3481 1160 3537 τοῦ
1177 3478 1319 3553 ἀμέμπτου
1333 3478 1379 3538 καὶ

75 3611 131 3680 τῆς
155 3611 202 3663 τοῦ
224 3603 313 3662 καλοῦ
336 3603 509 3680 ἐπιγνώσεως
532 3601 700 3676 ἀναισθήτως
719 3601 808 3680 έχεινς
832 3599 879 3659 καί
894 3601 979 3658 τοίνυν
994 3600 1141 3680 ρυλοίττετέ
1158 3621 1204 3674 μοι
1218 3601 1263 3658 τδν
1277 3602 1379 3680 χρυοό·

77 3725 205 3800 βουλλον
228 3729 320 3784 τοῦτον
343 3725 428 3801 λόγον
451 3723 621 3782 ἀκατάλυτον
643 3723 798 3799 παντελῶς,
822 3719 868 3782 καί
883 3724 946 3782 όοον
962 3722 991 3780 ἐν
1006 3722 1091 3799 τοῦτῳ
1108 3721 1265 3796 βουλόμεθα
1281 3719 1320 3791 εἰς
1336 3721 1380 3782 ἀεί

75 3850 260 3927 παραμένειν.
307 3847 466 3922 βουλόμεθα
493 3844 524 3904 δὲ
550 3844 584 3904 τά
607 3842 737 3924 εἰρημένα
759 3843 829 3903 κατὰ
852 3843 950 3918 κλὴοιν
971 3842 1061 3923 χωρία
1084 3849 1117 3924 τῇ
1139 3844 1310 3922 περιποθὴτῳ
1333 3864 1380 3918 μοι

76 3971 167 4050 ταῦτῃ
190 3969 324 4050 αῦγοίοτη
348 3969 378 4026 ἐν
400 3967 520 4042 διηνεκεῖ
541 3965 580 4044 τῷ
601 3967 693 4046 χρόνῳ
717 3965 762 4026 διά
783 3965 884 4034 παντός
899 3965 1019 4026 ἀνεῖσθαι
1035 3965 1210 4043 ἀνενόχλητα
1224 3965 1378 4043 παντελῶς,

79 4091 288 4170 ἀναπόοτιαστα,
312 4091 521 4172 ἀπαράθραυστα
536 4087 583 4155 καὶ
604 4089 675 4148 κατὰ
698 4089 745 4164 τὴν
767 4088 900 4166 περιοχὴν
923 4088 973 4160 μὲν
998 4089 1083 4146 αὐτῶν
1106 4085 1151 4146 καί
1175 4087 1260 4161 νομὴν
1279 4093 1377 4170 πᾶσαν,

80 4215 114 4273 οἶν
138 4213 193 4289 μὴν
216 4213 295 4274 ἀλλά
317 4211 364 4272 καί
385 4212 429 4272 έπί
448 4217 528 4272 πᾶσιν
545 4205 585 4282 οἷς
608 4211 641 4270 διν
664 4209 710 4268 καί
732 4211 837 4286 γένοιτο
860 4214 942 4268 ταῦτα
967 4208 1150 4282 βελτιωθέντα
1171 4209 1316 4287 προελθεῖν
1340 4207 1380 4281 εἰς

81 4334 206 4396 ἐπίδοσιν
232 4337 325 4416 πόρρω
354 4355 405 4394 που
430 4337 520 4409 πάσης
542 4332 762 4407 ἀπεληλαμένης
787 4329 833 4390 καὶ
856 4331 1021 4405 ἀπωσμένης
1044 4330 1136 4405 ἀλλης
1157 4350 1187 4388 τε
1210 4329 1381 4409 διασειοίισης

81 4455 131 4518 καί
162 4455 362 4532 μεταοαλείιειν
395 4456 567 4534 πειρωμένης
597 4451 749 4532 δυνάμεως,
782 4451 828 4512 καί
859 4451 893 4526 δὴ
920 4449 967 4510 καί
997 4449 1169 4530 ψηλαρῶσης
1198 4453 1306 4528 ἁπάσης
1333 4451 1379 4514 καὶ

192 4622 212 4686 ¹)
232 4619 338 4669 Excidit
361 4619 404 4668 hic
423 4617 562 4683 catalogus
581 4617 749 4683 praediorum
768 4615 859 4664 Ιτσασσ
881 4595 1020 4680 Augustae
1043 4617 1129 4680 gratia
1149 4620 1279 4664 emtorum
1300 4617 1379 4680 eiquo

80 4719 253 4778 donatorum,
272 4723 302 4765 ut
320 4721 393 4766 recte
411 4717 563 4765 observavit
581 4713 753 4764 Βοίεοσιιιιάο.
773 4713 801 4762 Z.
