3194 5298
1282 357 1343 422 173

60 559 100 610 που
122 551 282 631 κουμερκίου
305 552 335 611 ἕν
358 572 388 611 τε
410 559 443 634 τῇ
467 552 622 635 θηλωθείση
639 552 823 635 Μονεμβασίᾳ
845 551 892 612 καί
915 556 1015 624 πάσαις
1036 556 1095 625 ταῖς
1118 554 1221 624 άλλαις
1240 555 1345 634 χώραις

58 673 101 732 καί
123 677 246 754 κάοτροις
268 681 318 746 τῆς
340 674 485 748 βασιλείας
509 696 560 750 μου
582 677 639 747 τοῖς
663 675 863 756 εὑρισκομένοις
885 677 935 735 ἀπὸ
957 675 1002 734 τὀν
1025 675 1135 756 ὁρισμὸν
1158 673 1205 736 καί
1227 675 1275 753 τὴν
1296 676 1344 734 εθ-

58 796 173 856 πείθειαν
194 795 242 854 καί
264 796 313 870 τὴν
336 797 508 873 δουλωσὺνην
531 799 624 878 αθιῆς,
646 796 694 856 καὶ
716 804 769 858 τῶν
793 797 889 858 ἀλλων
911 799 1082 875 ἀπαιτήσειαν
1104 796 1151 858 καί
1173 797 1276 858 θέσεων
1290 805 1344 857 τῶν

58 918 202 994 γινομένων
218 919 247 976 ἑν
262 921 323 991 ταῖς
337 919 398 978 κατ’
409 919 468 990 ἔτος
480 921 635 998 γινομέναις
647 921 826 1000 πανηγύρεσιν
840 918 879 992 είς
891 921 925 978 τὰ
935 924 1043 980 τοιαῦτα
1053 923 1185 1001 κάσιραῆ
1198 915 1269 1006 [τὰς]
1281 922 1343 998 χιίι-

57 1060 104 1116 ρος
117 1046 168 1115 τῆς
189 1039 333 1114 βασιλείας
357 1063 418 1120 μου,
445 1043 538 1114 καθὼς
562 1041 675 1122 εἴρηται,
700 1042 776 1102 ἀλλὰ
800 1041 834 1116 δὴ
856 1041 903 1102 καί
925 1045 1016 1118 πάσης
1036 1041 1129 1118 άλλης
1144 1043 1283 1119 ζητήσεως
1298 1040 1344 1102 καί

41 1161 157 1233 ’δέσεως
171 1161 218 1222 καὶ
234 1162 472 1248 συγκροτήσεωςί)
488 1170 540 1223 τῶν
555 1183 585 1223 τε
600 1168 645 1224 νῦν
660 1166 811 1241 γινομένων
827 1163 873 1224 καί
888 1170 942 1224 τῶν
952 1165 1063 1244 ὕστερον
1076 1165 1343 1241 έπινοηθηοομένων·

57 1280 99 1340 καί
119 1283 197 1343 οὐδὲν
213 1285 267 1365 ἔχη
282 1307 322 1357 τις
338 1285 380 1346 ἐπ’
389 1284 485 1358 ἀδείας
499 1287 575 1366 ποτέ,
599 1286 650 1344 κοῖν
666 1307 695 1345 τε
711 1286 820 1366 κεφαλὴ
837 1287 885 1362 ένι,
902 1287 953 1346 κάν
970 1307 999 1346 τε
1015 1287 1117 1367 ἄρχων,
1134 1289 1185 1347 κάν
1202 1307 1240 1358 τις
1256 1287 1345 1358 ἀλλος

58 1407 207 1478 αάθεντικάς
230 1408 380 1488 ἄνθρωπος,
403 1415 514 1484 ποιῆσαι
537 1408 688 1489 ἀγγαρείαν
712 1407 772 1468 οὔτε
796 1407 835 1481 είς
858 1409 963 1488 αὺτούς,
987 1407 1047 1468 οὔτε
1064 1408 1103 1479 εἰς
1124 1407 1232 1489 τὰζῷα
1248 1409 1344 1490 αὐτῶν,

58 1526 112 1586 οὔτε
141 1527 181 1600 είς
205 1529 240 1588 τά
266 1531 365 1590 τούτων
390 1531 572 1611 πλευσίματα,
603 1531 665 1590 οθδὲ
692 1535 774 1612 χεῖρα
802 1530 944 1606 ἐπιβαλεῖν
968 1531 1012 1590 διὰ
1034 1535 1085 1592 κᾶν
1108 1535 1157 1592 ένα
1178 1533 1276 1612 πρέπον
1299 1529 1345 1591 καὶ

58 1651 200 1727 ἀφελέσθαι
221 1655 240 1725 ἦ
262 1653 348 1731 κρέας
370 1649 401 1724 ἐξ
423 1649 543 1736 αθτῶνῖ)
566 1657 584 1727 ἢ
603 1651 698 1732 κρασὶν
713 1656 731 1728 ἢ
748 1655 859 1734 ὀψάριον
874 1657 892 1728 ἢ
910 1653 983 1712 ἀλλο
998 1651 1022 1712 τὶ
1037 1656 1089 1712 κάν
1106 1656 1155 1714 ένα
1169 1659 1284 1734 πρᾶγμα
1300 1649 1345 1732 ἀφ’

57 1766 90 1830 ὧν
111 1772 215 1832 πωλεῖν
239 1774 399 1855 μέλλουσιν,
423 1776 462 1846 ὡς
484 1773 650 1850 δεδήλωται,
675 1775 743 1834 ἀλλ’
757 1773 913 1848 ἐξωνεῖσθαι
935 1773 982 1834 καί
999 1774 1093 1847 αθτοθς
1108 1777 1138 1834 τ“ο
1154 1775 1299 1848 βούλονται
1315 1772 1345 1846 ἐξ

59 1895 149 1972 αἰετῶν,
172 1896 264 1966 καθὼς
289 1895 317 1954 ἐν
337 1903 369 1978 τῇ
387 1899 467 1980 χώρᾳ
482 1897 625 1958 πωλεῖται.
641 1898 840 1977 κληρονομοῦσι
856 1897 887 1957 δὲ
903 1897 929 1956 οῖ
943 1897 1015 1957 κατὰ
1030 1896 1162 1975 διαδοχὴν
1176 1897 1345 1977 κληρονόμοι

58 2015 139 2076 αὑτῶν
155 2023 207 2076 πᾶν
222 2023 347 2098 πρᾶγμα,
364 2020 431 2099 ὅπερ
447 2020 612 2100 εὑρίσκονται
627 2021 791 2096 κεκτημένοι
806 2019 852 2080 καί
868 2023 934 2098 ὅπερ
949 2025 1160 2100 προσκτήσομαι
1175 2019 1221 2080 καὶ
1238 2020 1345 2100 ἀγορά-

58 2158 124 2198 σουσι
146 2138 194 2198 καὶ
216 2139 411 2216 ὓποκτήσονται
433 2143 541 2218 κινητὸν
563 2141 610 2202 καὶ
632 2142 768 2218 ἀκίνητον.
807 2141 853 2202 καί
876 2141 939 2202 σὐδέ
961 2144 1079 2220 κριτικον
1095 2143 1125 2202 τ“ο
1140 2143 1222 2220 τυχθν
1238 2142 1345 2202 δίδωσιν

58 2261 79 2320 οί
100 2268 210 2325 τοιοῦτοι
234 2265 333 2342 αὺτοῖς,
357 2262 484 2322 ἀλλ’ἵνα
506 2266 618 2342 γένηται
642 2266 769 2344 σεκρέτον
793 2265 821 2324 ὲν
844 2271 877 2346 τῇ
901 2263 1012 2346 ῥηθείσῃ
1035 2269 1125 2347 χώρᾳ,
1148 2266 1187 2335 ὡς
1210 2265 1345 2345 κρίνεσθαι

59 2385 162 2458 τούτους
191 2387 220 2446 έν
251 2384 338 2464 αὐτῷ·
378 2385 431 2467 ἔχῃ
461 2407 490 2446 τε
523 2386 618 2446 ἄδειαν
645 2388 660 2445 ὁ
687 2386 857 2462 βουλόμενος
886 2383 1009 2458 ἐξελθεῖν
1038 2387 1071 2446 ἐκ
1096 2393 1145 2462 τῆς
1173 2387 1347 2462 δηλωθείσης

61 2506 253 2583 ἀίονεμβασίας
274 2507 322 2568 καὶ
345 2507 476 2568 ἀπελθεῖν
499 2509 628 2587 ἀλλαχοῦ
650 2509 765 2588 πωλεῖν,
795 2510 926 2590 χαρίζειν,
950 2509 1157 2586 ἀνταλλάττειν,
1181 2509 1247 2588 ὅπερ
1270 2509 1347 2570 θέλει

62 2627 128 2705 ἔχειν
152 2631 260 2704 κινητον
282 2628 330 2690 καὶ
352 2629 487 2706 ἀκίνητον.
512 2631 641 2704 ὡσαίτως
663 2631 706 2690 ἵνα
731 2632 829 2708 ἔχωσιν
853 2631 895 2690 ἐπ’
908 2630 1003 2701 ἀδείας
1025 2629 1072 2690 καὶ
1086 2634 1186 2703 πάντες
1202 2631 1226 2691 σί
1243 2631 1346 2705 βουλό-

61 2771 129 2824 μενοι
155 2750 278 2825 ἐξελθεῖν
302 2753 354 2813 ἀπὸ
376 2757 423 2812 τοῦ
446 2753 535 2813 ἄλλον
556 2759 639 2812 τόπου
661 2757 710 2828 τῆς
734 2753 876 2828 βασιλείας
900 2773 951 2827 μου
973 2749 1020 2810 καὶ
1043 2753 1173 2812 ἀπελθεῖν
1193 2752 1239 2812 καὶ
1257 2747 1345 2832 εὑρίσ-

62 2877 149 2934 κεσθαι
170 2874 219 2935 καὶ
241 2881 377 2934 κατοικεῖν
400 2875 430 2934 ἐν
451 2881 485 2956 τῇ
508 2873 700 2958 Μονεμβασίᾳ,
724 2874 780 2934 είπε
801 2877 926 2954 πάροικοι
950 2873 1016 2932 εἰσίν
1040 2873 1095 2934 εἴτε
1119 2875 1268 2954 ἐλεύθεροι,
1293 2873 1346 2934 εἴτε

63 2995 138 3057 ἄλλοι
161 2996 250 3058 θεοῖσί
273 2995 348 3076 εἰσιν,
370 3003 481 3073 ποιῆσαι
504 2995 543 3069 εἰς
565 3002 627 3076 πάν,
656 2999 724 3078 ὅπερ
749 2998 832 3075 ἔχωσι
853 2997 960 3072 κινητον
983 2994 1030 3056 καί
1052 2997 1187 3076 ἀκίνητον,
1219 2999 1257 3066 ὡς
1280 2997 1346 3072 βοί-

62 3117 148 3180 λονται
172 3121 217 3180 ἐπ’
231 3122 330 3200 αὺτοῖς,
354 3111 411 3180 οἷον
431 3119 546 3199 πωλεῖν,
569 3119 700 3200 χαρίζειν,
724 3116 921 3179 ἀνταλλάσσειν
943 3117 989 3178 καί
1012 3119 1118 3198 ἁπλῶς,
1142 3119 1208 3198 ὅπερ
1231 3121 1263 3178 ἂν
1279 3118 1296 3194 β
1314 3119 1346 3178 θ-

63 3239 154 3324 λοιντο,
179 3247 198 3318 ἢ
221 3236 269 3303 καί
290 3245 419 3321 κατέχειν
441 3247 534 3322 ταῦτα,
557 3243 637 3302 ὁποῖά
659 3240 709 3302 εἰσι
732 3240 778 3302 καὶ
803 3243 867 3302 ἔνθα
891 3239 1065 3322 εὑρίσκονται,
1090 3243 1168 3312 ἐκτὸς
1185 3239 1285 3320 βάρους
1299 3240 1346 3301 καί

62 3363 151 3437 τέλους
172 3367 256 3443 τινάς,
278 3363 325 3424 καί
349 3365 526 3445 διαπηριῖινται
548 3363 623 3424 αάιοί
647 3363 786 3445 ἐλεύθεροι
807 3367 907 3436 πάντες
930 3362 976 3422 καί
999 3363 1232 3444 άκατκθοὺλωτοι,
1256 3366 1346 3444 ὥσπερ

63 3483 103 3544 καὶ
123 3487 149 3548 σί
172 3488 277 3549 ἀνωθεν
299 3485 446 3567 εἰρημένοι,
470 3486 516 3548 καί
540 3485 617 3546 οὒθὲν
642 3486 782 3566 εὑρίσκωσι
804 3489 878 3566 παρά
899 3505 971 3555 τινος
993 3491 1046 3553 τῶν
1062 3486 1187 3546 ἁπάντων
1203 3485 1238 3546 δι’
1251 3486 1348 3546 σὐδένα

65 3613 110 3666 τῶν
131 3612 257 3670 ἁπάντων
279 3611 383 3690 τρόπων
399 3607 626 3668 καταθυναστείαν
646 3609 703 3668 τινὰ
719 3611 737 3683 ἢ
753 3607 926 3686 διενέχλησιν
940 3606 987 3668 καί
1003 3609 1160 3684 διασεισμον
1177 3607 1221 3668 ἐπὶ
1235 3611 1347 3688 τοθτοις,

64 3729 140 3810 χωρὶς
163 3734 254 3807 μένων
277 3736 330 3790 τῶν
354 3729 470 3791 ἐποίκων
492 3736 541 3805 τῆς
563 3736 696 3810 περιοχῆς
718 3735 771 3788 τῶν
794 3731 926 3808 Βατίκων,
949 3737 998 3806 τῆς
1020 3733 1183 3811 Τζακονίας,
1205 3738 1259 3792 τῶν
1282 3733 1347 3792 Μο-

66 3849 176 3936 λάωνθ),
204 3857 252 3912 τοῦ
275 3853 408 3932 Ἐσωποῦ,
431 3851 477 3912 τοῦ
500 3847 613 3932 Ἕλους,
636 3857 689 3910 τῶν
712 3851 851 3931 Ἀπιδέων,
874 3855 920 3911 τοῦ
944 3852 1088 3934 Ἱερακίου,
1110 3855 1156 3912 τοῦ
1178 3853 1348 3934 Σεραρῶνος,

67 3977 104 4032 τοῦ
123 3973 270 4054 Τζιτζίνου,
293 3981 339 4034 τοῦ
362 3974 498 4052 Ῥέοντος,
520 3977 566 4032 τοῦ
591 3973 724 4054 Πραστοῦ,
747 3979 796 4048 τῆς
816 3973 1001 4046 Καστάνιτζας
1023 3973 1070 4034 καί
1092 3979 1138 4034 τοῦ
1155 3975 1248 4051 Ἀγίου
1264 3976 1347 4034 Λεω-

67 4092 138 4178 νίθου,
162 4099 201 4168 ὡς
226 4095 338 4176 εἴρηται.
377 4089 434 4169 οἷος
457 4097 488 4156 δὲ
513 4095 543 4170 ἐξ
567 4097 652 4156 αίνιῶν
676 4095 799 4176 βουληθῇ
824 4096 915 4156 ἐλθεῖν
937 4093 976 4166 εἰς
998 4097 1047 4170 τὴν
1070 4095 1278 4176 Μονεμβασίαν,
1305 4097 1349 4157 ίνα

69 4213 178 4301 ἀναφέρῃ
201 4217 249 4278 καί
272 4219 362 4300 ἐρωτᾷ
382 4225 488 4300 πρέπον
509 4217 570 4298 περὶ
592 4219 748 4294 τούτουτὴν
764 4217 905 4294 βασιλείαν
922 4239 983 4298 μου,
1007 4217 1053 4278 καὶ
1068 4217 1160 4289 καθὼς
1174 4217 1255 4298 ὁρίζει
1272 4220 1348 4300 αῦτη,

70 4336 96 4394 ’θ
118 4343 238 4419 γένηται.
278 4341 464 4424 ἐπιθιορίζειαι
490 4344 509 4419 ἡ
537 4341 664 4416 βασιλεία
691 4363 752 4422 μου,
782 4341 826 4400 ἵνα
852 4343 903 4400 κᾶν
926 4342 1018 4400 ὁποῖον
1039 4341 1160 4415 πταῖσμα
1183 4340 1291 4420 συνέβη,
1315 4341 1349 4402 νθ

162 4535 182 4600 ¹)
202 4531 391 4602 συγκρατήσεως
404 4533 448 4583 hic
460 4538 488 4583 et
500 4533 629 4598 superius.
702 4531 724 4598 ²)
737 4533 802 4582 Post
820 4527 843 4589 ἐξ
856 4529 935 4581 αὐτῶν
948 4533 977 4582 L.
991 4531 1085 4583 habet:
1103 4529 1183 4590 καθὼς
1197 4527 1221 4580 έν
1234 4532 1263 4600 τῇ
1276 4529 1348 4599 χώρᾳ

71 4624 180 4681 πωλεῖται.
202 4627 412 4697 [κληρονομοῦσι],
432 4643 501 4694 quae
519 4635 582 4679 sunt
600 4627 722 4690 delenda,
739 4634 770 4677 ut
788 4633 899 4694 apparet
917 4642 932 4676 ε
950 4630 1072 4693 superius
1090 4627 1203 4692 scriptis,
1221 4633 1249 4678 et
1266 4627 1348 4676 errori

72 4725 158 4777 scribae
176 4733 240 4776 sunt
258 4725 407 4776 tribuenda.
480 4723 500 4790 ³)
519 4721 641 4774 Μουλάων
660 4725 703 4774 L.:
723 4724 784 4774 vide
803 4737 890 4789 supra.
