3240 5286
252 331 317 398 266

253 528 337 606 άγνου
360 547 411 603 μου
427 525 569 604 δεσποίνης
584 525 630 586 καὶ
646 527 824 608 θεομήτορσς,
847 528 992 604 διαβόητος
1007 525 1074 588 σύοα
1089 523 1183 600 ἑξότσυ
1199 527 1234 602 δὴ
1250 525 1360 602 κοίτην
1377 529 1465 606 ἀρχὴν
1480 549 1539 587 συν-

254 650 328 729 έστη,
350 646 397 708 καί
419 648 521 729 σφόδρα
541 669 577 730 γε
598 651 802 730 θαυμαζομένη,
825 642 867 722 οίς
888 647 935 710 καί
956 652 1025 710 πάνυ
1048 648 1071 710 τί
1095 649 1237 726 δεδύνηται
1252 645 1342 727 ψυχὰς
1357 648 1482 725 βελτιοῦν
1497 651 1540 723 ζῆν

252 769 324 830 κατὰ
345 771 407 830 θεόν
430 771 602 852 αίρουμένας,
631 769 677 830 καὶ
699 775 744 830 νῦν
767 772 797 842 ἐς
820 771 899 851 δεῦρο
921 773 1063 850 περισῶζει
1086 775 1162 831 τοῦτο
1186 771 1220 845 δὴ
1243 771 1274 830 τό
1296 771 1394 850 καλόν,
1423 769 1542 842 καὶτοῖς

253 892 282 952 ἐν
305 893 372 974 αὐιη
399 891 611 968 τὴνπολιτείαν
634 891 716 966 τήνδε
738 894 859 968 μετιέναι
881 893 1111 972 προθυμουμένοις
1133 893 1200 972 πρδς
1224 892 1287 952 αύτδ
1310 891 1345 967 δὴ
1369 897 1446 952 τοῦτο
1469 892 1541 966 μάλα

253 1014 405 1096 συναίρεται
434 1013 482 1074 καὶ
513 1011 590 1087 δεξιά
611 1035 652 1088 τις
675 1013 730 1076 ἐστὶ
750 1015 872 1094 πληροῦν
895 1017 940 1074 τόν
962 1017 1059 1076 πόθον·
1089 1014 1193 1094 ἵδρυται
1215 1012 1269 1094 γὰρ
1292 1013 1322 1074 ἐν
1344 1014 1465 1092 ἀοικήτῳ
1486 1013 1541 1088 τινί,

251 1137 343 1216 πόρρω
361 1156 412 1196 που
427 1141 480 1196 τῶν
496 1137 634 1213 κοσμικῶν
650 1137 769 1216 θορύβων
786 1137 967 1218 ἀνῳκισμένη.
996 1136 1080 1218 ἱδρύει
1095 1136 1120 1197 δ’
1129 1137 1209 1212 αὐτὴν
1225 1134 1271 1196 καί
1287 1134 1419 1213 συνίστησι
1434 1138 1542 1216 πρῶτως

253 1259 268 1316 ό
288 1257 451 1337 περιβόητος
477 1258 525 1334 τὴν
554 1259 663 1334 ἄσκησιν
686 1257 732 1318 καὶ
755 1259 845 1338 μέγας
866 1260 915 1334 τὴν
937 1258 1008 1318 κατά
1030 1258 1092 1318 θεδν
1114 1255 1255 1320 πολιτείαν
1277 1257 1417 1336 Λάζαρος,
1440 1257 1541 1318 ἀπολε-

253 1377 372 1456 ξάμενος
394 1379 474 1440 τόνδε
494 1381 540 1442 τόν
563 1381 644 1440 τόπον
666 1378 712 1440 καί
734 1381 783 1457 τὴν
805 1381 955 1456 θαυμασίαν
977 1381 1075 1457 ταύτην
1098 1381 1127 1440 ἐν
1150 1379 1223 1460 αύτῷ
1245 1387 1278 1462 τῇ
1298 1381 1446 1460 θεομητορι
1460 1381 1542 1440 καθο-

254 1495 353 1575 οιιύσας
376 1504 472 1582 μονήν,
495 1501 542 1564 καί
563 1523 597 1580 γε
621 1502 785 1578 δειμάμενος
807 1499 854 1562 καὶ
876 1499 967 1576 πήξας
989 1502 1097 1582 ἀρετῆς,
1128 1503 1167 1574 ὡς
1191 1500 1285 1583 εἰπεῖν,
1317 1502 1543 1582 ἐργαστηριον,ἢ

254 1623 365 1699 μᾶλλον
391 1629 483 1706 χῶρον
511 1623 545 1700 δή
573 1643 632 1684 τινα
658 1627 756 1704 ζητῶν,
784 1625 896 1686 αύτόθεν
918 1626 1009 1704 ῶσπερ
1032 1626 1103 1704 φύειν
1132 1626 1231 1703 έχοντα
1258 1627 1353 1703 ψυχῶν
1376 1625 1542 1702 βελτιῶοεις,

255 1747 371 1808 ἐνταῦθα
396 1747 430 1823 δὴ
457 1746 504 1808 καί
530 1748 609 1809 παύει
630 1749 661 1824 τό
685 1747 848 1824 ζητούμενον
871 1741 1003 1828 εὑρηκώς.
1040 1747 1102 1828 όρσς
1123 1749 1176 1827 γάρ
1200 1746 1270 1808 ἐστιν
1294 1747 1308 1805 ό
1329 1749 1413 1819 τόπος
1436 1747 1544 1818 ἄναντες

253 1867 300 1930 καὶ
314 1870 409 1950 τραχύ,
431 1875 485 1930 τῶν
502 1869 531 1940 ἐς
547 1868 728 1949 ψυχαγωγίαν
744 1867 790 1930 καὶ
805 1871 978 1950 παραμυθίαν
994 1871 1151 1945 σωματικὴν
1167 1869 1287 1945 μηδενός
1301 1871 1400 1945 ἥκιστα
1414 1872 1543 1948 μετέχον·

253 1991 313 2052 ούτε
335 1993 388 2073 γάρ
412 1995 549 2064 σκιάζεται
572 1991 703 2073 δένδροις,
726 1991 787 2054 οὔτε
810 1992 937 2071 βοτάνης,
962 1991 1029 2053 ἀλλ’
1042 1993 1106 2054 οθδέ
1128 1993 1220 2070 χλόης
1236 1991 1372 2074 ἀπσγεννᾷ
1388 1991 1543 2068 βλάστησιν,

254 2116 283 2174 ού
306 2113 356 2190 μέν
379 2111 425 2176 σύν
448 2113 511 2176 ούδὲ
533 2121 586 2174 τῶν
609 2113 706 2176 ἄλλων
729 2113 783 2174 ἀπό
805 2119 859 2192 γῆς
877 2114 1020 2194 χρησίμων
1036 2111 1115 2174 ούδέν
1130 2113 1253 2186 ούδόλως
1267 2117 1442 2194 καρποφορεῖ,
1465 2111 1544 2193 ξηρόν

255 2229 355 2297 δ’ἐστὶν
383 2237 449 2299 δλον
476 2235 523 2298 καὶ
549 2239 616 2318 πρός
638 2238 761 2310 τοιαύτας
783 2237 867 2317 γονάς
889 2239 1057 2298 παντάπασιν
1080 2237 1171 2316 ἀφυές,
1203 2234 1226 2296 εἰ
1248 2235 1295 2296 καὶ
1317 2237 1415 2310 άλλως
1437 2237 1546 2315 γόνιμον

255 2359 364 2439 ἀρετῆς,
386 2356 421 2420 τό
444 2361 504 2440 μέν,
528 2361 566 2432 ὡς
588 2363 621 2420 ἀν
645 2359 714 2420 είποι
737 2358 787 2436 τίς,
809 2360 907 2434 ταύτην
932 2360 1047 2438 αύτοφυῆ
1063 2365 1176 2439 γεννῶν,
1199 2359 1233 2418 τὰ
1248 2357 1279 2418 δὲ
1296 2358 1446 2438 δεχόμενον
1461 2361 1544 2439 σπέρ-

255 2503 328 2558 ματα
357 2479 404 2542 καί
434 2482 503 2542 ούτω
532 2481 729 2564 συλλαμβάνρν
758 2479 805 2542 καὶ
836 2480 979 2543 ἀποτίκτσν
1008 2479 1055 2542 καὶ
1084 2483 1179 2562 τρέφον
1207 2479 1254 2540 καί
1277 2478 1359 2554 αύξον
1383 2481 1413 2552 ἐς
1434 2481 1544 2542 πολλα·

253 2604 378 2666 πλάοισν.
406 2602 453 2664 καὶ
475 2607 539 2684 γοῦν
561 2605 611 2679 τὴν
634 2595 754 2681 αἴσθησιν
777 2605 857 2664 ἀνιῶν
881 2603 976 2683 θέλγει
998 2607 1097 2684 ψυχήν.
1143 2604 1174 2664 σύ
1197 2602 1227 2664 δέ
1250 2623 1296 2679 μοι
1319 2603 1408 2678 βλέπε
1430 2601 1478 2662 καὶ
1499 2605 1545 2678 τὴν
1598 2685 1599 2696 ,

254 2727 284 2800 ἐς
311 2726 392 2804 αὐτὴν
420 2729 552 2807 φέρουσαν
578 2728 627 2802 τὴν
653 2728 739 2803 μονὴν
762 2727 793 2788 οίι
816 2727 912 2802 στενὴν
935 2729 1017 2803 μόνον
1040 2725 1087 2788 καὶ
1110 2727 1294 2804 τεθλιμμένην
1317 2727 1365 2786 ἅτε
1387 2724 1434 2786 καὶ
1456 2731 1545 2804 σαφῶς

252 2850 320 2930 πρός
342 2850 414 2931 ζωὴν
438 2851 566 2930 άγουοαν,
589 2849 665 2910 ἀλλά
685 2847 732 2910 καί
750 2851 837 2910 πλέον
858 2850 973 2928 ἔχουσαν
993 2851 1023 2909 τό
1040 2849 1165 2910 ἐπίπονον
1187 2849 1347 2930 ἀκροτόμων
1362 2847 1446 2910 λίθων
1460 2870 1544 2928 προο-

252 2971 382 3046 κόμματα
404 2969 451 3031 καί
472 2971 654 3032 πολυέλικτον
675 2972 725 3046 τἠν
746 2971 868 3051 πορείαν,
900 2971 930 3032 ού
951 2971 1012 3030 κατ’
1027 2972 1133 3032 εύθείαν
1157 2973 1284 3050 ἀγουσαν,
1314 2969 1375 3030 κατ’
1388 2971 1495 3032 εύθεῖαν
1517 2971 1545 3030 δέ

253 3094 319 3172 πρός
341 3093 413 3154 θεόν.
449 3092 538 3166 βλέπε
562 3093 595 3168 δὴ
618 3091 665 3154 καὶ
687 3095 736 3169 τὴν
761 3094 852 3154 ἐπάνω
874 3097 921 3154 τοῦ
943 3093 1022 3174 όρους
1043 3093 1141 3168 ταύτην
1163 3097 1209 3154 τοῦ
1231 3094 1293 3154 θεοῦ
1312 3091 1393 3154 πόλιν
1408 3095 1544 3170 κειμένην,

253 3213 288 3273 δι’
301 3214 399 3294 ἀρετὴν
421 3217 519 3290 ἥκιστα
529 3217 549 3293 ¹)
572 3217 769 3296 κρυπτομένην,
799 3213 847 3276 καὶ
869 3217 914 3276 τόν
938 3215 1039 3294 δρόμον
1062 3217 1112 3296 θρα
1134 3221 1187 3275 τῶν
1209 3213 1350 3296 μσναχῶν,
1381 3216 1492 3291 μᾶλλον
1516 3215 1544 3275 δέ

253 3341 305 3396 τῶν
329 3335 485 3414 ἀγωνιστῶν
506 3339 734 3417 προθυμουμένων
756 3339 805 3412 τὴν
829 3337 924 3398 ἀνοδον
946 3336 994 3396 καί
1015 3357 1049 3416 γε
1072 3336 1275 3408 σπουδαζόντων
1290 3334 1331 3409 εἰς
1345 3336 1428 3410 τέλος
1444 3337 1544 3398 ίκέαθαι

253 3455 300 3516 καὶ
330 3462 437 3534 νικῆσαι
458 3457 563 3540 Βελιάρ
589 3457 636 3518 καί
663 3457 815 3532 ἀπολαβεῖν
843 3461 873 3519 ού
895 3460 1069 3540 φθειρόμενον
1092 3461 1230 3540 στέφανον,
1261 3458 1328 3520 ἀλλ’
1342 3455 1479 3541 ἀκήρατον
1500 3459 1544 3520 καί

255 3577 293 3652 εἰς
317 3577 418 3652 αἰῶνας
440 3580 580 3659 ἀνθοῦντα,
603 3582 633 3640 ’όν
648 3581 766 3661 Χριστός
788 3582 890 3642 ἀνωθεν
913 3580 1045 3661 προτείνει
1068 3583 1124 3654 τοῖς
1147 3580 1187 3654 είς
1203 3583 1281 3642 αύτδν
1296 3584 1449 3664 τρέχουσιν,
1471 3580 1544 3642 δκαί

255 3705 345 3780 μέγας
367 3702 541 3780 ἀγωνοθέτης
562 3701 609 3762 καί
632 3702 785 3784 βραβευτὴς
807 3703 919 3776 δίκαιος.
949 3705 1004 3765 ἐστι
1028 3724 1068 3764 σοι
1083 3707 1190 3776 πάντως
1205 3705 1352 3779 θαυμάζειν
1368 3701 1416 3764 καὶ
1430 3704 1479 3779 τἠν
1494 3712 1544 3764 τῶν

255 3823 360 3904 ἀνδρῶν
382 3825 468 3884 τῶνδε
490 3825 644 3906 καρτερίαν.
680 3825 726 3886 καὶ
748 3827 828 3902 μάλα
849 3826 873 3886 τί
896 3829 1030 3907 θαύμαζε,
1051 3829 1125 3900 ὅπως
1147 3829 1242 3908 θέρους
1265 3827 1315 3902 μέν
1339 3829 1391 3905 αὐχ
1413 3827 1544 3888 ύπείκουσι

253 3951 379 4026 καυσῶνι,
403 3941 505 4008 σὐδάύ
527 3950 658 4026 ἡττῶνται
680 3949 805 4028 φλογμοῦ
829 3949 858 4009 ἐν
881 3949 985 4031 ἀνύδρῳ
1008 3947 1054 4010 καὶ
1077 3948 1163 4028 ἀσκίῳ
1187 3949 1338 4028 ἐτάζοντος,
1361 3955 1500 4028 χειμῶνος
1521 3950 1543 4008 δ’

255 4067 330 4140 αὖθις
351 4071 425 4149 κρύει
447 4067 495 4129 καί
515 4074 645 4149 παγετοῖς
667 4071 889 4152 προσπαλαίουοι,
912 4075 969 4145 τοῖς
993 4073 1025 4132 ἐκ
1049 4072 1193 4151 διαμέτρου
1215 4073 1371 4152 κατοίνρως,
1395 4075 1433 4145 ῶς
1457 4075 1487 4134 άν
1506 4093 1543 4144 τις
1594 4085 1595 4114 ³

255 4191 333 4273 είποι,
357 4194 452 4265 κακοῖς
475 4191 521 4253 καί
543 4187 582 4254 ῶν
605 4193 668 4254 ούδέ
689 4195 757 4273 πρός
781 4196 872 4276 ἕτερον
896 4195 965 4254 ἔστιν
988 4193 1128 4270 ἀντιβῆναι
1150 4193 1278 4271 γενναίας
1301 4197 1366 4254 ἀνευ
1387 4200 1479 4273 ψυχῆς
1500 4192 1543 4254 καί

253 4316 343 4391 πάσης
365 4315 565 4397 ἀπορραγείσης
586 4317 770 4398 προσπαθείας
792 4323 839 4377 τοῦ
862 4318 997 4392 σώματος.
1029 4317 1059 4376 σύ
1082 4319 1147 4398 μήν,
1170 4317 1266 4377 ἀλλ’ό
1285 4316 1370 4396 λόγος
1391 4317 1440 4377 σύκ
1456 4317 1543 4377 ἐθέλει

254 4435 317 4496 τόδε
347 4438 377 4496 τό
407 4439 528 4520 θέατρον,
561 4438 589 4498 ἐν
620 4433 642 4518 ᾧ
673 4437 698 4498 σί
728 4439 834 4518 ἀγῶνες
862 4433 1054 4524 [γίγνονται]ἐ)
1080 4437 1179 4521 ῥαδίως
1202 4437 1354 4518 ἀπολιπεῖν,
1386 4437 1443 4500 οῦδ
1456 4441 1544 4518 ῶσπερ
1593 4447 1594 4458 ’

362 4601 380 4666 ¹)
401 4599 495 4670 μᾶλλον
513 4599 600 4664 ἥκιστα
612 4602 653 4653 Ζ.;
673 4600 777 4670 μᾶλλον,
795 4601 867 4668 quod
885 4617 917 4653 ox
936 4603 1110 4668 sequentibus
1122 4603 1259 4668 irrepsisse
1272 4603 1386 4666 videtur,
1404 4603 1543 4654 dolendum

256 4705 388 4764 putamus.
461 4697 483 4761 ²)
500 4695 683 4763 Supplendum
704 4697 817 4748 videtur.
