3208 5310
256 326 295 390 10

251 519 336 578 κατὰ
365 522 419 579 τὀν
450 519 570 581 ίούνιον
600 529 687 598 μῆνα
713 530 771 600 τῆς
794 525 824 600 β’
849 525 919 606 ίνδ,
951 527 983 586 ἐν
1008 527 1074 586 ἐτει
1106 526 1218 609 ςρπζ’,
1250 529 1279 587 ἐν
1309 522 1401 607 ᾧκαί
1422 529 1452 588 τύ
1477 531 1554 604 ἡμέ-

250 660 327 719 τερον
353 641 465 716 εὐσεβές
488 642 534 702 καὶ
557 645 761 724 θεοπρύβλητον
785 647 977 724 ὐπεσημήνατο
999 651 1108 728 κράτος.

355 763 376 841 †
397 763 588 845 Νικηρὸρος
611 767 645 826 ἐν
660 768 790 848 Χριστῷ
812 769 855 850 τῷ
878 769 941 848 θεῷ
961 772 1074 841 πτοτδς
1090 771 1249 844 βασιλεὺς
1264 769 1320 830 καί
1336 773 1555 852 αὐτοκράτωρ

251 883 421 960 Ῥωμαίων
443 886 458 946 ὁ
479 887 705 966 Βοτσιυειάτης
726 890 755 967 †.

488 1133 490 1138 ’
521 1146 597 1210 vn.
623 1131 866 1234 (οισι-1259)
895 1171 1004 1213 mense
1027 1149 1121 1234 aprili
1144 1149 1208 1213 ind.
1233 1150 1275 1214 11.

338 1295 492 1362 Imperator
507 1271 628 1350 Μίοάαύί
642 1296 822 1368 Ροίαεοίορυο
838 1297 979 1367 confirmat
994 1299 1155 1352 ωοιοαειοπίο
1170 1317 1258 1353 omnes
1269 1299 1458 1369 possessiones.

251 1461 393 1538 Μιχαὴλ
416 1462 656 1542 Ιίαλαιολύγσυ
683 1464 937 1544 χρυσύβουλλον
959 1463 1034 1543 περί
1060 1463 1190 1526 πάντων
1212 1474 1274 1526 τῶν
1297 1467 1467 1546 μετοχίων
1492 1473 1553 1542 τῆς

841 1607 954 1662 μονης.

353 1745 368 1817 γ
391 1742 446 1800 Τον
473 1741 558 1816 ζῆλον
587 1742 620 1802 ἐκ
646 1748 699 1801 τῶν
722 1742 952 1823 παραδειγμάτων
975 1740 1051 1821 φασίν
1075 1744 1150 1821 ἔχειν
1173 1745 1221 1818 τὴν
1243 1741 1359 1818 κίνησιν·
1384 1749 1553 1824 προηγεῖται

251 1861 282 1920 δέ
304 1863 403 1938 ταύτης
426 1863 553 1939 ἐπαινετὴ
577 1861 696 1934 διάθεοις
718 1871 766 1940 τῆς
789 1868 888 1944 ψυχῆς,
913 1865 1063 1940 ἐπιτήδειον
1086 1865 1188 1946 έχουοα
1210 1867 1310 1945 προοδν
1325 1866 1374 1940 τἠν
1390 1865 1498 1942 κίνησιν
1511 1866 1548 1949 1)·

250 1986 405 2062 συμπέφυκε
427 1983 482 2065 γάρ
504 1987 560 2057 τοῖς
583 1981 685 2058 ἔξωθεν
708 1985 740 2043 τά
763 1986 838 2058 ἐντύς
860 1985 906 2046 καί
928 1988 978 2062 τὴν
1001 1988 1121 2046 σύνοικον
1144 1989 1305 2047 κατάστασιν
1329 1987 1550 2070 διεμραίνειῖ)ἡ

248 2105 315 2186 πρδς
336 2104 370 2164 τέ
394 2103 449 2178 ἔξω
473 2106 552 2186 ροπη,
581 2107 608 2165 εί
632 2128 655 2166 τι
679 2108 711 2166 δὲ
733 2108 832 2167 τούτων
855 2109 885 2167 οὐ
908 2109 1025 2189 συνέλθῃ
1033 2105 1072 2190 ³),
1101 2108 1219 2183 βλάπτει
1240 2109 1289 2183 τὴν
1311 2109 1484 2192 τελειότητα,
1511 2112 1549 2181 ὡς

248 2232 297 2304 τῆς
320 2227 472 2308 συνδρομῆς
493 2234 547 2288 τῶν
570 2230 644 2288 ὅλων
660 2230 867 2305 αοντελεοτικῆς
882 2227 962 2304 οὔσης
978 2235 1027 2306 τῆς
1042 2229 1272 2312 καταστάσεωςύ).
1291 2231 1357 2290 ἀλλ’
1367 2229 1407 2302 είς
1421 2231 1445 2289 τί
1462 2235 1549 2290 ταῦτα

248 2354 281 2429 τῇ
305 2349 433 2430 βασιλείᾳ
456 2371 507 2426 μου
529 2350 676 2430 λέλεκται;
701 2352 716 2408 ὁ
738 2345 899 2427 τιμιώτατος
921 2352 1128 2428 καθηγούμενος
1150 2357 1198 2427 της
1221 2351 1291 2410 κατὰ
1312 2352 1361 2426 τἠν
1377 2357 1458 2427 νῆσον
1476 2351 1547 2412 Χίον

249 2472 424 2546 διακειμένης
446 2473 615 2551 περιωνύμου
639 2478 724 2548 μονῆς
745 2477 794 2548 τῆς
817 2472 966 2553 ύπεραγίας
989 2473 1116 2532 θεοτέκου
1138 2478 1188 2549 τῆς
1211 2474 1279 2532 ούτω
1294 2493 1354 2545 πως
1371 2473 1547 2550 ἐπονομαζο-

249 2596 335 2668 μένης
358 2593 443 2672 Νέας,
467 2595 552 2669 ζῆλον
576 2595 701 2670 ἐζήλωσε
723 2615 757 2676 τη
778 2615 808 2653 τε
830 2595 970 2674 πολιούχῳ
992 2601 1042 2670 τῆς
1064 2595 1125 2654 κατ’
1138 2595 1216 2654 αὐτύν
1238 2601 1324 2672 μονῆς
1345 2599 1547 2674 πανυπεράγνῳ

249 2715 375 2797 δεσποίνῃ
397 2715 542 2790 ἡμῶνκαὶ
566 2717 711 2796 θεομήτορι
733 2714 780 2776 καί
804 2715 838 2775 δι’
851 2717 934 2791 αὐτ-ης
956 2715 994 2794 τῷ
1017 2717 1116 2791 ταύτης
1137 2716 1186 2796 υἱῷ
1209 2717 1256 2776 καί
1278 2715 1343 2798 θεῷ,
1371 2712 1394 2797 ᾧ
1416 2717 1449 2776 τά
1473 2717 1547 2777 κατὰ

248 2838 332 2917 μέρος
363 2837 492 2916 ἀνάγεται
501 2839 525 2920 ⁵)
547 2837 647 2918 ἀγαθά,
680 2837 804 2912 ἐζήλωσε
827 2837 867 2916 δέ,
899 2834 952 2896 ἀπο
983 2836 1033 2912 μέν
1056 2843 1110 2896 τῶν
1134 2839 1213 2910 ἐκτύς
1231 2837 1463 2919 παραδειγμάτων
1488 2840 1546 2918 ἡγ-

248 2960 331 3034 μένος
353 2957 399 3018 καί
422 2959 549 3039 κινηθείς,
573 2962 624 3018 ὅσα
646 2959 742 3019 πολλὰ
763 2959 806 3018 διὰ
828 2964 878 3034 της
893 2963 1004 3038 χάριτος
1026 2963 1072 3019 τού
1096 2956 1314 3043 ἐδηγήσαντοςθ)
1332 2961 1412 3034 αὐτὴν
1429 2961 1548 3040 Χριστοῦ

247 3083 264 3156 ἠ
289 3080 415 3154 βασιλεία
439 3103 490 3156 μου
512 3080 701 3161 τετελείωκεν,
725 3081 777 3142 ἀπδ
801 3081 832 3140 δὲ
855 3086 908 3140 τῶν
932 3082 1007 3152 ἐντδς
1030 3081 1080 3140 ύπδ
1096 3087 1145 3156 τῆς
1161 3081 1267 3158 ἀγαθῆς
1284 3081 1397 3152 ἐλπίδος
1413 3080 1547 3162 ὁρμηθεὶς

247 3201 293 3262 καὶ
316 3208 365 3277 τῆς
387 3209 510 3282 χρηοπης
533 3203 638 3275 εὐνοίας
660 3205 747 3263 αὐτοῦ.
772 3203 817 3262 διά
840 3203 874 3278 δὴ
897 3205 1012 3279 ταύταῑ)
1036 3201 1082 3262 καί
1097 3204 1158 3262 κατ’
1171 3203 1314 3281 ἐπίγνωσιν
1329 3205 1344 3260 δ
1360 3203 1446 3278 ζῆλος
1462 3204 1544 3262 αὐτού

246 3322 292 3383 καὶ
315 3326 332 3398 ἡ
356 3323 467 3399 μίμησις
489 3325 589 3384 τούτων
597 3321 622 3406 8)
645 3325 705 3383 κατ’
719 3322 824 3384 εύνοιαν
847 3325 894 3384 καί
917 3325 1124 3403 εὐγνωμοσύνην
1146 3323 1192 3383 καί
1210 3319 1352 3409 [ζῆλον)9)
1377 3323 1543 3385 ἐνδιάθετον.

247 3441 306 3503 ἐπεὶ
336 3443 382 3504 οὖν
411 3445 429 3519 ἡ
461 3445 588 3518 βασιλεία
618 3466 670 3520 μου
702 3444 745 3504 ἐπὶ
774 3445 812 3525 τῷ
843 3445 965 3525 θεμελίῳ
992 3451 1041 3520 τῆς
1068 3445 1144 3517 θείας
1168 3445 1280 3517 ἐλπίδος
1303 3445 1472 3524 έδραζομένη
1496 3445 1544 3506 καί

247 3569 340 3626 ἕνεκεν
361 3571 411 3641 τῆς
434 3567 567 3643 ἀληθείας
589 3565 636 3626 καί
659 3572 706 3641 τῆς
728 3570 889 3649 πρᾳότητος,
913 3564 1018 3627 εἴτόὐν
1040 3573 1089 3643 τῆς
1113 3567 1289 3646 ἀγαθωσύνης
1304 3565 1351 3626 καί
1367 3573 1416 3642 τῆς
1432 3568 1542 3628 δικαιο-

246 3689 326 3764 σύνης
348 3686 394 3746 καί
418 3688 579 3747 ἐντείνεσθαι
602 3687 648 3748 καὶ
670 3689 879 3748 κατευοδούσθαι
902 3687 948 3748 καί
971 3688 1124 3762 βασιλεύειν
1146 3689 1310 3748 πιστεύσασα
1332 3687 1378 3748 καί
1394 3687 1472 3771 ἐκέθ)
1496 3697 1544 3749 τού

245 3811 307 3869 θεοῦ
330 3808 432 3869 δίκαιον
454 3807 581 3890 κρίνουσα
603 3815 652 3885 τῆς
668 3811 915 3881 ἀποκαταστάσεως
931 3807 1063 3890 άρξαοθαι
1083 3813 1141 3882 ταῖς
1157 3811 1312 3887 έκαοταχού
1327 3813 1423 3884 μοναίς
1438 3831 1542 3890 χρυσο-

245 3931 381 4005 βούλλους
412 3931 515 4010 λόγους
546 3931 627 4008 αὐτῆς
659 3932 856 4012 ἐπεβράβευσε,
890 3933 947 4004 τοῖς
977 3933 1105 4010 γεγονόσι
1134 3931 1337 4011 παραδείγμασι
1367 3936 1542 4011 κεχρημένος

246 4052 293 4112 καί
304 4057 309 4093 ¹
319 4053 341 4132 ¹)
358 4057 539 4128 πεπεισμένος
554 4060 587 4135 τῇ
604 4055 681 4115 ἔνδον
695 4049 796 4136 εὐνοίᾳ,
820 4057 859 4126 ὡς
875 4055 960 4126 ούτως
976 4055 1049 4114 ἐσται
1066 4053 1147 4134 αὐτῷ,
1165 4052 1195 4127 ἐξ
1212 4055 1370 4134 ἀμφοτέρων
1385 4055 1486 4115 τούτων
1503 4053 1543 4124 εἰς

350 4295 369 4361 ι)
389 4295 452 4345 God.
473 4297 605 4346 Gerasimi
623 4296 830 4362 archiepiscopi:
859 4293 999 4360 ἐπιτηδείως
1018 4291 1111 4364 ἔχουσα
1128 4290 1189 4363 πρὸς
1207 4293 1249 4358 τὴν
1269 4293 1361 4360 κίνησιν
1433 4296 1454 4362 ²)
1473 4295 1541 4346 διεκ-

244 4390 321 4457 ραίνει
344 4391 405 4442 Sak.
479 4391 501 4455 ³)
524 4395 595 4442 τοῦτο
617 4389 645 4440 οὐ
674 4389 782 4441 συνέλθοι
805 4391 868 4442 Sak.
940 4392 960 4455 ί)
985 4389 1107 4458 ἐκβάσεως
1132 4391 1188 4442 cod.
1213 4391 1273 4442 Ger.
1298 4389 1453 4457 καταβάσεως
1477 4392 1539 4444 δαίς.

245 4487 266 4551 ⁵)
285 4482 413 4554 ἀνάγονται
437 4486 499 4537 Sak.
571 4487 593 4553 θ)
612 4487 752 4537 Sakellion
770 4493 798 4537 et
816 4487 874 4536 cod.
893 4488 955 4538 Ger.
975 4485 1163 4552 βασιλεύσαντος
1236 4486 1258 4551 7)
1277 4487 1322 4537 sie
1343 4504 1391 4552 pro
1409 4484 1485 4536 πάντα
1504 4489 1540 4538 le·

243 4582 361 4649 gendum
374 4584 501 4648 proponit
513 4581 662 4632 Sakellion.
681 4581 713 4631 δι’
725 4579 739 4630 ἀ
752 4579 781 4645 δὴ
794 4583 852 4633 cod.
866 4583 926 4634 Ger.
999 4583 1019 4648 8)
1034 4581 1113 4650 τούτῳ
1126 4583 1187 4635 Sak.
1202 4589 1229 4633 et
1242 4583 1299 4634 eod.
1313 4584 1374 4634 Ger.
1446 4581 1467 4647 9)
1487 4581 1540 4632 κατ’

244 4675 351 4741 εὐνοϊκὴν
368 4664 553 4746 εὐγνωμοσύνην
572 4677 613 4727 καί
631 4675 761 4728 ἐνδιάθετον
779 4677 837 4728 cod.
851 4677 912 4730 Ger.
986 4679 1019 4744 ¹⁰)
1038 4673 1082 4728 κούι
1101 4679 1158 4728 cod.
1172 4679 1234 4729 Gor.
1307 4679 1340 4744 11)
1359 4679 1373 4741 ἢ
1393 4677 1456 4728 Sak.
