3208 5310
1313 349 1356 414 35

83 538 193 613 λουόμενον
212 541 258 598 τοῦ
273 537 414 615 Διαβόλου
436 537 451 598 ό
473 540 557 620 χορός
580 537 683 615 μοδίων
699 536 725 600 α’
733 535 784 614 ς”.
813 541 894 621 ἕτεροι
916 539 950 600 τόι
971 538 1114 620 λεγόμενα
1136 541 1355 622 Κορακολίιμπια

77 660 104 718 τό
121 660 213 720 ἄνωθεν
234 665 288 721 τῶν
305 657 466 740 Μελανίων,
488 659 582 732 καθὼς
597 659 768 738 ἀναβαίνουσι
785 662 868 742 μέχρι
884 663 930 722 τοῦ
946 659 1062 740 βουνίου,
1086 662 1139 724 όσοι
1153 660 1201 724 καὶ
1216 655 1261 724 οίιί
1277 660 1352 726 εἰσιν.

76 783 152 862 ἕτερον
175 781 383 860 τὸλεγόμενον
405 781 435 842 τό
458 780 634 862 Στρογγυλδν
656 781 775 858 πλησίον
796 782 935 863 χωραρίου
956 786 1003 844 τοῦ
1024 783 1112 864 Βόρου
1135 781 1230 860 μοδίου
1253 781 1291 847 α’.
1322 786 1354 845 ἕ-

73 899 190 989 προ[τό]
212 905 358 982 λεγόμενα
378 908 426 966 τοῦ
440 905 580 976 Τατζουτᾶ
601 904 636 966 τό
658 903 790 986 ἐμπόλισι,
812 903 906 977 καθὼς
928 904 1089 986 ἀνέρχονται
1108 902 1157 966 καὶ
1170 905 1356 987 περιγυρίζσυν

72 1026 111 1100 τὴν
133 1025 209 1106 συρόν
229 1031 276 1086 τοῦ
299 1024 396 1100 βουνοῦ
418 1027 473 1100 ἕως
495 1023 535 1098 είς
556 1028 605 1102 τὴν
627 1025 690 1088 όδδν
712 1023 867 1108 καὶμέχρι
889 1031 943 1088 τῶν
966 1025 1044 1103 Ποδη
1057 1022 1145 1114 [νῶν],
1167 1028 1219 1088 ὅσοι
1240 1025 1288 1090 καί
1309 1021 1355 1090 οίό

71 1146 120 1208 είσι.
145 1151 279 1230 χωρόριον
307 1153 355 1210 τοῦ
377 1149 559 1222 Κουνουπὲως
584 1149 615 1210 τδ
643 1147 748 1210 ἐκεῖθεν
770 1151 817 1210 τοῦ
840 1148 958 1210 όλωνίου
980 1149 1011 1210 ιδ
1033 1147 1080 1210 καὶ
1102 1150 1258 1226 ταμόμενον
1279 1150 1356 1232 παρὰ

70 1277 109 1346 τῆς
131 1271 190 1332 όδοῦ
216 1271 320 1348 μοδίων
348 1268 373 1348 β’
381 1270 423 1347 ς”
451 1272 498 1333 σὺν
520 1276 574 1332 τῶν
602 1271 753 1332 δυσκόλων.
784 1273 923 1354 χωράριον
950 1276 999 1348 τῆς
1024 1269 1106 1351 όγίσις
1128 1271 1303 1345 Ἀναοτασίσς
1323 1273 1355 1334 τό

70 1390 169 1466 πλησίον
189 1393 329 1474 χωρορίου
351 1399 401 1470 τῆς
415 1393 585 1470 Ἐπιοκοπῆς
607 1392 709 1468 μοδίων
726 1392 752 1454 α’
761 1391 815 1468 ς”.
839 1395 928 1475 ἕτεροι
950 1398 1035 1472 κῆποι
1057 1392 1105 1454 δὺο
1127 1391 1168 1467 είς
1182 1397 1229 1454 τοῦ
1243 1393 1354 1456 Βλόδου

70 1513 158 1589 μοδίων
171 1514 197 1575 α’
205 1513 257 1591 ς’
281 1518 376 1596 ἕτερος
398 1513 438 1588 εἰς
459 1515 510 1592 την
532 1516 677 1578 Βοόοτασιν
701 1515 805 1591 μοδίων
820 1513 857 1592 β’.
882 1512 1040 1592 ἐξάμπελον
1062 1514 1104 1588 εἰς
1126 1515 1176 1592 τὴν
1197 1516 1354 1596 Βσόοτασιν,

71 1637 148 1710 κοόίνς
172 1632 319 1720 ἀνέρχεται
345 1637 390 1698 σὺν
419 1643 473 1698 τῶν
504 1635 647 1720 ἁρμσοιίων
670 1637 755 1719 μέχρι
776 1643 826 1714 τῆς
849 1635 937 1710 οἰκίας
958 1641 1005 1698 τοῦ
1026 1637 1175 1716 Κονδηλου
1198 1635 1301 1716 μοδίων
1317 1637 1352 1699 δ’.

71 1762 106 1818 τοῦ
126 1757 286 1821 Ὑποκολίου
314 1757 361 1842 όί)
385 1758 586 1838 ἐπιλεγόμενος
606 1765 696 1837 κίητος
719 1759 814 1836 μσδίου
829 1756 881 1835 ς”.
913 1761 1006 1840 ἕτερον
1029 1762 1060 1820 τό
1084 1759 1283 1839 ἐπιλεγόμενον
1304 1763 1353 1821 τοῦ

71 1880 188 1960 Φρόγγσυ
209 1881 306 1958 μοδίου
321 1879 359 1944 α’.
389 1883 516 1963 χωρίοισι
541 1887 592 1960 τῆς
618 1881 760 1964 Μαρίτζας
782 1881 835 1942 ίιπδ
856 1882 888 1941 τό
911 1881 1046 1957 σπήλαιον
1070 1882 1153 1962 μέχρι
1175 1885 1222 1943 τοῦ
1245 1881 1352 1957 βουνίου

72 2005 113 2075 ἕως
131 2008 174 2064 τοῦ
195 2003 334 2084 χωραρίου
355 2007 406 2080 τῆς
425 2003 604 2085 Ἐπιοκοπης
627 2005 680 2064 ὅσα
700 2001 748 2064 καὶ
771 1995 815 2064 σία
837 2000 912 2084 εἰσιν,
935 2002 982 2062 σὺν
1003 2008 1058 2064 τῶν
1080 2002 1183 2084 ἀγρῶν.
1207 2005 1354 2085 ἕτεροντὸ

69 2124 168 2201 πλτρίσν
189 2125 330 2206 χωροφίου
350 2129 397 2186 τοῦ
413 2123 582 2204 Ἀβαοτάγου
605 2125 701 2200 μοδίου
717 2123 755 2186 α’.
787 2127 868 2206 ἕτερα
882 2125 1005 2206 ἁρμάκια
1019 2130 1073 2186 τῶν
1089 2125 1212 2202 Λυμπῶν
1225 2125 1262 2186 τὰ
1274 2125 1352 2204 πλη-

71 2245 116 2306 σίον
134 2247 268 2329 χωρσρίου
290 2251 338 2308 τοῦ
353 2246 524 2326 Ἀβαστάγου
538 2251 585 2308 τοῦ
600 2247 711 2328 Κρογᾶ,
735 2249 786 2308 όσα
799 2243 847 2308 καί
862 2239 907 2307 οίοί
922 2244 997 2308 είοιν.
1021 2248 1114 2330 ἕτερον
1129 2245 1170 2321 είς
1184 2247 1353 2328 Διασιηγοὺς

70 2369 92 2427 τό
116 2371 231 2430 κάτωθεν
260 2375 315 2430 τῶν
345 2368 488 2444 ἀμπελίων
519 2369 614 2444 μσδίου
628 2367 680 2444 ς”.
717 2371 855 2449 χωρόριον
886 2373 941 2430 τῶν
969 2369 1082 2441 Βατζῶν
1111 2370 1142 2430 τό
1167 2369 1284 2446 πλησίον
1306 2375 1353 2431 τοῦ

70 2489 171 2572 Στωρσῦ
190 2493 221 2552 τό
245 2491 349 2552 ὲδιῖιόεν
371 2489 419 2551 καὶ
440 2493 470 2551 τό
493 2490 599 2552 ἐκεῖθεν
622 2489 725 2567 μοδίων
741 2488 778 2564 β’.
811 2491 904 2571 ἕτερον
923 2491 953 2550 τό
968 2491 1091 2552 κάτωθεν
1114 2495 1161 2552 τοῦ
1183 2490 1263 2570 σίγίου
1286 2491 1352 2551 Ἰω-

71 2613 135 2673 άννου
148 2613 241 2690 μοδίου
251 2612 303 2689 ς”.
320 2615 414 2696 ἕτερον
428 2619 482 2674 τῶν
494 2607 733 2699 Κοντουίποόλων]
746 2614 778 2672 τό
791 2609 911 2688 πλησίον
926 2613 1065 2695 χωραρίου
1079 2616 1126 2673 τοῦ
1141 2611 1219 2693 ἁγίου
1232 2613 1354 2686 Λέοντος

70 2731 106 2792 ισί
129 2741 176 2812 τῆς
196 2735 366 2812 'mm-qq
388 2733 483 2812 μοδίου
499 2734 536 2798 σι’.
574 2737 667 2816 ἕτερον
693 2736 832 2816 χωροίριον
855 2731 895 2806 εἰς
917 2734 966 2810 τὴν
988 2732 1070 2813 ἁγίαν
1093 2733 1215 2810 Δυναιὴν
1235 2735 1352 2811 πλησίον

70 2857 188 2937 χυρερίου
214 2861 262 2918 τοῦ
285 2859 371 2918 Ζίτου
397 2855 494 2934 μοδίου
509 2856 546 2919 α’.
585 2859 723 2938 χωράρισν
748 2862 800 2932 τῆς
823 2854 933 2931 Ἀβύδου
958 2856 990 2916 τό
1017 2855 1133 2932 πλησίον
1158 2859 1206 2916 τοῦ
1227 2860 1351 2931 ποταμοῦ

70 2977 106 3038 καί
123 2980 235 3060 πλησίον
256 2981 397 3062 χωραρίου
417 2985 468 3056 της
489 2978 671 3060 Ὁδηγίγτριας
693 2977 789 3055 μοδίου
812 2977 849 3040 α’.
884 2980 977 3060 ἕτερον
1000 2975 1040 3050 είς
1061 2978 1092 3037 τδ
1107 2975 1232 3039 Κανίδιον
1254 2979 1349 3038 κόπω-

71 3101 106 3160 ίεν
128 3108 174 3180 τῆς
200 3102 264 3166 όδοῦ
294 3103 326 3164 τό
348 3103 503 3183 λεγόμενον
526 3105 571 3163 τοῦ
595 3101 703 3163 Στοιλοῦ
727 3100 822 3178 μοδίου
832 3099 885 3176 ς”.
917 3102 1010 3182 ἕτερον
1030 3103 1062 3160 τό
1085 3099 1188 3160 ἄνωθεν
1211 3103 1257 3160 τοῦ
1278 3119 1348 3160 κατ-

71 3226 202 3302 ερχομένω
232 3227 383 3307 χειμάρρου
412 3225 443 3284 τό
471 3221 520 3285 καὶ
540 3223 657 3300 πλησίον
679 3221 817 3305 χωραφίου
838 3225 884 3282 τοῦ
907 3219 1071 3282 Γουλολέων
1093 3219 1195 3297 μοδίων
1211 3218 1238 3281 α’
1247 3217 1299 3296 ς”.
1328 3220 1347 3294 ἠ

70 3345 152 3406 τούτων
172 3353 209 3427 γῆ
232 3344 337 3424 μοδίων
360 3343 429 3427 ρνδ
441 3344 493 3421 ς”.
517 3340 681 3431 [κσμμότια]
703 3343 913 3422 ἀμσδιολόγητα
927 3341 991 3420 κη’.

155 3467 297 3545 Ὁμοίως
315 3465 372 3529 καὶ
390 3467 502 3544 πόσης
517 3472 622 3544 μονῆς
636 3471 691 3528 τοῦ
707 3466 803 3544 οίγίου
818 3466 973 3538 Λέοντος.
996 3465 1124 3546 χωρίοια
1139 3464 1168 3524 ἐν
1184 3468 1217 3546 τῇ
1232 3469 1349 3547 περιοχῇ

72 3592 109 3660 τίκ
120 3589 288 3662 Βυιστιίσεως
309 3589 344 3650 τό
364 3588 482 3666 πλησίον
504 3591 632 3670 χωράφια
651 3592 697 3650 τοῦ
712 3583 835 3673 Βέλίου]
851 3587 899 3648 καὶ
914 3585 1033 3662 πλησίον
1047 3591 1101 3646 τῶν
1117 3584 1274 3663 οἰκημάτων
1289 3585 1349 3648 Δα-

73 3707 185 3772 λπσυκνοῦ
206 3716 252 3773 τοῦ
268 3707 365 3792 Φαγρί
386 3709 482 3787 μοδίου
497 3709 535 3792 α’,
558 3711 574 3770 δ
597 3711 657 3788 ἔχει
678 3710 697 3788 ἠ
719 3709 786 3789 όγία
808 3709 878 3786 μονὴ
902 3708 955 3770 ἀπό
970 3707 1111 3770 Νικολάου
1129 3710 1176 3769 τοῦ
1192 3707 1350 3790 Γρηγορίου.

75 3829 146 3910 ἕτερον
165 3835 303 3915 χωριίριον
325 3830 365 3905 είς
387 3831 436 3909 τὴν
456 3833 590 3912 περιοχὴν
613 3836 666 3892 τῶν
681 3832 799 3911 Τρώτων
822 3831 852 3891 τό
875 3829 1048 3907 καλεόμενον
1070 3833 1116 3890 τοῦ
1135 3828 1214 3908 ἁγίου
1230 3828 1350 3890 Βλαοίου

76 3951 218 4030 τὀτλησίσν
239 3953 287 4016 καί
308 3955 441 4034 σίινεγγυς
461 3953 600 4034 χωρσρίου
616 3951 766 4034 Γρηγορίου
787 3955 834 4014 τοῦ
850 3952 1013 4028 Κολοκίινθη
1030 3949 1133 4028 μοδίων
1148 3949 1191 4030 ς’,
1214 3951 1282 4030 ὅπερ
1297 3949 1349 4010 ab·

78 4071 110 4130 ·δι
127 4075 179 4154 ἔχει
199 4078 218 4154 ἡ
242 4073 380 4152 ἐκκλησία
401 4075 454 4136 ἀπό
477 4071 651 4156 ἀφιερώσεως
673 4077 719 4135 τοῦ
739 4075 864 4136 Κανατᾶ.
896 4075 987 4153 ἕτερον
1010 4073 1040 4132 τό
1063 4071 1117 4132 ἀπὸ
1132 4067 1281 4132 Θεοδοσίου
1302 4073 1349 4130 τοῦ

80 4191 141 4254 ίίιιιυ
165 4199 194 4257 τό
219 4197 393 4273 καλούμενον
415 4203 469 4257 τῶν
491 4197 606 4276 λυγνῶν
628 4197 659 4256 ιδ
681 4194 799 4271 πλησίον
820 4193 961 4276 χωρσρίου
982 4197 1028 4254 τοῦ
1050 4197 1129 4254 παπαί
1151 4189 1262 4274 Βοσίλι,
1284 4192 1349 4253 ὅσον

82 4311 114 4371 καὶ
130 4309 178 4377 οἷόν
204 4318 284 4400 ἐστιν,
316 4313 382 4378 ἄνευ
407 4322 455 4378 τοῦ
481 4319 600 4389 ἅπαντας
623 4315 766 4378 δυσκόλου.
798 4318 891 4398 ἕτερον
913 4316 943 4376 τό
966 4314 1020 4374 σίπδ
1043 4313 1151 4389 Νικητα
1172 4317 1218 4374 τοῦ
1240 4314 1350 4374 Κανάκι

83 4431 113 4493 ἐπὶ
129 4439 169 4514 τὴν
188 4442 319 4522 περιοχὴν
341 4445 391 4516 τῆς
405 4441 564 4515 Βουστοίσης
585 4439 616 4499 τό
638 4438 792 4516 λεγόμενον
813 4441 859 4498 τοῦ
877 4436 1025 4508 Χαλικέως
1045 4436 1077 4496 τό
1091 4433 1209 4511 πλησίον
1223 4435 1349 4511 κείμενον

82 4591 257 4608 Ἢ-

163 4701 181 4764 ¹)
198 4705 294 4768 Δννει·
313 4697 341 4750 τό

1107 4777 1139 4829 30
