3208 5310
256 329 298 394 32

257 529 373 604 περιοχῇ
395 527 448 581 τῶν
463 520 583 600 Τριοτῶν
606 522 636 580 το
661 520 858 598 ἐπιλεγόμενον
874 525 923 594 τῆς
940 520 1037 598 Πηγῆς
1052 521 1082 580 σθ
1098 515 1211 579 ἀπὸτοῦ
1227 519 1379 594 Καλοκθθη
1393 520 1425 578 τί
1440 518 1493 580 καὶ
1509 519 1563 578 λε-

257 645 374 723 γέμενον
395 647 441 703 τοῦ
465 645 570 722 Σαρκοῦ
594 639 688 717 μοδίου
705 641 740 701 α’.
766 644 858 724 ἕτερον
882 642 934 702 ἀπθ
958 640 1108 702 Θεοδοσίου
1130 645 1176 702 τοῦ
1200 640 1378 719 Κολυοίνδρου
1400 643 1432 700 τὸ
1456 639 1563 713 ἔξωθεν

150 821 153 827 .
258 764 393 843 ἀμπελίου
416 767 461 824 τοῦ
488 765 642 843 λεγομένου
662 763 799 842 Δανγίτου
826 762 920 840 μοθίου
935 761 986 838 ς”.
1020 765 1111 842 ἕτερον
1135 763 1181 822 ἀπ’
1206 763 1285 822 αίιτοῦ
1309 760 1348 834 είς
1370 762 1401 822 τὸ
1418 762 1512 842 Ἐρίρι
1534 763 1564 819 πθ

257 888 410 965 λεγόμενον
436 891 490 946 τῶν
513 886 697 967 Καταπέτρων
727 887 758 944 πθ
780 883 895 961 πλησίον
917 885 1056 965 χωραφίου
1078 889 1123 944 τοῦ
1146 884 1289 965 Χρυσθλου
1310 882 1357 943 καὶ
1380 883 1494 958 Νικίπα
1517 890 1563 942 τοῦ

258 1009 452 1084 Στλαβοπέτζη
476 1007 523 1067 καὶ
546 1007 649 1068 ἀνωθεν
671 1011 717 1067 τοῦ
733 1007 921 1087 Καλαγέρπσυ
944 1009 997 1078 ἕως
1019 1010 1065 1066 τοῦ
1080 1006 1204 1081 Νομικοῦ
1226 1009 1271 1065 τοῦ
1289 1053 1294 1067 .
1312 1050 1346 1068 ..
1371 1007 1423 1064 ὅσα
1444 1003 1495 1066 καί
1520 999 1564 1064 οἷσί

259 1129 334 1192 είσιν.
359 1131 497 1211 χωροίριον
521 1127 560 1201 είς
581 1130 630 1205 τὴν
652 1129 785 1208 περιοχὴν
807 1132 853 1188 τοῦ
869 1127 1004 1207 Κανιδίου,
1028 1127 1093 1207 ὅπερ
1117 1127 1178 1206 ἔχει
1199 1128 1217 1202 ἡ
1241 1115 1310 1203 μονὴ
1335 1127 1491 1206 ἀγορασπθν
1509 1126 1563 1185 ἀπὶ

258 1256 304 1312 τοῦ
319 1250 482 1331 Στροθπαλι,
505 1251 535 1309 πθ
559 1249 712 1328 λεγόμενον
727 1255 777 1325 της
793 1249 946 1328 Λαγγάθας
969 1251 1000 1308 τ“ο
1021 1247 1137 1325 πλησίον
1151 1247 1197 1308 καί
1213 1249 1343 1326 σθνεγγυς
1357 1247 1501 1328 χωραρίου
1518 1251 1564 1306 τοῦ

261 1373 428 1432 Ἐνοικιάτου
452 1371 547 1448 μοθίου
569 1370 609 1445 ς”
633 1373 679 1430 σθν
702 1375 748 1430 τοῦ
771 1371 862 1430 ἐκεῖσε
878 1369 1020 1450 Ἆγριλλα.
1045 1371 1138 1451 ἕτερον
1162 1368 1200 1442 είς
1222 1371 1271 1446 τὴν
1295 1370 1376 1444 αθτὴν
1399 1369 1565 1430 τοποθεσίαν

258 1495 289 1554 τ“ο
312 1493 429 1570 πλησίον
451 1492 589 1574 χωραρίου
611 1488 679 1578 [τοῦ]
696 1493 806 1572 Δευτέρι
827 1494 858 1552 τ“ο
881 1489 935 1552 ἀπο
958 1493 1131 1572 ἀφιερώσεως
1152 1496 1198 1552 τοῦ
1213 1490 1387 1567 Βλακοκίτζη
1411 1488 1563 1568 μοδίους”

258 1617 305 1676 συν
327 1619 373 1675 τοῦ
397 1616 509 1676 ἐλαϊκοθ
532 1613 644 1694 δένδρου
666 1619 712 1674 τοῦ
735 1615 824 1674 ἐκεῖσε
848 1613 999 1690 ἱσταμένου.
1024 1615 1116 1695 ἕτερον
1139 1612 1179 1685 είς
1199 1613 1329 1694 Γερασίαν
1351 1614 1383 1674 τὸ
1405 1613 1565 1692 λεγόμενον

259 1741 306 1798 ποθ
329 1734 420 1818 Ξηροῦ
443 1737 473 1796 το
494 1735 610 1812 πλησίον
634 1735 739 1812 ἀμπέλι
762 1735 869 1811 Νικητοι
891 1740 936 1796 τοῦ
960 1735 1151 1816 Γραμματικοῦ
1174 1735 1276 1812 μοδίων
1292 1733 1381 1809 θ’ς”.
1405 1736 1500 1816 ἕτερον
1526 1731 1566 1804 είς

259 1860 308 1934 τὴν
323 1859 455 1939 περιοχὴν
470 1862 516 1919 τοῦ
528 1857 653 1918 Κυνιθίου
668 1859 698 1917 το
713 1857 866 1936 λεγόμενον
881 1862 931 1933 τῆς
945 1858 1047 1938 Πεπρθς
1061 1859 1092 1916 πθ
1105 1857 1222 1932 πλησίον
1238 1855 1342 1932 ἀμπέλι
1356 1859 1404 1917 τοῦ
1415 1857 1501 1916 Ζίτου
1511 1854 1564 1937 (ί),

261 1983 328 2062 ὅπερ
351 1981 412 2058 ἔχει
433 1981 451 2055 ἡ
475 1979 540 2059 ἀγία
568 1979 638 2055 μονὴ
662 1975 715 2039 ἀπο
740 1980 867 2039 Ἰωάννου
889 1983 935 2038 τοῦ
958 1979 1102 2059 Γερακσίρι.
1135 1980 1216 2059 έτερα
1238 1978 1360 2040 δύσκολα
1382 1977 1422 2050 είς
1443 1979 1478 2037 τὰ
1503 1977 1565 2037 Πυ-

261 2103 379 2182 ραγσίθια
400 2101 434 2160 τὰ
456 2100 599 2178 λεγόμενοι
614 2101 843 2180 Κανονθοδεροίτα
861 2099 896 2159 τὰ
911 2097 963 2160 ἀπο
980 2099 1142 2176 Θαυμαστοίι
1159 2099 1252 2175 μοδίου
1267 2099 1318 2174 ς”.
1343 2101 1424 2181 ἕτερα
1439 2099 1564 2161 δύσκολα

261 2220 308 2282 καὶ
330 2224 451 2302 ἀρμάκια
472 2221 507 2280 τὰ
529 2222 633 2282 ἀνωθεν
655 2223 781 2302 χωράρια
803 2226 849 2281 τοῦ
866 2219 997 2302 ίΙετρίτζη
1019 2222 1054 2280 τὰ
1073 2221 1214 2300 λεγόμενα
1234 2221 1376 2292 Κατζακία
1390 2221 1424 2281 πά
1440 2222 1564 2300 ἀριερω-

262 2345 342 2403 θέντα
363 2348 396 2425 τῇ
420 2343 486 2424 ἁγίᾳ
509 2349 579 2426 μονῇ
600 2339 676 2423 παρὰ
698 2343 817 2420 Ἑλένης
839 2348 888 2420 τῆς
908 2341 1132 2423 Κολυοίνθροινας
1155 2341 1257 2418 μοδίιιν
1273 2341 1299 2401 α’
1312 2341 1362 2417 ς”.
1387 2344 1492 2424 ἀρμαίκι
1514 2347 1564 2416 της

263 2465 378 2536 Πλακθς
402 2465 484 2539 μέσον
506 2469 560 2524 τῶν
584 2463 629 2524 δίο
652 2464 724 2524 θθιῖνν
747 2464 873 2539 κείμενον
897 2464 998 2540 μοθίων
1013 2463 1051 2544 γ’.
1076 2466 1168 2544 ἕτερον
1187 2463 1303 2541 πλησίον
1318 2468 1363 2523 τοῦ
1379 2463 1457 2542 ἁγίου
1474 2463 1564 2522 Νικο·

262 2587 333 2647 λάου
354 2588 384 2646 πθ
408 2586 511 2646 ἀνωθεν
533 2591 584 2662 πῆς
606 2583 669 2645 ὁδοῦ
691 2585 808 2662 πλησίον
830 2585 968 2666 χωραρίου
991 2589 1037 2646 τοῦ
1060 2585 1260 2665 Χρισποδοίιλου
1284 2585 1378 2662 μοδίον
1393 2583 1444 2660 ς”.
1470 2587 1564 2663 ἕτερον

262 2708 293 2766 τὸ
324 2707 500 2767 ἀποκάτωθεν
522 2709 553 2766 το
576 2708 659 2782 μέσον
681 2706 808 2782 κείμενον
830 2707 968 2788 χωραρίου
990 2712 1036 2768 τοῦ
1058 2706 1259 2788 Χριστοδοίλου
1282 2706 1376 2782 μοθίου
1399 2705 1450 2781 ς”.
1475 2712 1565 2781 κῆπος

262 2833 308 2890 τοῦ
324 2825 423 2888 Βώλου
445 2829 567 2889 κάτωθεν
589 2827 727 2908 χωραρίου
749 2832 795 2888 τοῦ
810 2827 919 2908 Ἀστέρι
943 2827 1037 2904 μοδίου
1052 2827 1102 2902 ς”.
1127 2831 1263 2908 χωράριον
1285 2830 1316 2888 τὸ
1331 2828 1420 2909 Βαρθν
1442 2829 1474 2886 τ“ο
1491 2829 1564 2888 ἀπο-

263 2951 386 3011 κοίπωθεν
407 2955 461 3010 τῶν
477 2951 605 3030 Λυθερῶν
628 2948 723 3024 μοδίου
739 2949 776 3011 α’.
800 2953 892 3031 ἕτερον
916 2949 1042 3028 λαχίδιον
1064 2955 1117 3010 τῶν
1131 2951 1249 3030 Καρίων
1271 2951 1302 3009 το
1325 2949 1377 3010 ἀπὸ
1399 2953 1446 3009 τοῦ
1462 2950 1564 3026 Καψο-

263 3072 347 3134 σιθίου
371 3072 464 3149 μοάίου
486 3071 537 3146 ς”.
562 3073 725 3154 [χωράριον]
747 3078 797 3148 τῆς
811 3072 930 3147 Βάλλης
952 3073 998 3131 οθν
1020 3076 1066 3132 τοῦ
1090 3069 1192 3144 ἔξωθεν
1214 3077 1263 3146 τῆς
1282 3072 1390 3142 Λυθέας
1414 3071 1510 3147 μοδίσυ
1526 3069 1562 3130 α’.

265 3193 422 3270 ἐξοίμπελον
444 3196 475 3253 πθ
492 3195 694 3272 Ἀβασταγοίτου
716 3196 746 3253 τ“ο
769 3193 823 3254 ἀπὸ
845 3199 894 3270 τῆς
917 3198 1042 3270 μοναχῆς
1061 3198 1111 3270 τῆς
1128 3193 1329 3272 Ἀβαστοίγειας
1352 3191 1454 3266 μοδίων
1472 3191 1497 3251 δ’
1511 3189 1562 3266 ς”.

265 3317 357 3394 ἕτερον
383 3318 520 3395 χωροίρισν
547 3319 592 3375 τοῦ
615 3317 728 3374 Λάκκου
751 3314 853 3392 μοθίων
877 3313 903 3374 α’
915 3313 967 3388 ς”.
999 3316 1091 3396 ἕτερον
1114 3311 1155 3385 εἰς
1175 3315 1224 3389 ιὴν
1248 3314 1434 3374 Λεοντοκίανα
1456 3315 1487 3372 πθ
1510 3314 1563 3372 ἀπὸ

264 3439 309 3496 τοῦ
325 3436 520 3514 Βροντησιανοθ
544 3435 638 3509 μοδίου
660 3433 711 3508 ς”.
736 3437 827 3514 ἕτερον
851 3433 891 3506 είς
910 3435 1041 3514 Γερασίαν
1063 3435 1179 3510 πλησίον
1202 3439 1247 3495 τοίι
1264 3431 1471 3512 Ἀβαοταγάτου
1493 3435 1564 3494 κατὰ

265 3555 437 3636 μεσημβρίαν
459 3560 504 3615 τοῦΙ
526 3554 665 3634 χωραρίου
688 3555 790 3630 μοθίων
814 3554 838 3616 δ’
852 3555 903 3630 ς”.
928 3558 1020 3638 ἕτερον
1043 3560 1088 3616 τοῦ
1105 3554 1195 3636 Ξαροῦ
1218 3555 1335 3632 πλησίον
1357 3557 1496 3638 χωραρίου
1518 3561 1562 3614 τοῦ

266 3678 440 3758 Στρατοκέπη
465 3675 559 3752 μοθίου
583 3674 618 3736 α’.
644 3679 736 3754 ἕτερον
759 3683 809 3751 πῆς
826 3677 1000 3756 Ἀγραπιθίας
1022 3677 1116 3752 μοθίου
1132 3675 1183 3752 ς”.
1207 3680 1301 3758 ἕτερον
1316 3683 1369 3736 τῶν
1385 3678 1493 3736 Γωνιῶν
1509 3697 1562 3752 μο-

266 3797 324 3858 θίου
345 3797 396 3871 ς”.
427 3801 565 3878 χωροίριον
593 3799 622 3856 ἐν
644 3803 677 3879 τῇ
703 3805 821 3880 περιοχῇ
848 3803 901 3857 τῶν
924 3800 1039 3877 Ταρέιυν
1066 3800 1096 3858 πθ
1119 3799 1215 3858 ἀπαίνω
1238 3798 1285 3860 καί
1306 3801 1337 3860 τ“ο
1359 3797 1434 3860 καίτοι
1457 3800 1487 3858 τ“ο
1510 3799 1562 3858 ἀπὸ

265 3923 311 3978 τοῦ
334 3921 420 3999 Βὸρου
450 3918 552 3993 μοθίων
576 3917 610 3991 β’.
647 3913 752 4003 [ἕτερα]
776 3921 902 3998 χυράρια
931 3925 984 3979 τῶν
1009 3919 1136 3979 Ὀλθθιυν
1162 3921 1195 3980 τὰ
1217 3919 1333 3996 πλησίον
1356 3921 1495 4001 χωραρίσυ
1518 3925 1561 3979 τοῦ

266 4041 401 4116 Τιμοθέου
423 4039 470 4099 καί
491 4044 537 4099 τοῦ
553 4038 752 4119 Χριστοδοίιλου
775 4040 876 4116 μοδίιυν
893 4039 927 4100 θ’.
958 4043 1037 4120 ἕτερα
1059 4047 1109 4113 τῆς
1133 4043 1231 4120 Πηγῆς
1253 4039 1287 4102 τὰ
1308 4041 1424 4118 πλησίον
1446 4049 1496 4118 τῆς
1519 4043 1561 4101 δι·

268 4165 421 4242 ερχομένης
451 4161 524 4236 ὁδοῦ,
555 4162 648 4234 καθὼς
675 4161 818 4243 ἀνέρχεται
842 4163 895 4222 ἀπὸ
917 4165 948 4222 τθ
972 4163 1161 4244 Πειράσματον
1183 4162 1230 4224 καὶ
1253 4165 1335 4246 μέχρι
1357 4169 1403 4224 ποθ
1425 4165 1561 4245 χωραρίου

266 4289 313 4344 τοῦ
335 4285 469 4359 Τιμοθέου
492 4282 539 4343 καὶ
561 4288 606 4343 τοῦ
623 4283 763 4344 Φυλιοίνου
785 4283 832 4344 καί
853 4290 902 4359 τῆς
918 4285 1034 4364 Βρίιοης,
1059 4285 1110 4344 ὅσα
1131 4284 1178 4345 καὶ
1200 4279 1245 4345 οίοί
1267 4285 1327 4366 είσι,
1352 4285 1454 4362 μοδίιυν
1470 4285 1502 4348 ε’.
1520 4286 1560 4346 οἰ-

266 4404 378 4464 κοθεσία
399 4411 448 4481 πῆς
472 4407 553 4481 αθπίις
576 4405 657 4482 ἁγίας
681 4409 776 4484 μονῆς,
800 4407 892 4476 καθὼς
914 4406 1074 4486 ἀνέρχονται
1091 4407 1144 4467 ἀπο
1166 4411 1211 4468 τοῦ
1225 4407 1363 4488 χωραρίου
1374 4412 1420 4467 τοῦ
1435 4407 1560 4483 Στληβο-

266 4529 361 4604 πέτζη,
385 4525 430 4585 καὶ
446 4521 547 4606 γυρίζει
569 4527 586 4601 ἡ
604 4527 685 4585 λιθέα
703 4527 879 4586 ἀποκάτωθεν
895 4531 941 4587 τοῦ
955 4527 1090 4607 πηγαθίσυ
1105 4527 1152 4587 καί
1169 4527 1310 4604 ἀναβαίνει
1325 4525 1371 4588 καί
1386 4528 1488 4609 γυρίζει
1500 4530 1560 4588 αθπθ

267 4650 315 4725 τὴν
331 4646 418 4707 οἰκίαν
441 4651 486 4706 τοῦ
502 4648 658 4726 Τζητζήρου
681 4647 727 4706 καὶ
754 4649 807 4708 ἀπθ
830 4649 955 4727 κεφαλῆς
977 4650 1115 4728 χωραρίσυ
1138 4654 1183 4708 τοῦ
1199 4651 1335 4725 Τιμοθέου
1349 4648 1397 4710 καί
1413 4655 1466 4710 τῶν
1481 4651 1558 4710 κλει-
