3222 5284
252 373 317 440 356

355 569 434 646 Κερ.
458 563 519 640 λύ’.
554 564 633 647 Περὶ
660 566 863 638 ἀκολουθίας
891 570 1032 648 πρώτης,
1059 569 1174 650 τρίτης
1196 568 1307 628 τεκαὶ
1332 571 1437 644 ἕκτης
1461 569 1550 647 ώρας.

253 691 343 750 Ἀλλὰ
360 692 442 769 μέχρι
457 689 550 749 τούτου
564 685 625 769 περὶ
640 689 740 748 τούτων
757 688 961 768 διαλεχθέντες,
978 692 1051 770 φέρε,
1067 688 1129 772 περί
1143 695 1194 766 τῆς
1209 689 1447 768 ἐκκλησιαστικής
1462 689 1551 749 λοιπον

251 812 416 883 ἀκολουθίας
439 811 642 889 διαληψόμεθα.
673 809 720 871 καί
741 811 786 871 ἵνα
807 832 841 892 γε
865 812 918 872 ἀντδ
940 814 1027 892 ρωτδς
1050 809 1199 893 ἀρξώμεθα
1219 813 1272 873 ἀπδ
1286 818 1337 891 τῆς
1351 816 1468 894 πρώτης
1482 813 1551 888 ήμε-
1589 781 1590 814 ί

252 940 327 1015 ρινῆς
357 936 432 1014 ώρας
461 933 511 1008 τὴν
533 933 622 1013 ἀρχὴν
652 928 840 1014 ποιησώμεθα,
869 934 915 992 τθν
938 935 1000 993 θεθν
1026 917 1098 993 κατὰ
1126 937 1203 995 τούτο
1234 936 1405 1014 μιμούμενοι,
1439 939 1491 1009 τῆς
1512 940 1551 992 τοῦ
1589 971 1590 1044 γ

250 1059 354 1133 κύσμου
376 1058 528 1126 συστάσεως
551 1055 605 1114 ἀπδ
627 1060 677 1130 τῆς
699 1059 744 1115 τού
767 1056 855 1134 ρωτδς
881 1055 1061 1137 δημιουργίας
1091 1053 1254 1136 ἀρξάμενον.
1301 1057 1372 1132 μετὰ
1394 1055 1487 1116 τοίνυν
1509 1057 1551 1128 τήν

251 1179 447 1258 συμπλήρωσιν
469 1183 519 1255 τῆς
541 1177 665 1258 θρθρινής
688 1173 854 1254 δοξολσγίας
876 1177 925 1266 δεῖΙ
941 1179 1081 1238 συνάπτειν
1103 1179 1178 1254 ήμᾶς
1200 1178 1249 1254 τήν
1263 1173 1373 1258 πρώτην
1389 1179 1469 1258 ώραν
1484 1176 1550 1238 κατὰ

250 1303 281 1360 τθ
305 1300 502 1375 συνειθισμένον
532 1297 579 1358 καί
603 1296 647 1357 ἐπὶ
668 1296 707 1377 τῷ
736 1298 813 1358 τέλει
841 1299 940 1374 ταύτης
969 1299 1101 1377 λέγεσθαι
1123 1299 1172 1375 τήν
1203 1300 1286 1378 εὐχὴν
1316 1301 1431 1374 ταύτην·
1466 1299 1502 1379 ,,θ
1525 1298 1550 1356 ἐν
1589 1301 1590 1370 3

251 1420 332 1483 παντὶ
354 1419 441 1502 καιρῷ
464 1419 511 1480 καί
532 1421 608 1501 πάσῃ
630 1417 722 1502 ώρᾳ.“
765 1417 813 1480 καὶ
837 1420 907 1495 μετὰ
928 1421 977 1496 τἠν
1001 1420 1085 1499 εύχὴν
1106 1420 1229 1499 γίνεσθαι
1250 1421 1300 1493 τὰς
1322 1423 1451 1499 συνήθεις
1471 1441 1549 1497 γονυ-
1589 1473 1590 1490 ,

251 1542 361 1616 κλισίας
375 1546 435 1614 ταῖς
458 1540 508 1617 μὲν
532 1539 717 1621 δυνατωτέρας
739 1541 793 1602 ἀπδ
814 1546 868 1622 γής
892 1541 955 1602 ἀνευ
977 1541 1185 1623 προσευχαδίου,
1208 1545 1267 1616 ταῖς
1290 1541 1501 1624 ἀσθενεστέραις
1522 1539 1549 1598 δὲ
1589 1561 1590 1586 ι

252 1666 300 1727 καί
322 1667 392 1742 μετά
414 1684 486 1736 τινος
508 1663 744 1744 ύποστηρίγματος
769 1667 896 1724 ταπεινοῦ
917 1661 964 1723 καί
988 1663 1173 1740 βοηθήματος.
1220 1665 1274 1725 έστι
1297 1663 1329 1724 δὲ
1351 1666 1370 1740 ή
1392 1661 1549 1743 γονυκλισίσ
1589 1643 1590 1664 ί

252 1791 394 1871 μετάνοιανΙ
422 1785 581 1866 δεκαπέντε,
612 1779 649 1845 ὧν
677 1783 704 1844 αῖ
732 1784 783 1860 μὲν
809 1783 913 1866 πρῶται
939 1788 1013 1865 τρεῖς
1040 1785 1176 1866 δρείλουσι
1204 1784 1324 1866 γίνεσθαι
1352 1787 1548 1864 οχολαιάιερον

250 1910 297 1971 καί
320 1903 376 1970 οἷον
399 1907 563 1990 βραδύτερον
586 1907 615 1966 ἔν
637 1927 667 1966 τε
689 1912 723 1988 τῇ
746 1909 869 1968 συστάσει
884 1905 931 1967 καὶ
946 1913 979 1991 τῇ
995 1913 1049 1967 τῶν
1064 1905 1188 1986 γονάτων
1207 1907 1306 1988 κλίσει,
1330 1910 1402 1968 ὥστε
1424 1909 1547 1968 δύνασθαι

253 2035 372 2106 ἑκάστην
395 2032 470 2106 ὑμῶν
495 2029 615 2089 ἑστῶσαν
631 2029 681 2104 μὲν
697 2026 744 2089 καί
758 2028 808 2102 τὰς
822 2031 919 2110 χεῖρας
936 2029 1121 2106 ἐκτεταμένας
1136 2030 1252 2107 ἔχουσαν
1268 2030 1363 2108 λέγειν
1378 2031 1545 2102 καθεκάστςν
1589 2031 1590 2036 ’

253 2156 285 2215 ἐκ
307 2153 395 2236 τρίτου
416 2154 460 2212 τύ·
493 2153 528 2231 ,,δ
551 2153 613 2224 θεθς
641 2150 765 2228 ίλσίσθητί
788 2158 889 2234 μοι’τῇ
918 2149 1109 2233 ἀμαρτωλῷ.“
1154 2146 1214 2212 εἶτα
1236 2151 1370 2212 κλίνασαν
1392 2153 1425 2212 τά
1448 2151 1547 2229 γόνατα

251 2275 299 2337 καί
320 2277 369 2350 τὴν
391 2274 516 2354 κεφαλὴν
539 2276 593 2346 ἕως
615 2281 669 2353 γῆς
691 2273 778 2354 τρίτον
801 2273 896 2353 λέγειν
919 2274 1021 2349 ὁμοίως
1042 2275 1086 2333 τό·
1118 2275 1260 2354 ,,ήμαρτύν
1283 2296 1334 2353 σοι,
1365 2276 1450 2356 κύριε,
1483 2293 1544 2348 συγ-
1589 2295 1590 2318 ι

251 2398 377 2478 χώρησύν
401 2395 479 2472 μσι.“
501 2393 548 2454 καί
570 2395 620 2468 τὰς
642 2396 693 2470 μὲν
708 2399 781 2474 τρεῖς
802 2395 980 2474 γονυκλισίας
1002 2397 1086 2468 ούτως
1101 2397 1162 2472 ύμῖν
1176 2397 1313 2476 ποιητέον,
1336 2396 1387 2468 τάς
1403 2395 1433 2456 δὲ
1449 2392 1544 2462 λσιπάς

253 2518 363 2579 δώδεκα
386 2519 597 2596 συντομώτερον,
621 2517 660 2588 ὡς
684 2513 789 2596 ἐράπσξ
810 2516 906 2594 λέγειν
929 2517 1047 2593 ἑκάστην
1071 2517 1100 2576 ἐν
1122 2523 1155 2600 τῇ
1176 2516 1230 2576 τῶν
1253 2519 1376 2596 γονάτων
1399 2516 1487 2577 κλίσει
1501 2511 1543 2572 καὶ

251 2648 284 2724 τῇ
315 2642 408 2700 στάσει
439 2634 512 2710 ἅπαξ
534 2637 568 2696 τά
596 2639 782 2719 προειρημένα
803 2644 853 2714 τῆς
882 2637 1001 2711 ἱκετείας
1033 2639 1150 2719 ῥήματα.
1196 2640 1342 2714 ποιήσεσθε
1372 2641 1422 2711 τάς
1442 2659 1473 2698 τε
1494 2641 1541 2694 τῶν

250 2765 373 2843 γονάτων
395 2760 501 2832 κλίσεις
523 2758 569 2818 καὶ
592 2759 641 2831 τάς
663 2760 818 2833 ἀνανεύσεις
840 2762 891 2838 ούχ
914 2761 959 2820 ὅτε
982 2761 1058 2821 δοκεῖ
1081 2761 1192 2844 ἑκάστη,
1223 2761 1347 2832 ἀτάκτως
1369 2760 1416 2821 καὶ
1437 2759 1540 2832 ἀλλην-

252 2885 359 2962 άλλως,
383 2882 451 2944 ἀλλ’
467 2885 506 2954 ὡς
528 2883 557 2941 ἓν
580 2887 671 2960 σῶμα,
702 2882 760 2957 ἅμα
783 2882 833 2956 μὲν
855 2882 1025 2962 κλινύμεναι,
1050 2883 1108 2957 ἅμα
1131 2883 1163 2942 δὲ
1186 2882 1362 2959 ἀνιστάμεναι
1384 2881 1432 2943 καὶ
1452 2876 1541 2957 ὁδηγῷ

249 3009 393 3088 χρώμεναι
423 3004 581 3084 ἀμφοτέρων
604 3009 636 3085 τῇ
662 3001 895 3086 ἐκκλησιαρχίσση
921 3005 973 3084 πρδ
996 3007 1041 3064 τού
1065 3003 1143 3083 ἀγίου
1171 3003 1296 3080 βήματος
1318 3003 1424 3087 ἕστώση
1446 3001 1539 3080 καῖιή

249 3128 342 3189 κλίσει
369 3128 421 3204 μὲν
447 3127 495 3201 τὴν
522 3123 613 3186 κλίσιν
640 3124 829 3206 ύιτοδεικνύση,
860 3124 1056 3206 τῇάνανεύσει
1080 3123 1111 3184 δὲ
1133 3125 1182 3200 τήν
1205 3125 1354 3187 ἀνάνευσιν.
1401 3125 1467 3186 ἀλλ’
1480 3123 1539 3194 κύτη

251 3251 302 3326 μὲν
326 3245 367 3334 [ἡ]
391 3246 541 3309 ἀκολουθία
566 3242 810 3332 [τής]1)ήμέρας,
834 3246 863 3305 ὲν
885 3240 904 3326 ᾖ
928 3245 986 3306 ἀντὶ
1008 3251 1068 3306 τοῖν·
1092 3247 1177 3326 ,θεὸς
1198 3245 1322 3327 κύριοςίί,
1346 3244 1538 3328 ,,ἀλληλούισ“

250 3371 399 3450 ψάλλεται.
446 3367 469 3429 εἰ
493 3370 585 3444 μέντοι
615 3369 779 3429 ἀκολουθίαν
811 3368 870 3447 ἔχει
892 3369 910 3442 ή
933 3369 1025 3447 ήμέρα
1047 3367 1094 3428 καὶ
1122 3368 1295 3430 ἀπσλυτίκισν
1317 3367 1364 3430 καί
1387 3373 1432 3430 τό·
1463 3367 1539 3450 ,θεύς

249 3491 361 3572 κύριοςίι
384 3490 532 3570 ψάλλεται,
561 3489 588 3550 αἱ
612 3490 663 3566 μὲν
685 3493 757 3571 τρεῖς
778 3493 881 3570 πρῶται
903 3489 1073 3568 γονυκλισίαι
1095 3490 1306 3566 τελεσθήσονται
1329 3491 1475 3566 μετὰτῶν
1496 3494 1539 3563 τῆς

249 3615 367 3686 ἱκετείας
391 3613 529 3694 ῥημάτων,
557 3611 650 3683 καθὼς
671 3613 838 3692 προείρηται,
869 3609 898 3672 αἱ
920 3610 1030 3672 δώδεκα
1052 3611 1084 3672 δὲ
1106 3611 1274 3691 σχολάσουσι
1297 3611 1344 3672 καί
1367 3612 1492 3689 ούδαμιῖις
1513 3609 1538 3667 ἐν

249 3742 283 3820 τῇ
308 3733 454 3818 ἐκκλησίᾳ,
478 3733 545 3794 ἀλλ’
560 3733 588 3793 ἑν
610 3731 649 3812 τῷ
671 3733 840 3815 κοιμητηρίιρ
863 3735 938 3811 ὑμῶν
959 3735 1180 3816 τελεσθήσονται,
1204 3735 1275 3810 μετὰ
1297 3737 1389 3811 μέντοι
1411 3735 1461 3808 τὰς
1474 3732 1538 3815 τρεῖς

251 3857 420 3938 βραδυτέρας
443 3853 618 3935 γονυκλισίας
642 3854 814 3936 ἑκρωιήσετε
837 3855 1031 3932 ἐκτεταμέναις
1053 3859 1113 3928 ταῖς
1134 3855 1213 3937 χερσί
1235 3857 1279 3917 τθ·
1304 3858 1340 3938 ,,θ
1362 3857 1427 3929 θεθς
1448 3859 1537 3936 ἀπρο-

250 3974 369 4057 αιώνιος,
399 3980 526 4054 ἀπάσης
552 3977 667 4051 κτίσεως
694 3977 890 4059 δημιουργός.“
934 3977 982 4039 καὶ
1004 3977 1074 4055 μετὰ
1096 3978 1145 4054 τήν
1168 3978 1252 4058 εύχὴν
1274 3979 1374 4054 ταύτην
1396 3979 1537 4058 ἀνάγνωσις

249 4101 310 4177 ύμῖν
331 4101 528 4182 προτεθήσεται
548 4103 567 4176 ή
590 4103 753 4179 κατήχησις,
777 4099 848 4175 μετὰ
870 4098 901 4160 δὲ
923 4101 972 4176 τὴν
996 4099 1147 4180 ἀνάγνωσιν
1169 4101 1296 4176 ποιήσετε
1313 4101 1343 4162 τθ
1357 4101 1536 4176 τετυπωμένον
1589 4157 1590 4162 ,

249 4222 315 4302 ύπὲρ
337 4225 416 4299 ήμῶν
438 4225 585 4304 τρισάγιον.
630 4219 677 4281 καὶ
700 4222 754 4294 ἕως
777 4219 827 4297 μὲν
850 4221 865 4280 ὁ
887 4221 950 4293 θεὸς
973 4221 1066 4281 ἐθέλει
1089 4243 1124 4297 με
1147 4223 1206 4298 ζῆν,
1229 4221 1273 4281 ίνα
1288 4221 1393 4300 λέγητε
1415 4223 1536 4302 τροπσίρισ

248 4349 345 4406 ταῦτα·
371 4346 508 4426 ,ἐλέησον
523 4346 607 4423 ἡμᾶς,
631 4345 715 4423 κύριε,
740 4343 856 4419 ἐλέησον
871 4345 954 4423 ήμοῖς,
980 4340 1057 4424 δόξα,
1081 4342 1161 4416 ἐλπίς
1176 4348 1221 4404 τού
1244 4346 1349 4420 κόσμου
1372 4344 1477 4424 ἀγαθή·
1497 4335 1535 4400 καί

249 4471 305 4547 νύν,
329 4465 419 4538 σύδεὶς
441 4469 615 4548 προστρέχων
632 4465 676 4526 ἐπί
691 4465 764 4526 σοι.“
795 4464 998 4542 τελευτησάσης
1013 4465 1044 4525 δέ
1060 4485 1113 4542 μου
1127 4466 1172 4525 ίνα
1194 4464 1312 4544 λέγηται
1327 4468 1459 4547 τροπάρια
1474 4465 1534 4524 ἀνσ-

354 4724 405 4792 1)ἡ
427 4755 457 4763 -
476 4727 518 4790 τῆς
536 4725 728 4793 supplevimus.
