3194 5298
264 347 326 412 140

261 543 321 600 τότε
344 541 396 600 ἀνά
417 545 470 599 πᾶν
494 540 554 610 ἔτος
576 539 622 598 ἀπ’
636 537 722 596 αὐτῶν
747 535 968 615 εἰσπραττόμενοι,
993 535 1047 594 εἴτε
1070 535 1187 608 δημόσια
1209 535 1290 613 τυχόν
1307 534 1412 613 εἴησαν,
1436 535 1487 594 εἴτε
1501 533 1542 592 καί
1585 583 1586 590 ,

261 662 339 722 ἀλλα
361 661 507 736 οίαδήποτε
530 661 697 740 τελέοματα,
720 661 750 720 ού
773 660 826 734 μὴν
851 658 882 718 δὲ
906 657 983 718 οἰλλά
1004 655 1051 716 καί
1072 662 1161 716 πᾶσαν
1184 653 1276 732 ἀλλην
1301 657 1313 714 έ
1347 678 1430 734 ,ρειαν
1453 656 1503 715 εἴτε
1518 656 1543 713 έν

261 782 391 862 μιτάτοις,
415 782 470 842 εἴτε
493 784 521 841 έν
544 781 704 862 ἀγγαρείαις
726 777 806 863 κοιίῑ)
828 777 1055 859 παραγγορείαις,
1079 777 1134 838 εἴτε
1150 772 1203 862 [ἐν]
1218 774 1322 849 ἀλλοις
1338 776 1543 851 αἰτίαιςταῑςέν
1585 775 1586 832 3

261 906 357 984 ἐκείνῳ
373 905 609 983 ἀπαριθμημέναις
625 905 736 983 όρῶντσ,
756 900 853 960 τέλεον
870 901 902 960 έκ
916 901 1015 960 τούτων
1032 898 1182 973 ἀποσοβούν
1197 897 1243 958 καί
1259 899 1488 979 ἀποτρεπόμενον,
1502 899 1544 960 καί

260 1023 321 1104 εἶχε
344 1027 395 1102 μὲν
418 1027 523 1086 ἐκεῖθεν
545 1027 575 1084 τό
599 1023 707 1105 ἰσχυρόν
730 1022 776 1084 καὶ
798 1025 816 1100 ή
838 1021 937 1102 κρηπὶς
958 1022 1217 1102 προκαταβληθεῑσα
1238 1022 1309 1082 κατὰ
1328 1024 1359 1081 τ“ο
1380 1023 1490 1096 ἔννομον
1506 1023 1543 1081 ἐπ’

259 1149 398 1226 ἀσφαλοῦς
425 1142 499 1226 εἶχεν
528 1145 648 1206 ἐπιτεθέν
675 1146 742 1226 αἰντή
770 1143 818 1205 καί
844 1146 873 1204 τό
896 1142 1078 1220 οἰκοδόμημα.
1118 1141 1177 1204 ἐπεὶ
1200 1142 1231 1204 δὲ
1255 1144 1297 1204 δεῖ
1319 1143 1365 1204 καί
1387 1143 1425 1224 τῷ
1448 1145 1544 1224 στερρῷ
1585 1133 1586 1204 ί

260 1270 398 1342 πολλάκις
413 1274 458 1330 τού
474 1269 669 1348 ύπερείοοντος,
691 1269 735 1328 ἵνα
750 1269 813 1328 αύτδ
829 1269 923 1328 ἑαυτοῦ
939 1267 1147 1346 δυνοτικώτερον
1162 1267 1284 1347 γένηται,
1308 1265 1367 1346 (καὶ
1382 1269 1480 1347 τάφρον
1494 1271 1543 1347 γὰρ
1585 1293 1586 1330 ι

258 1397 314 1464 τοῖς
337 1393 453 1470 τείχεσιν
477 1391 561 1451 ἐνίοτε
583 1390 790 1470 περιβάλλσμεν
811 1388 858 1450 καί
879 1391 966 1468 τείχει
985 1388 1074 1468 διπλῷ
1089 1389 1137 1462 τἠν
1151 1389 1231 1449 πόλιν
1245 1390 1482 1470 περιζωννύομεν),
1504 1387 1545 1448 καί

258 1515 326 1594 πρδς
348 1513 487 1595 ἀκρίβειαν
510 1515 558 1574 οὐκ
580 1513 759 1594 ἀσυνάρτητον
781 1517 827 1573 τού
842 1509 1035 1596 γενομένουέ),
1057 1512 1288 1591 περιεοκεμμένον
1303 1534 1327 1572 τι
1342 1515 1419 1572 τούτο
1434 1512 1480 1572 καί
1495 1513 1544 1592 ἀγ-

257 1635 348 1715 χίνουν
378 1639 393 1696 ό
421 1639 567 1717 μάγιστρος
595 1635 754 1710 βουλεύεται
780 1631 826 1694 καί
853 1635 900 1710 τήν
927 1639 976 1710 τῆς
1002 1635 1139 1715 ἡμετέροις
1171 1633 1312 1708 βασιλείας
1342 1635 1481 1710 εύσέβειαν
1511 1633 1545 1704 εἰς
1585 1615 1586 1660 ί

261 1757 389 1836 ἐπίκρισιν
412 1757 510 1832 λαβεῖν
534 1758 766 1834 βουλευσάμενος·
789 1757 851 1839 ᾔδει
870 1759 933 1837 γάρ,
957 1758 996 1829 ὡς
1011 1759 1085 1834 μέγα
1099 1777 1123 1815 τι
1138 1755 1279 1836 χαρίζεται
1294 1757 1361 1834 πρός
1378 1755 1545 1837 ἰσχυροτέραν

260 1880 345 1961 ῥοπήν
368 1885 456 1958 ψῆφος
479 1879 608 1954 βασιλικὴ
630 1883 861 1961 προσεπικυρούσα
881 1880 912 1938 τδ
934 1879 1059 1958 γεγονός,
1083 1877 1130 1938 καί
1149 1878 1254 1958 γραφὴν
1269 1879 1345 1958 παρὰ
1358 1883 1435 1939 τοῦτο
1449 1883 1544 1958 χρυσό-

259 2002 379 2077 βσυλλον
402 1999 512 2084 ἐξαιτεῖ,
535 2003 583 2074 τὰς
596 2003 719 2080 έννόμως
733 2003 928 2083 περιελθσύοας
943 2002 1027 2080 τούτῳ
1044 2001 1187 2076 ἀκινήτους
1201 2003 1311 2076 κτήσεις
1326 2000 1545 2082 ἐπικρατύνσυοον

257 2123 304 2183 καί
325 2131 375 2200 τῆς
398 2125 558 2197 δεσποτείας
580 2126 663 2204 τούτῳ
686 2126 868 2204 χαριζομένην
890 2125 921 2183 τ“ο
945 2123 1129 2204 ἀστασίαστον,
1152 2125 1219 2204 πρός
1243 2123 1274 2182 δὲ
1296 2123 1343 2184 καί
1364 2123 1413 2198 τὴν
1434 2124 1545 2204 προδιτ-

257 2366 304 2428 καί
327 2368 436 2442 μᾶλλον
458 2369 545 2428 πλέον
567 2369 597 2428 τδ
620 2367 735 2446 εὔλογον
757 2369 776 2445 ή
799 2365 917 2446 ἀξίωσις,
944 2369 975 2427 τ“ο
997 2367 1068 2426 κατὰ
1091 2368 1191 2428 οκοπδν
1214 2367 1311 2448 εύρηκε
1334 2368 1544 2448 περατούμενον·
1585 2395 1586 2428 ι

257 2246 406 2325 ληφθεῖσαν
430 2244 601 2319 ἑξκουσσείαν
623 2248 765 2322 τιθεμένην
789 2246 947 2321 ἐνδύναμον.
975 2245 1022 2306 καί
1045 2243 1104 2305 ἐπεὶ
1127 2244 1203 2304 οὐδὲν
1228 2246 1330 2324 ἀλογον
1354 2240 1439 2324 εἶχεν,
1463 2244 1490 2304 εἰ
1511 2267 1544 2320 μη

1585 2355 1586 2392 ι

1585 2429 1586 2462 ί

257 2488 374 2560 θεσπίζει
396 2489 450 2568 γάρ
472 2488 519 2550 καὶ
540 2491 559 2564 ή
581 2490 739 2568 γαληνότης
760 2493 806 2550 τού
828 2493 944 2569 κράτους
962 2491 1040 2564 ήμῶν
1057 2489 1103 2549 διά
1117 2493 1162 2549 τού
1176 2492 1309 2569 παρόντος
1324 2490 1408 2564 ούπής
1423 2488 1544 2561 εὐσεβοῦς

256 2609 463 2691 χρυσοβούλλου
493 2613 589 2692 λόγου,
620 2611 655 2670 τά
676 2610 738 2692 περὶ
764 2612 812 2687 τὴν
836 2609 948 2692 Θρᾴκην
971 2609 1019 2671 καί
1040 2611 1088 2686 τὴν
1111 2610 1286 2671 Μακεδονίαν
1308 2611 1489 2690 περιελθόντα
1509 2609 1544 2687 τῷ

257 2731 398 2814 μαγίοτρῳ
422 2730 453 2806 ἐξ
473 2734 596 2812 εἰνλόγων
616 2733 714 2794 τίτλων
735 2728 849 2809 ἀκίνητα
864 2732 1041 2808 ὁπωσδήποτε
1056 2733 1127 2792 κατά
1140 2734 1171 2792 τό
1188 2733 1361 2793 ἀστασίαστον
1376 2731 1423 2793 καί
1438 2733 1543 2810 ἄμαχον

256 2855 341 2934 τούτῳ
362 2859 501 2934 προσεῖναι
524 2855 592 2916 αἰντά
610 2853 657 2916 καὶ
673 2859 711 2931 μή
727 2877 785 2914 τινα
802 2855 969 2936 έπηρεοιστήν
985 2853 1032 2914 καί
1047 2857 1179 2914 κακόνουν
1196 2854 1241 2914 ἐπὶ
1254 2858 1339 2915 ταῦτα
1353 2853 1542 2934 εἰσδύνεσθαιί)

256 2975 303 3037 καὶ
331 2979 349 3051 ή
374 2977 451 3037 αύτδν
473 2979 519 3038 τδν
541 2980 687 3056 μάγιστρον
710 2976 756 3036 καί
778 2979 809 3036 τδ
833 2978 903 3037 ἅπαν
927 2979 1011 3058 μέρος
1034 2978 1123 3056 οάτού,
1153 2977 1342 3057 κληρονόμους
1363 2997 1393 3037 τε
1415 2975 1462 3037 καὶ
1485 2977 1541 3036 δια-

257 3099 356 3177 δόχους
382 3097 429 3158 καί
450 3100 592 3172 παντοίους
615 3099 795 3177 διακατόχους
818 3098 913 3177 δχλεῑν
936 3096 982 3158 καὶ
1003 3099 1034 3158 τό
1056 3104 1106 3174 τῆς
1128 3097 1286 3167 δεσποτείας
1309 3098 1421 3173 ἔννομον
1445 3098 1542 3158 δίκαιον
1585 3081 1586 3148 ί

256 3223 445 3300 συνταράσσειν
468 3221 549 3302 αύτῷ,
582 3221 625 3280 ἐπί
647 3241 677 3280 τε
698 3222 755 3293 τοῖς
776 3221 963 3300 περιελθούσιν
986 3219 1058 3301 αύτῷ
1081 3220 1133 3280 ἀπό
1157 3208 1331 3296 δημοσιάκιύν
1353 3222 1479 3301 πράσεων
1500 3217 1541 3280 καί

256 3341 407 3417 βασιλικῶν
435 3343 555 3422 δωρεῶν,
587 3342 631 3402 έπί
656 3363 686 3402 τε
712 3345 769 3414 τοῖς
792 3339 822 3415 ἐξ
850 3341 991 3402 ἰδιωτικῶν
1018 3343 1255 3421 συναλλαγμάτων
1277 3345 1353 3424 καλή
1376 3340 1462 3402 πίστει
1484 3343 1540 3402 ἑπι-
1585 3373 1586 3422 3

256 3465 375 3539 κτηθεῖοι
396 3465 481 3544 τούτῳ
502 3463 550 3524 καί
572 3467 701 3545 προφάσει
724 3463 874 3544 ύπερτίμων
897 3467 915 3539 ἢ
938 3469 1106 3544 καινοφανῶν
1123 3465 1222 3544 ἑτέρων
1239 3459 1405 3544 εἰσπράξεων
1419 3468 1439 3540 ή
1455 3465 1540 3543 όχλή-
1585 3439 1586 3466 ³

256 3609 325 3647 σεων
348 3587 477 3648 διακυκάν
500 3589 580 3648 αύτδν
602 3587 650 3648 καί
671 3590 701 3648 τό
724 3590 807 3668 μέρος
831 3589 910 3648 αὺτοῦ
932 3587 978 3648 καί
1002 3583 1110 3664 ζημίαις
1132 3587 1184 3648 τισί
1206 3587 1388 3669 περιβάλλειν
1407 3587 1454 3648 καί
1468 3607 1539 3666 περι·
1585 3643 1586 3678 3

256 3709 382 3788 αλγύνειν
411 3710 444 3770 τὰ
470 3713 531 3770 κατ’
544 3711 635 3769 αὐτόν·
670 3713 762 3792 πόρρω
784 3712 837 3791 γὰρ
867 3711 945 3771 τοῦδε
972 3711 1019 3771 καὶ
1041 3719 1094 3770 τῶν
1117 3711 1296 3790 διαφερόντων
1319 3711 1453 3785 ἀκινήτων
1476 3706 1540 3784 αύτῷ
1585 3775 1586 3778 ¹

256 3831 432 3911 ἀποτρεχέτω
461 3836 537 3892 πάσα
563 3831 670 3908 τοιαύτη
699 3831 745 3892 καί
768 3831 872 3893 ἀλλοία
903 3833 1017 3914 έπήρεια
1048 3831 1095 3893 καί
1117 3839 1171 3905 τοῖς
1193 3828 1288 3904 οἰδικος
1310 3829 1357 3892 καί
1378 3833 1540 3904 πλεονέκτης
1585 3853 1586 3904 j

256 3953 290 4013 ἐκ
314 3953 413 4012 τούτων
441 3953 642 4030 ἀπεληλάσθω·
682 3953 810 4030 βούλεται
832 3953 886 4034 γὰρ
908 3956 926 4030 ἡ
951 3953 1064 4030 εύσεβὴς
1086 3955 1166 4030 ἡμῶν
1189 3953 1317 4029 βασιλεία
1339 3951 1449 4032 ἄμαχον
1472 3955 1539 4030 ἔχειν

255 4075 333 4135 αύτύν
362 4077 410 4151 τήν
440 4076 551 4152 ἔννομον
581 4077 738 4136 δεσποτείαν
767 4074 814 4136 καί
844 4077 1007 4154 ἀσυζήτητον
1030 4075 1077 4137 κοιί
1099 4075 1270 4156 ἀνέγκλητον
1294 4077 1327 4136 ἐκ
1347 4077 1438 4152 πάσης
1460 4072 1539 4142 αἰτίας

254 4195 301 4256 καὶ
322 4199 419 4277 τρόπου
442 4196 489 4258 καὶ
511 4197 635 4279 ἀφορμῆς
656 4197 703 4259 καὶ
724 4199 832 4280 προσέτι
854 4197 901 4258 καί
922 4201 1012 4275 πάσης
1035 4199 1164 4279 ἐπηρείας
1187 4199 1348 4278 ἀμέθεκτον,
1379 4197 1470 4269 καθὼς
1493 4199 1538 4276 ἀρα

254 4324 330 4379 τούτο
358 4319 405 4380 καί
431 4322 448 4396 ἡ
475 4323 681 4402 πρατοριοθεῖσα
704 4318 742 4399 τῷ
765 4320 905 4400 μαγίοτριρ
926 4319 1134 4401 χρυσόβουλλος
1156 4321 1245 4402 γραφὴ
1270 4320 1373 4397 δίδωσι,
1403 4323 1437 4397 ήν
1459 4317 1537 4390 καίή

254 4443 412 4520 γαληνότης
441 4447 486 4502 τού
508 4446 623 4524 κράτους
645 4445 723 4519 ἡμῶν
748 4439 930 4522 έπισφραγίζει
952 4441 998 4501 καὶ
1022 4441 1143 4522 έπικυροί
1164 4441 1210 4502 καὶ
1234 4441 1408 4525 ἰσχυροτέραν
1431 4441 1474 4501 διά
1494 4445 1536 4513 τῆς

360 4703 380 4768 ¹)
398 4703 413 4766 ἢ
433 4705 459 4754 S.
531 4703 552 4768 ²)
571 4698 597 4752 τί
619 4701 746 4772 γενόμενον
769 4705 827 4754 cod.
846 4711 873 4754 et
891 4703 917 4754 S.
989 4704 1010 4769 ³)
1030 4700 1166 4753 εἰσδύεσθαι
1184 4705 1242 4754 8.”’
