3194 5298
1261 385 1320 450 157

34 583 107 654 λόγον
117 580 139 663 ¹)
171 578 329 661 βιῶσεωςῖ)
361 577 408 639 καὶ
437 583 595 654 σωματικῆς
627 577 807 650 δοιπανήσεως
841 576 889 636 καί
922 578 1180 658 προσταλαιπωρίας
1215 576 1323 653 ἀπάσης

36 703 186 778 ἀνηθληνῶς
215 701 263 762 καὶ
290 703 394 782 σφόδρα
417 701 616 778 ἑκτετηγμένσς
625 697 650 782 ³)
677 700 707 758 σύ
730 699 768 778 τῷ
790 702 864 782 γήρᾳ
887 699 998 774 μᾶλλον
1020 702 1038 774 ἢ
1060 702 1117 772 τοῖς
1138 720 1172 776 γε
1195 701 1322 772 τοιούτοις

34 827 121 900 τόνοις,
146 825 186 884 ἔτι
211 827 375 900 θαυμαστῶς
398 823 511 898 ἐμμένει
533 821 580 880 καί
603 822 776 901 διακαρτερεῖ
796 823 845 896 τὴν
862 819 892 895 ἐξ
908 823 996 902 ἀρχῆς
1012 821 1111 897 ἀκλινῆ
1127 817 1250 902 γνώμην,
1276 821 1323 882 καί

34 949 111 1025 ῶσπερ
133 953 180 1005 νῦν
206 946 317 1022 μᾶλλον
342 947 519 1023 ἐπειγόμενος
541 943 588 1005 καὶ
611 942 767 1014 σπουδάζων
791 944 879 1018 δῆλός
902 943 980 1022 ἐστιν,
1005 944 1071 1004 ἀλλ’
1085 946 1135 1022 ούχ
1158 945 1196 1016 ῶς
1218 945 1251 1003 ἀν
1266 942 1321 1018 ἤδη

34 1073 129 1128 τοσοῦτο
160 1067 314 1149 προλαβὼν
342 1066 389 1127 καί
416 1065 585 1150 καταστάςί)
615 1067 667 1142 ἤδη
690 1087 749 1138 πως
772 1067 903 1146 ἀσφαλῶς
911 1065 936 1149 ⁵)
961 1068 990 1127 ἐν
1013 1069 1104 1142 λιμένι
1126 1066 1173 1126 καί
1194 1067 1320 1148 γαλήνη·

36 1192 121 1264 ἀμέλει
152 1190 203 1250 καὶ
231 1197 282 1266 τῆς
308 1189 369 1270 περὶ
396 1192 427 1248 τδ
450 1191 552 1269 ἀγαθόν
575 1190 706 1266 τοσαύτης
730 1187 816 1262 ἕξεως
839 1189 885 1250 καὶ
908 1188 1010 1269 σρόδρα
1031 1190 1074 1248 ὑπ’
1087 1189 1194 1269 ἀμφοῖν,
1223 1193 1270 1248 τού
1292 1209 1322 1248 τε

35 1315 177 1388 τανσέμνου
205 1312 283 1373 τοῦδε
311 1315 414 1393 γηρως,
445 1314 484 1384 ὡς
508 1310 620 1392 εἴρηται,
647 1311 694 1370 καί
716 1318 770 1371 τῶν
792 1313 925 1372 τοσούτων
947 1313 1078 1386 καμάτων
1101 1309 1148 1370 καί
1170 1311 1322 1388 ἀσκητικῶν

36 1435 143 1514 ἱδρώτων
165 1437 198 1496 τδ
221 1441 301 1510 σῶμα
324 1437 596 1513 κατακαμπτόμενσς,
626 1436 675 1493 ούκ
697 1433 781 1493 ἔπειθ’
795 1435 871 1508 ὅμως
893 1436 1045 1508 κάμπτεται
1053 1432 1077 1514 ⁰)
1099 1434 1148 1508 τὴν
1170 1431 1323 1509 καλλίστην

36 1557 121 1632 ταύτην
147 1561 274 1636 γνώμην,
298 1556 362 1616 ούδὲ
384 1557 465 1639 χαλᾷ
486 1557 558 1616 κατὰ
580 1557 669 1638 βραχύ
691 1555 738 1616 καί
760 1563 813 1616 τῶν
836 1558 919 1616 τόνων
943 1558 992 1617 ούκ
1014 1555 1163 1636 ἐνδίδωσιν,
1194 1555 1258 1616 σύδέ
1280 1577 1322 1616 νι-

37 1685 105 1738 κᾶται
131 1683 163 1740 τδ
194 1682 328 1760 φρόνημα,
363 1675 441 1739 ἀλλά
470 1681 500 1739 τδ
531 1681 581 1754 μὲν
605 1685 684 1754 σῶμα
706 1681 817 1755 ἥττηται
839 1679 905 1759 ἤδη,
939 1679 987 1740 καί
1014 1686 1086 1738 νῶτα
1110 1677 1204 1739 δίδωσί
1224 1699 1254 1738 τε
1277 1677 1324 1738 καί

37 1803 151 1879 τρέπεται
182 1802 226 1862 ἐπὶ
256 1803 389 1862 τοσούτων
419 1808 473 1862 τῶν
502 1803 698 1882 προλαβόντων
728 1799 775 1860 καὶ
801 1803 891 1861 πόνων
920 1799 966 1861 καί
997 1805 1113 1882 χρόνων,
1148 1803 1163 1861 ό
1189 1799 1324 1880 λογισμός

40 1922 63 1980 δὲ
91 1924 222 1999 ἀήττητος
252 1925 333 2003 κόρον
364 1925 413 1983 ούκ
443 1924 517 2001 ἔχειν
548 1922 655 1983 ούδέπω
684 1929 738 1982 τῶν
768 1922 864 1982 καλῶν
895 1921 974 2002 ἀξιοῖ,
1009 1916 1053 1983 σία
1082 1925 1116 1998 δὴ
1145 1922 1189 1982 ἐπὶ
1215 1921 1324 1982 πάντων

38 2043 157 2126 γίγνεται,
191 2045 239 2106 καί
267 2049 349 2122 μόνον
375 2035 421 2105 τάν
450 2043 494 2106 ἐπὶ
519 2045 622 2117 τούτοις
651 2045 711 2125 ἔρον
738 2045 910 2121 ἀδαπάνητόν
938 2067 968 2106 τε
990 2045 1037 2106 καί
1060 2049 1228 2108 παντάπασιν
1251 2046 1323 2106 ἀκά-

41 2171 112 2238 ματόν
137 2190 168 2228 τε
195 2167 243 2229 καί
270 2170 461 2250 ἀνεπίστρσρον
489 2167 573 2228 οίεται
602 2168 658 2228 δεῖν
686 2163 765 2229 είναι.
807 2169 880 2228 ταῦτ’
896 2169 949 2248 ἀρα
975 2165 1022 2228 καί
1048 2170 1178 2245 τοσαύτην
1205 2167 1252 2228 καί
1279 2166 1324 2228 ἐπὶ

42 2291 160 2364 τοσούτοις
190 2293 244 2366 ἤδη
275 2295 332 2364 τοῖς
361 2292 432 2352 ἔτεσι
463 2289 671 2366 συλλεξάμενος
692 2291 741 2367 τὴν
763 2293 956 2373 πνευματικήν,
991 2293 1030 2363 ύς
1053 2292 1128 2372 έρην,
1159 2293 1324 2354 κατάστασιν

43 2411 80 2470 καί
102 2415 276 2494 προειληφὼς
302 2415 371 2475 ούτω
397 2417 466 2475 πάῖυ
492 2435 532 2475 τοι
558 2417 650 2495 πόρρω
677 2413 724 2474 καί
751 2417 943 2494 καταπεράνας
970 2411 1000 2472 εύ
1031 2414 1109 2489 μάλα
1134 2413 1325 2494 τελεσιουργόν

45 2540 79 2593 τοῦ
106 2535 161 2609 βίου
190 2539 240 2612 τὴν
267 2537 395 2618 πρόθεσιν
424 2537 557 2616 ἀσραλῶς
584 2557 615 2595 τε
641 2535 688 2596 καὶ
717 2543 844 2616 γενικῶς,
875 2539 913 2608 ῶς
939 2535 986 2596 καὶ
1014 2541 1059 2597 τού
1087 2537 1146 2612 βίου
1172 2537 1250 2598 τσῖδε
1278 2536 1326 2597 καὶ

45 2663 83 2730 τίς
108 2661 214 2736 θιθηλῆς
244 2657 355 2736 ταυτησί
384 2657 509 2730 παιδείας
539 2658 716 2739 παράδειγμα
745 2657 791 2718 καί
818 2659 899 2730 τύπος
931 2660 1053 2737 ἔμψυχος
1083 2661 1251 2740 περιπολεῖν,
1286 2663 1325 2734 ὡς

46 2777 142 2854 ἀληθῶς
168 2782 199 2842 δὲ
227 2781 274 2842 καί
297 2777 367 2842 είναι
388 2781 435 2842 καί
456 2785 513 2854 τοῖς
534 2783 652 2853 πολλοῖς
675 2782 836 2860 ύπειλῆρθαι
859 2783 908 2842 ούκ
930 2783 1024 2865 ἀγαπᾷ
1047 2787 1093 2841 τού
1115 2784 1221 2845 λοιποῦ.
1256 2784 1271 2841 ό
1294 2783 1325 2842 δὲ

46 2899 80 2958 διὰ
98 2907 193 2977 παντός
217 2905 246 2964 ἐν
269 2907 326 2978 τοῖς
349 2906 439 2977 αὐτοῖς
462 2906 531 2984 ἔχει,
555 2903 602 2964 καί
625 2906 715 2983 ῶσπερ
739 2904 764 2962 οἱ
784 2903 897 2976 πλείους
919 2903 966 2963 καί
989 2905 1114 2978 βελτίους
1137 2904 1187 2978 μὲν
1210 2901 1255 2964 σύν
1270 2909 1325 2964 τῶν

48 3019 168 3108 εἰσαγωγῇ
189 3029 345 3108 χρωμένων
367 3031 411 3086 νύν
435 3021 503 3086 εἷναι
526 3027 560 3100 δὴ
584 3025 630 3086 καί
652 3027 720 3104 χθὲς
742 3024 789 3085 καὶ
811 3029 938 3107 πρότριτα
947 3024 970 3108 ⁷)
994 3025 1041 3086 καί
1065 3029 1143 3098 αύτδς
1166 3025 1210 3086 ἀεί
1231 3047 1324 3108 παρα-

48 3150 197 3230 σκευάζεται,
226 3149 273 3210 καὶ
301 3151 389 3210 ἔοικεν
412 3153 503 3227 ῶσπερ
526 3149 720 3228 ἀγωνιζομένῳ
742 3147 789 3208 καὶ
812 3147 911 3208 δεδιότι
933 3146 981 3208 καὶ
1002 3147 1216 3231 προσδραμεῖνῦ)
1240 3170 1325 3210 σπου-

50 3264 146 3352 ἶίζοντι,
166 3273 444 3351 κατα-γυμναζόμενος
465 3273 511 3332 τόν
534 3273 640 3331 ἅπαντα
661 3273 759 3352 χρόνον
781 3270 828 3331 καὶ
848 3271 1026 3352 κατατρύχων
1043 3271 1189 3352 ἀπέραντα,
1212 3275 1325 3349 κάμνων

50 3391 72 3446 τό
96 3401 169 3470 σῶμα
195 3397 288 3468 πόνοις
311 3395 463 3467 ἀνενδύτσις
486 3395 598 3466 ἀσιτίαις
621 3393 719 3453 τεκαὶ
742 3390 900 3475 ἀγρυπνίαις
921 3393 968 3453 καὶ
991 3396 1101 3454 στάσεσι
1124 3396 1256 3466 συντόνοις
1278 3393 1325 3455 καί

51 3507 88 3570 τίνι
106 3523 154 3576 τῶν
181 3517 340 3593 εἰθισμένων
363 3517 410 3578 καὶ
432 3518 590 3578 καλλίστων
613 3517 728 3596 ἀγώνων
752 3516 796 3598 σύ,
825 3515 872 3576 καί
894 3517 1017 3592 νομίμως
1026 3519 1060 3599 9),
1091 3517 1202 3594 μᾶλλον
1226 3518 1257 3578 δὲ
1280 3518 1326 3578 καὶ

53 3633 120 3695 πλέον
140 3643 157 3714 ἢ
177 3643 249 3712 τέως
272 3639 409 3715 νομίζεται
430 3643 487 3712 τοῖς
509 3642 606 3712 καλῶς
628 3641 777 3721 ἠργμένοις
799 3639 847 3700 καὶ
869 3638 932 3722 περὶ
953 3643 999 3702 τδν
1021 3642 1202 3716 πνευματικόν
1226 3640 1327 3721 δρόμον

55 3754 194 3831 ίθιιάζσυσιν
217 3764 297 3834 αύτδς
321 3763 359 3822 ἔτι
381 3783 424 3821 πω
446 3761 493 3822 καί
516 3767 560 3822 νύν
584 3763 627 3822 ἐπὶ
651 3765 781 3823 τοσούτων
797 3770 850 3824 τῶν
868 3764 935 3824 ἐτῶν
951 3763 1187 3839 κατατεινόμενος.
1210 3762 1327 3840 καὶμὴν

55 3878 88 3937 ἰοί
109 3881 196 3945 τάλλα
218 3885 290 3944 κατὰ
311 3887 341 3944 τ“ο
364 3883 431 3962 ἦθος
454 3888 560 3946 ἅπαντα
582 3890 628 3945 τοῦ
650 3886 799 3963 θαυμασίου
821 3886 899 3946 τούδε
922 3887 1051 3962 ποιμένος
1074 3887 1208 3964 ἀναλογεῖ
1228 3906 1259 3944 τε
1281 3884 1328 3945 καί

57 4005 170 4076 τιμβαίνει
191 4009 260 4088 πρὸς
282 4009 364 4067 ταῦτά
387 4007 478 4067 τεκαὶ
497 4011 564 4088 πρός
582 4009 708 4088 ἄλληλα,
731 4004 786 4068 οἷον
801 4010 819 4083 ἡ
836 4015 884 4084 τῆς
901 4009 1010 4086 ἀγάπης
1025 4011 1092 4089 πρδς
1108 4010 1228 4080 ἅπαντας
1244 4009 1326 4067 ἐλευ-

57 4121 163 4210 θεριότης,
185 4132 216 4191 τδ
239 4131 374 4210 ἀόργητον
393 4131 540 4205 θαυμάσιον
560 4122 626 4210 οἷον,
650 4131 681 4190 τδ
696 4131 842 4211 ριλοικτον,
866 4132 883 4204 ἡ
899 4136 948 4205 τῆς
964 4134 1054 4208 ψυχῆς
1069 4129 1189 4210 γαλήνη,
1212 4131 1243 4189 τό
1258 4115 1327 4204 μιίγτε

58 4241 174 4324 λογιηοοῖς
196 4255 267 4328 μήτε
290 4254 387 4330 λόγοις
410 4255 474 4326 μήτ’
483 4252 584 4311 οἴεσθαι
608 4256 678 4328 μήτε
701 4253 794 4331 λέγειν
817 4251 879 4333 περὶ
901 4254 986 4312 ότιούν
1002 4253 1122 4333 ρλαύρον
1138 4252 1227 4325 ούδέν,
1250 4252 1328 4312 ἀλλὰ

59 4367 103 4446 ῑῑρί
120 4377 219 4435 πάντων
243 4373 289 4434 καί
313 4375 459 4446 βούλεσθαι
480 4373 527 4434 καὶ
552 4375 642 4435 δοκεῖν
665 4375 711 4435 καί
734 4375 828 4454 λέγειν
851 4377 929 4436 πάντ’
942 4375 1043 4455 ἀγαθά,
1068 4375 1101 4434 έκ
1123 4381 1175 4433 τῶν
1192 4373 1260 4434 οἴκοι
1275 4376 1328 4450 θη-

140 4561 296 4632 1)κατάτθν
315 4559 336 4616 θ’.
354 4563 378 4615 λ.
398 4565 495 4615 denunt
513 4567 544 4616 R.
564 4567 591 4616 Z.
665 4567 685 4631 ²)
705 4564 784 4632 βιαίας
803 4567 833 4617 B.
906 4565 926 4634 ί)
946 4583 1011 4632 σωμ.
1025 4565 1080 4617 δαπ.
1099 4565 1138 4615 καὶ
1158 4558 1217 4632 πρὸς
1236 4561 1328 4614 ἅπαντα

62 4653 112 4708 &m
131 4663 167 4712 καὶ
189 4661 281 4732 μόχθον
305 4661 399 4730 σφόδρα
422 4663 450 4712 Ζ.
475 4659 514 4710 καί
532 4657 591 4729 πρδς
620 4661 658 4711 καὶ
676 4664 707 4714 R.
780 4665 801 4729 ί)
819 4665 967 4724 καταστῆναι
984 4663 1013 4712 Z.
1033 4663 1064 4712 R.
1136 4663 1157 4728 ⁵)
1177 4659 1284 4727 ἀσφαλεῖ
1299 4661 1327 4710 Ζ.

63 4745 189 4822 ‘mmm
207 4761 235 4809 z.
309 4761 328 4825 ν)
346 4755 392 4828 πρὸ
410 4755 490 4827 τρίτης
509 4757 541 4808 R.
612 4757 633 4824 ν)
650 4757 737 4826 uma.
756 4759 787 4808 R.
807 4759 835 4808 z,
854 4759 884 4809 B.
956 4753 975 4826 ν)
994 4757 1106 4826 νομιρων
1125 4757 1165 4806 Pl.
1185 4757 1214 4806 Β.
