3486 5282
326 258 403 375 216!

326 506 528 585 ἀναγκαιοτάτη
555 507 741 581 καθέστηκεν·
772 508 825 566 ὅσα
849 505 904 586 γάρ
932 511 1069 566 συνιστῶσι
1094 507 1144 582 τήν
1171 507 1311 580 εύσέβειαν
1337 505 1383 566 καί
1409 507 1457 583 τὴν
1485 512 1545 567 τοῦ
1595 509 1649 572 θεν

326 627 449 708 καθαρὰν
475 627 605 708 λατρείαν
632 627 861 710 χαρακιηριῖουσι
886 627 933 688 καὶ
958 634 1047 689 πᾶσαν
1076 629 1175 709 ἀρετὴν
1197 627 1244 690 καὶ
1266 628 1431 708 θεογνωσίαν
1454 629 1521 701 τούς
1553 645 1649 704 μυστ

328 751 426 825 μένους
449 747 635 810 ἐκδιδάσκουσι
657 749 704 810 καὶ
726 751 774 826 τὴν
796 756 850 810 τῶν
872 755 966 829 ψυχῶν
989 751 1123 832 σωτηρίαν
1146 751 1375 832 ἐπιβραβεύουσιν,
1399 751 1428 810 ἐν
1447 752 1579 822 τούτοις
1603 749 1649 810 τά

328 870 411 952 ἱεροῖς
441 873 599 948 σκηνώμασι
631 871 824 952 διενεργεῑσθαι
854 872 992 952 ὀφείλουσι
1014 871 1061 933 καὶ
1091 873 1335 954 διεκπεραιούσθαι·
1366 874 1448 954 ταύτῃ
1470 894 1517 932 τοι
1547 871 1622 932 καὶ
1647 873 1649 938 ί

328 994 427 1054 τούτων
456 992 573 1071 διαδοχὴ
596 991 642 1053 καί
666 997 823 1072 συντήρησις
846 995 932 1066 ζέοντι
953 995 1028 1074 πόθῳ
1051 995 1185 1074 φιλοθέως
1208 995 1340 1055 ἀνέκαθεν
1364 995 1564 1066 ἐσπουδάζετο
1601 995 1649 1062 τοί

328 1116 520 1194 εύαγγελικώς
539 1115 754 1196 ’προϊσταμένοις
782 1120 828 1175 τού
850 1113 995 1196 όρθοδόξου
1018 1117 1098 1197 λαού,
1125 1115 1172 1177 καὶ
1194 1119 1212 1192 ἡ
1235 1115 1334 1177 τούτων
1357 1117 1481 1188 σύντονος
1506 1117 1649 1195 μὲριμνί

328 1237 375 1298 καὶ
405 1236 510 1316 φροντὶς
532 1239 562 1298 ού
593 1237 701 1297 διέλιπέ
722 1259 788 1298 τοτε
811 1237 1002 1319 ἀπαραιτήτως
1025 1238 1220 1320 ἐνεργουμένη·
1250 1236 1298 1298 καὶ
1319 1239 1372 1318 γάρ
1395 1239 1571 1319 ἀπρονόητα
1607 1239 1649 1298 ἐκ

330 1359 514 1435 απομείναντα
544 1359 591 1419 καὶ
618 1366 667 1435 τής
694 1361 882 1440 προσηκούσης
903 1360 1071 1436 κηδεμονίας
1094 1361 1262 1444 ἐττερημένα
1286 1359 1325 1434 εἰς
1346 1361 1446 1440 φθορὰν
1466 1361 1649 1442 παρεκτρέί

329 1503 408 1542 πεται
430 1486 478 1542 καί
499 1482 570 1542 κατὰ
593 1482 687 1564 μικρόν
711 1480 826 1560 ἐξίτηλα
846 1481 949 1560 γίνεται
971 1483 1018 1544 καὶ
1039 1482 1078 1562 τῷ
1093 1490 1146 1543 τῶν
1162 1481 1314 1564 όρθοδόξων
1328 1484 1493 1564 πληρώματι
1510 1487 1649 1562 μεγάλη

331 1604 424 1681 βλάβη
455 1603 501 1664 καὶ
532 1603 616 1680 ζημία
644 1604 841 1684 προστρίβεται.
877 1605 917 1665 διδ
946 1604 993 1666 καὶ
1022 1607 1039 1681 ἡ
1072 1609 1214 1686 μετριότης
1235 1607 1324 1688 ἡμῶν,
1347 1606 1418 1665 κατὰ
1440 1605 1517 1665 θείαν
1545 1611 1649 1676 νεῦσιν

330 1727 392 1799 τούς
421 1727 616 1802 πνευματικοίνς
646 1725 743 1800 οἴακας
773 1731 819 1787 τού
848 1727 996 1806 παγκοίνου
1027 1731 1143 1807 σκάφους
1168 1728 1404 1809 έγκεχειρισμένη,
1433 1731 1464 1788 ού
1488 1727 1649 1788 διαλείπει

331 1849 517 1928 ἀποδέχεσθαι
548 1850 669 1925 εύμενῶς
697 1849 746 1922 τάς
776 1851 912 1929 θεοφιλεῖς
942 1848 1062 1924 αἰτήσεις
1090 1850 1141 1922 τάς
1171 1851 1237 1931 ύπέρ
1259 1856 1313 1910 τῶν
1336 1851 1414 1930 ἱερῶν
1436 1847 1649 1926 σκηνωμάτων

330 1973 477 2050 γινομένας
501 1969 545 2030 ἐπὶ
566 1970 606 2050 τῷ
628 1970 875 2050 κατασφαλίζεσθαι
899 1973 979 2044 αύτάς
1002 1971 1048 2032 καὶ
1072 1973 1257 2052 ἐπικυροῦσθαι
1280 1970 1321 2045 είς
1343 1971 1475 2048 διαμονὴν
1498 1971 1551 2032 καὶ
1573 1993 1649 2032 συν-ι

330 2095 440 2173 τήρησιν
470 2099 523 2152 τῶν
551 2093 631 2173 ἱερῶν
659 2093 857 2173 καταγωγίων·
887 2093 934 2154 καὶ
956 2094 1010 2174 γὰρ
1032 2094 1233 2175 προσεκομίσθη
1255 2097 1320 2170 ἡμῖν
1342 2092 1389 2156 καὶ
1410 2097 1485 2176 πάση
1508 2099 1546 2175 τῇ
1574 2091 1647 2172 περὶ

331 2218 405 2292 ἡμᾶς
435 2216 598 2293 ἀδελφότητι
627 2214 675 2274 καί
704 2215 771 2297 ἁγίᾳ
800 2215 903 2296 συνόδῳ
930 2218 960 2276 ἓν
985 2218 1181 2298 πατριαρχικδν
1208 2215 1255 2277 καὶ
1282 2216 1421 2278 συνοδικύν
1447 2217 1645 2294 σιγιλλιῶδες

332 2340 459 2419 γράμμα,
485 2338 597 2398 ἐκδοθὲν
621 2335 664 2398 ἐπὶ
687 2341 732 2397 τού
753 2340 925 2418 προκατόχου
947 2340 1026 2415 ήμῶν
1045 2339 1117 2398 κατὰ
1131 2341 1161 2399 τό
1175 2339 1369 2420 παρεληλυθός
1382 2339 1523 2416 χιλιοστὸν
1540 2341 1642 2398 ἐπτοι-

333 2462 471 2521 κσσιοστδν
494 2460 678 2540 όγδσηκσστύν
702 2462 780 2521 ἕκτον
802 2464 933 2542 σωτήριον
957 2462 1027 2542 ἔτος,
1049 2462 1120 2522 κατὰ
1141 2468 1215 2538 μῆνα
1230 2460 1340 2540 ἰούλιον,
1365 2462 1566 2537 ἐπινειμήσεως
1584 2483 1637 2521 τε-

333 2585 442 2663 τάρτης,
465 2585 603 2664 περιέχον,
631 2585 670 2643 ότι
692 2584 722 2642 τό
743 2583 814 2643 κατὰ
836 2584 884 2660 τὴν
909 2584 1042 2664 ἐπαρχίαν
1065 2584 1247 2660 Χαλκηδόνος
1272 2585 1300 2644 ἐν
1322 2589 1355 2667 τῇ
1378 2587 1450 2664 νήσῳ
1474 2585 1635 2663 Ἀντιγόνου

333 2705 459 2780 κείμενον
486 2704 558 2784 ίερδν
580 2701 627 2764 καὶ
650 2702 798 2780 σεβάσμιον
822 2707 1010 2786 μοναστήριον,
1040 2708 1194 2782 τιμώμενον
1219 2707 1262 2766 ἐπ’
1275 2707 1387 2782 δνόματι
1408 2709 1454 2766 τού
1477 2707 1556 2784 άγίον
1582 2707 1635 2765 ἐν-

334 2824 413 2899 δόξου
430 2825 676 2908 μεγαλομοίρτυρος
687 2827 833 2908 Γεωργίου,
849 2826 875 2888 οἱ
888 2830 1019 2908 χρήσιμοι
1035 2829 1199 2910 μαγίστορες
1212 2832 1259 2888 τού
1275 2828 1410 2909 βουφετίου
1424 2834 1478 2888 τῶν
1489 2830 1631 2903 καπήλων

332 2955 385 3009 τῶν
416 2948 599 3009 δουλευόντων
630 2947 659 3007 ἐν
684 2953 718 3030 τῇ
747 2948 926 3033 βασιλευούσῃ
957 2955 1011 3010 τῶν
1037 2948 1147 3011 πόλεων
1174 2945 1245 3010 κατά
1271 2951 1301 3010 τό
1332 2952 1480 3030 Φαννίριον,
1513 2949 1627 3026 δηλαδὴ

333 3073 480 3149 Τζσυπαλῆ
496 3069 542 3132 καὶ
556 3071 674 3132 Παλατᾶ
688 3070 735 3132 καὶ
746 3072 969 3133 Κοντοσκάλλισν
985 3070 1031 3132 καὶ
1045 3073 1232 3150 ’Υψωμαθεῖα
1254 3073 1325 3134 θεῖον
1342 3073 1426 3148 ζῆλον
1439 3072 1628 3147 ἀναλαβόντες

333 3198 539 3276 περιποιήσανισ
563 3197 626 3254 αύτδ
648 3193 694 3254 καὶ
717 3193 766 3254 ούκ
789 3193 898 3274 δλίγους
921 3195 1031 3274 ἀγῶνας
1054 3195 1210 3270 κατέβαλον
1234 3193 1273 3268 είς
1293 3195 1438 3272 ἀνάκτησιν
1455 3196 1543 3256 αύτού.
1577 3201 1624 3254 τού

334 3317 365 3379 δέ
388 3322 488 3378 σκοποῦ
511 3319 596 3377 αύτῶν
621 3318 658 3394 μὴ
682 3315 721 3387 είς
744 3317 855 3392 ἔκβασιν
879 3317 1007 3388 ἐλθόντος
1025 3317 1160 3399 ᾐτήσαντο
1177 3317 1325 3397 ἐνθερμιῖνς,
1348 3322 1492 3377 συνενῶσαι
1508 3319 1569 3377 αύτδ
1584 3316 1621 3396 τῷ

334 3439 405 3500 κατὰ
430 3440 479 3515 τήν
502 3440 713 3518 Πελοπόννησον
740 3441 858 3519 κειμένῳ
886 3438 950 3520 ἱερῷ
972 3441 1098 3520 ἡμετέρην
1120 3437 1307 3520 πατριαρχικῷ
1329 3437 1376 3500 καὶ
1399 3439 1620 3520 σταυροπηγιακῷ

335 3561 505 3644 μσναστηρίῳ
529 3569 577 3638 τῆς
599 3560 749 3640 ύπεραγίας
772 3561 915 3638 δεσποίνης
936 3564 1015 3639 ἡμῶν
1031 3563 1168 3642 θεοτόκου,
1191 3565 1237 3622 τοῖν
1252 3563 1388 3642 Μεγάλου
1403 3560 1543 3636 Σπηλαίου
1559 3563 1616 3622 ἐτι-

333 3684 511 3764 κεκλημένῳ,
536 3681 575 3755 εἰς
597 3682 730 3742 ἀνάσωσιν
754 3683 831 3743 αύτού
853 3682 900 3744 καὶ
923 3683 1028 3762 ἀγαθήν
1051 3685 1225 3764 κατάστασιν,
1249 3683 1390 3764 ἐνοριυικού
1409 3685 1501 3759 μέντοι
1515 3687 1616 3762 τυγχά-

334 3825 434 3878 νοντος.
474 3804 520 3865 καὶ
551 3805 584 3880 δὴ
607 3805 656 3880 τήν
687 3805 829 3886 ἀφιέρωσιν
852 3807 938 3866 αύτῶν
966 3807 1063 3883 ταύτην
1086 3803 1288 3882 ἀποδεξάμενοι
1315 3805 1338 3866 οί
1361 3810 1407 3865 τού
1427 3811 1614 3887 πατριαρχικσῡ

333 3929 412 4003 ήμῶν
439 3923 485 3987 καὶ
513 3931 745 4006 σταυρσπηγιακού
773 3927 953 4009 μοναστηρίου
981 3929 1121 3989 όσιώτατσι
1147 3929 1274 4008 πατέρες,
1306 3929 1354 3988 ούκ
1381 3929 1492 4008 όλίγους
1514 3930 1613 4008 ἀγῶνας

333 4049 541 4123 καταβαλόντες
566 4051 791 4128 περιεποιήσαντο
817 4051 884 4130 πρδς
912 4048 1020 4126 αύξησιν
1042 4044 1089 4110 καί
1112 4049 1256 4134 βελτίωσιν
1279 4051 1367 4111 αύτού.
1414 4049 1481 4110 ἀλλ’
1494 4049 1534 4110 ίνα
1556 4051 1610 4110 θια-

334 4173 404 4254 μένῃ
427 4172 480 4232 ἀπό
501 4171 580 4231 τοῦδε
601 4170 648 4230 καὶ
671 4169 711 4243 εἰς
732 4173 762 4232 τό
786 4169 851 4247 ἑξῆς
873 4172 1051 4251 ἀναφαίρετον
1073 4170 1120 4232 καὶ
1141 4172 1346 4232 ἀναπόσπασιον
1363 4172 1415 4231 ἀπδ
1431 4175 1477 4232 τοῦ
1490 4193 1609 4254 πατριαρ-

332 4299 413 4372 χικού
434 4292 513 4371 ἡμῶν
538 4293 640 4354 ἐκείνου
664 4293 842 4374 μοναστηρίου
857 4299 903 4355 τού
918 4295 1054 4374 Μεγάλου
1070 4295 1221 4369 Σπηλαίσυ,
1246 4292 1411 4377 ἐξῃτήσαντο
1428 4294 1606 4373 ἀναδειχθῆναι

256 4453 261 4460 ·
334 4417 381 4479 καὶ
395 4421 471 4478 τούτο
485 4419 620 4498 ἡμέτερον
634 4420 829 4498 πατριαρχικύν
844 4417 890 4478 καί
906 4419 1148 4498 σταυρατηγιακόν,
1165 4418 1319 4498 ἐλεύθερον,
1336 4417 1500 4497 ἀδούλωτον,
1516 4417 1605 4477 ἀκατα-

333 4544 451 4618 πάιητον
481 4538 527 4600 καί
558 4537 760 4622 ἀνεπηρέαστον
789 4538 836 4600 καὶ
865 4540 993 4600 ἀσύδοτον
1024 4539 1070 4600 καὶ
1096 4541 1182 4616 πάντη
1210 4540 1396 4618 ἀνενύχλητον
1422 4539 1496 4619 παρὰ
1521 4542 1605 4613 παντός

333 4665 476 4746 προσώπου
503 4663 651 4743 ἱερωμένου
673 4660 720 4722 καὶ
741 4664 850 4744 λαίκού,
880 4663 1021 4738 ήνωμένον
1045 4661 1076 4722 δὲ
1099 4665 1117 4738 ἡ
1139 4663 1354 4742 προσηλωμένον
1376 4661 1415 4740 τῷ
1437 4663 1603 4744 τατριαρχικῷ
