3486 5282
1267 363 1329 464 νιν

55 561 120 624 ἀλλὰ
141 557 183 624 καί
204 565 256 645 πρὸ
276 563 377 636 παντὸς
393 554 484 624 οίλλου
500 566 620 642 σκοπεῖν,
642 563 719 636 ὅπως
734 583 763 623 τε
780 567 863 624 ταῦτα
878 560 1009 640 βασιλικὰ
1024 565 1181 642 ἐκλήθησαν
1198 563 1228 638 ἐξ
1245 565 1333 644 ἀρχῆς

53 687 91 746 καί
110 689 156 746 τίσι
185 690 278 762 νόμοις
299 707 330 745 τε
352 685 399 746 καὶ
429 687 589 762 θεσπίσμασι
616 691 665 761 τῆς
693 687 817 758 τοιαύτης
846 687 980 765 τετύχηκε
1010 687 1150 762 κλήσεως·
1183 687 1278 760 ἐπειδὴ
1302 685 1333 744 δέ

53 829 112 878 τινες
131 816 181 867 τῶν
202 809 254 889 πρὺ
276 809 356 884 ἡμῶν
376 810 648 888 πατριαρχευσάντων
665 807 849 884 ἀγνοήσαντες
865 809 948 890 ὅλως,
973 811 1011 881 ὡς
1026 811 1157 889 φαίνεται,
1180 809 1229 883 τὴν
1243 807 1331 868 πάλαι

52 935 102 1010 περὶ
122 933 150 990 ’.ὑ
172 930 277 991 Σίναιον
300 931 364 1011 ὑρος
385 931 530 1005 βασιλικὴν
553 931 690 1008 πρόνοιαν,
719 929 790 1004 μηδὲ
814 931 971 1008 ἐντυχόντες
993 934 1052 1002 ταῖς
1075 933 1185 1011 νεαραῖς
1207 928 1332 1000 καὶτοῖς

54 1051 185 1125 σινοίικοίς
210 1052 294 1124 θείοις
320 1051 505 1131 θεσπίσμασιν,
536 1055 554 1111 ὑί
581 1053 615 1127 δὴ
642 1057 731 1113 πάντα
757 1053 791 1112 τὺι
817 1052 879 1133 περὶ
905 1055 997 1114 τούτου
1020 1053 1132 1131 δηλοῦσι
1154 1053 1332 1134 πλατύτερον,

53 1159 157 1256 ἀγνοίᾳ,
171 1176 209 1247 ὡς
237 1175 321 1252 ἔοικε,
349 1179 402 1233 τῶν
424 1175 551 1233 τοιούτων
574 1176 724 1255 γράμματά
745 1194 805 1234 τινα
827 1175 898 1234 κατὰ
920 1175 1030 1256 καιρούς
1054 1177 1172 1255 ἐ’ρθασαν
1196 1174 1332 1235 ἐπιδεδω-

53 1299 120 1367 κὺτες
140 1296 208 1355 κατὰ
230 1296 317 1372 μηδὲν
340 1303 388 1371 τῆς
404 1295 522 1376 ἀρχαίας
539 1295 646 1370 ἐκείνης
662 1296 829 1368 ἀκολουθίας
846 1297 977 1375 ἐχόμενα,
1002 1299 1151 1374 ἀναγκαῖον
1167 1293 1214 1356 καί
1230 1295 1333 1356 δίκαιον

54 1419 171 1497 ἔγνωμεν,
193 1419 237 1478 ἵνα
258 1424 364 1497 πρῶτον
388 1417 438 1494 μὲν
461 1420 555 1489 αὑταῖς
577 1415 687 1490 λέξεσιν
710 1413 765 1499 ᾧθε
789 1417 953 1500 ἐγχαραχθῇ
976 1419 993 1493 ἡ
1017 1421 1165 1497 μαινομένη
1185 1419 1273 1498 νεαρὰ
1288 1423 1334 1478 τοὺ

55 1535 160 1615 ἀοιδίμου
187 1540 325 1614 βασιλέως
349 1539 494 1616 Ῥωμαίων
518 1539 704 1600 Ὶσυστινιανσὺ
725 1545 771 1600 τοὺ
795 1543 942 1620 Μεγάλου,
974 1541 1003 1600 ἐν
1026 1535 1044 1622 ᾖ
1067 1543 1135 1621 προς
1157 1544 1212 1612 τοῖς
1236 1541 1335 1611 σίλλοις

54 1661 91 1719 καί
114 1664 142 1720 το
164 1661 269 1722 Σίναιον
297 1663 358 1740 ύρος
381 1663 514 1737 ἑπισκοπη
537 1663 672 1741 μαίνεται·
704 1662 755 1722 εἴθ’
768 1664 853 1734 οίντως
876 1662 922 1722 καί
945 1663 978 1722 τά
1002 1663 1072 1738 μετὰ
1094 1667 1171 1723 τούτο
1195 1662 1335 1738 συμβάντα

54 1781 117 1858 δῆλα
144 1787 311 1861 ποιήσωμεν.
360 1785 419 1862 ἔχει
449 1785 481 1844 δὲ
511 1785 635 1859 οὑτωςή
665 1785 750 1862 νεαρὰ
776 1785 835 1858 ήτοι
858 1786 888 1844 το
911 1784 1048 1860 ἐκβληθέν
1072 1785 1125 1844 ἀπο
1147 1789 1194 1844 τού
1215 1785 1336 1844 παλαιοῦ

53 1901 156 1978 κίνέικος
179 1907 222 1966 ἐπὶ
240 1905 416 1967 Ἀναστασίσυ
438 1909 605 1986 πατριάρχου
628 1906 802 1977 θεουπάλεως
822 1906 951 1982 μεγάλης
966 1905 1140 1985 Ἀντιοχείας,
1164 1905 1198 1965 τὰ
1213 1912 1336 1986 σκῆπτρα

53 2027 182 2102 Ῥωμαίων
206 2027 367 2100 ὑιιθὺνοντος
388 2033 435 2088 τού
459 2027 594 2105 Μεγάλου
610 2029 806 2108 Ἰουστινιανοὺ,
831 2029 876 2087 ὅτε
899 2027 933 2086 τὰ
956 2028 1135 2108 Ἱεροσόλυμα
1159 2028 1272 2103 ἐτιμήθη
1296 2025 1336 2098 εἰς

52 2153 231 2230 πατριαρχεῖον
253 2153 300 2210 τοὺ
323 2148 401 2234 ,ςμβ
426 2150 515 2222 ἔτους·
545 2150 748 2228 ,,ουνελθὺντων
772 2149 918 2221 συνοθικῶς
940 2153 986 2210 τοὺ
1010 2149 1336 2229 Κωνσταντινουπάλεως,

52 2275 89 2328 τοῦ
110 2267 319 2352 Ἀλεξανδρείας
347 2270 394 2331 καί
421 2275 467 2330 τοὺ
490 2271 656 2349 Ἀντιοχείας
677 2272 749 2330 κατὰ
772 2277 846 2348 μῆνα
869 2271 1014 2350 αὑγουστον
1037 2270 1203 2344 ίνδικτιῶνος
1232 2271 1267 2351 ιγ’
1290 2271 1337 2332 καί

53 2394 220 2454 θεσπισάντων
243 2393 299 2475 ἀρᾷ
321 2393 475 2453 ὑποκεῖσθαι
498 2394 543 2452 τὀν
566 2393 745 2468 τολμήσαντα
766 2396 953 2474 παραθραύσαι
976 2395 1218 2474 ήπαρασαλεύσαι
1232 2396 1263 2452 τ“ο
1278 2415 1337 2454 τοι·

53 2521 116 2574 ουτον
138 2517 282 2594 θέσπισμα,
305 2513 352 2575 καί
375 2514 497 2575 θέθωκεν
521 2516 716 2594 ὑἈντιοχείας
739 2517 792 2576 ἀπο
814 2523 867 2574 τῶν
883 2517 1068 2592 ὑποκειμένων
1086 2519 1284 2598 μητροπάλεων
1299 2516 1338 2597 τῷ

53 2635 134 2696 ἑαυτοῦ
149 2639 237 2718 θρὺνιμ
254 2637 319 2712 δύω,
336 2637 383 2711 τὴν
398 2643 447 2712 τῆς
460 2637 627 2716 Καισαρείας
641 2644 690 2714 τής
705 2632 890 2714 Παλαιστίνης
904 2637 951 2697 καί
965 2645 1015 2714 της
1027 2641 1251 2726 Σκυθσυπὺλεως,
1268 2640 1339 2700 ἀπέ-

53 2778 127 2817 σπασε
149 2759 181 2818 δὲ
204 2756 253 2818 καὶ
275 2759 327 2818 άπὺ
350 2765 399 2834 τῆς
422 2759 620 2838 μητροπόλεως
636 2761 723 2838 Τύρου
744 2759 793 2834 τήν
810 2759 1024 2840 Πορφυρὸπολιν,
1047 2761 1094 2820 καὶ
1118 2762 1209 2822 ἔθεντο
1230 2757 1340 2842 σύνορον

51 2880 88 2937 τὀν
111 2881 233 2956 ποταμὺν
260 2882 306 2939 τὀν
333 2879 386 2938 ἀνὰ
414 2883 497 2954 μέσον
526 2879 717 2956 Πτολεμάιὺος
744 2881 790 2942 καί
817 2883 862 2940 τὺν
885 2881 1049 2962 Καρμηλίου
1077 2883 1155 2962 ὑρους
1178 2881 1339 2961 Ζαβουλὼν,

52 3001 167 3072 ν’νοοίοτως
188 2999 237 3062 καί
256 3002 309 3062 άπὺ
324 3007 373 3078 τῆς
391 3004 589 3083 μητροπόλεως
606 3004 726 3084 Βὺστρας
741 3009 790 3079 τῆς
806 3003 945 3076 Αὐσίτιέος
962 3005 1108 3076 ἐπισκοπὰς
1124 3007 1267 3086 τέσσαρας,
1290 3007 1339 3078 τὴν

54 3121 187 3204 Γαδείρων,
210 3125 260 3198 τἠν
276 3124 506 3200 Καπετωλιάδσς,
530 3125 578 3200 τήν
594 3124 729 3201 Ἀβίλλης
752 3123 799 3184 καὶ
813 3125 862 3200 τἠν
878 3126 964 3205 Γάβα,
988 3125 1035 3184 καὶ
1052 3126 1185 3206 ἁριὲρωσε
1200 3099 1283 3186 ταῦτα
1300 3125 1339 3198 είς

55 3243 230 3325 Ἱεροσόλυμα,
246 3243 294 3306 καί
310 3245 401 3306 ἔθεντο
417 3246 527 3328 σύνορον
540 3249 593 3318 ἕως
604 3245 802 3322 τήςΑὑσίτιθος
813 3248 918 3328 χώρας.
936 3246 994 3306 ὑθὲ
1007 3247 1216 3328 Ἀλεξανδρείας
1232 3247 1339 3307 δέδωκε

53 3365 91 3424 καὶ
113 3369 189 3440 κύτος
211 3368 265 3428 ἀπὸ
286 3374 340 3428 τῶν
362 3368 547 3444 ὑποκειμένων
564 3370 659 3428 ἑαυτοῦ
674 3369 762 3449 θρόνῳ
779 3369 976 3449 μητροπόλεων
991 3369 1040 3444 τὴν
1056 3371 1176 3451 Βόστραν
1191 3375 1240 3446 τῆς
1257 3372 1340 3450 Ἀρα-

55 3485 105 3560 βίας
125 3489 170 3548 καὶ
193 3491 242 3565 τὴν
267 3491 374 3571 Πέτρας
396 3489 443 3550 καὶ
466 3490 613 3562 ἐπιοκσπὰς
637 3490 677 3569 ἔξ,
700 3491 748 3565 την
772 3491 872 3567 Γάζαν,
895 3491 944 3566 τήν
968 3491 1152 3571 Ἀσκάλωνος,
1175 3494 1223 3568 τήν
1241 3489 1342 3552 Ἐλευ-

55 3609 212 3694 θεροὺπολιν,
234 3613 283 3688 τὴν
307 3613 417 3693 Φαράν,
439 3614 489 3688 τὴν
505 3611 604 3684 Ἀίλίας
626 3612 673 3674 καὶ
695 3615 725 3674 τ“ο
749 3615 815 3674 Σινά
837 3614 915 3694 ὄρος·
939 3612 1123 3692 ἠσφαλίσαντο
1140 3615 1171 3673 δὲ
1187 3616 1232 3673 τὀν
1248 3615 1342 3694 θρόνον

55 3736 93 3790 τού
107 3733 168 3793 Σινά
183 3733 272 3814 ὅρους,
295 3734 339 3794 ἵνα
355 3734 451 3810 μηθείς
466 3735 564 3819 καθίσῃ
582 3734 623 3796 ἐπ’
636 3735 718 3816 αὑτῷ,
741 3735 788 3796 καί
805 3736 935 3812 ἐποίησαν
952 3739 1060 3817 σύνορον
1078 3739 1132 3809 ἕως
1146 3743 1195 3812 τῆς
1212 3735 1343 3818 Ἐρυθρᾶς

57 3850 230 3932 θαλάσσηςίί·
253 3855 301 3916 καί
323 3861 406 3918 ταύτα
429 3857 480 3933 μὲν
503 3859 521 3933 ή
544 3858 638 3938 νεαρά.
665 3859 693 3918 ἐν
717 3859 748 3917 δέ
770 3857 809 3937 τῷ
831 3858 950 3938 τακτικῷ
972 3860 1030 3936 ἔχει
1046 3852 1145 3931 οὑτως·
1171 3859 1206 3939 ,,ὑ
1220 3863 1267 3919 τοὺ
1279 3861 1344 3918 Σινά

57 3973 122 4054 ίρους
143 3971 220 4050 οὗτος
243 3979 314 4039 ἐστιν
336 3979 490 4057 ήγούμενος
512 3978 559 4039 καὶ
579 3980 763 4052 ἐπίσκοποςίί·
789 3980 822 4040 ἐκ
843 3981 877 4056 δὴ
893 3982 992 4040 τούτων
1007 3979 1054 4040 καὶ
1069 3987 1123 4040 τῶν
1138 3982 1263 4041 τοιούτων
1281 3979 1343 4039 ἐπι-

58 4105 147 4174 σκοπῆς
173 4102 390 4180 ἀναραινσμένης
412 4099 462 4178 ’τῆς
484 4101 554 4161 κατὰ
577 4103 607 4162 τὺ
630 4101 736 4162 Σίναιον
759 4103 821 4183 ύρος
846 4103 993 4180 βασιλικῆς
1015 4102 1062 4162 καὶ
1085 4103 1160 4174 θείοις
1184 4109 1269 4178 μονῆς
1292 4104 1344 4182 προ

58 4221 148 4298 χρόνων
179 4223 228 4283 οὑκ
258 4221 361 4302 ὀλίγων
391 4223 462 4296 τινὲς
491 4230 545 4283 τῶν
575 4227 636 4283 τότε
666 4225 872 4301 ἐνασκουμένων
901 4225 930 4284 ἐν
951 4231 985 4306 τῇ
1009 4223 1069 4305 θεία
1091 4229 1161 4305 μονῇ
1184 4226 1267 4305 ταύτῃ
1297 4226 1346 4284 οὑκ

61 4335 102 4400 εἷθ’
115 4345 182 4416 Ξπως
205 4346 361 4422 κινηθέντες
385 4345 414 4404 ἐν
437 4348 493 4418 τοῖς
515 4347 619 4426 καιροῖς
644 4345 766 4425 ἐκείνοις,
795 4349 1025 4426 παραιτησάμενοι
1047 4347 1077 4404 τὺ
1102 4347 1176 4424 ἔχειν
1201 4346 1345 4406 ἐπίσκοπον
1383 4375 1386 4382 ⁴

60 4462 98 4522 καί
117 4467 187 4540 ὅλως
209 4468 282 4528 κατὰ
296 4469 344 4543 τὴν
361 4463 480 4549 ἀρχαίαν
497 4471 614 4546 στοιχεῖν
631 4469 805 4548 ὑποτύπωσιν,
830 4469 933 4545 βουλὴν
949 4468 1080 4544 κακίστην
1095 4467 1142 4528 καὶ
1157 4470 1230 4550 παρὰ
1246 4471 1345 4545 νόμους

63 4583 181 4666 ἐκύρωσαν
209 4592 239 4650 ἐν
267 4591 368 4666 αὐτοῖς,
398 4591 442 4650 ἵνα
471 4589 599 4666 δηλονότι
623 4594 721 4668 μηκέτι
742 4597 931 4671 χειροτονῆτοιι
954 4590 1044 4668 ἐντῷ
1068 4592 1239 4671 μοναστηρίῳ
1261 4592 1345 4669 τούτῳ

65 4704 203 4784 ἐπίσκοπος·
227 4715 320 4772 τούτου
344 4711 374 4772 δέ
389 4716 541 4791 γενομένου
558 4715 652 4794 πλήρη
669 4715 702 4772 τὰ
717 4717 866 4793 πράγματα
883 4715 1038 4792 συγχύσεως
1052 4716 1163 4793 γε’γονε,
1187 4713 1233 4772 καὶ
1248 4734 1345 4792 πατρι-

1106 4837 1138 4884 16
