3240 5286
859 918 933 993 XI.

534 1109 698 1202 privilegia
720 1109 869 1184 Theodoro
892 1111 1076 1188 θυιῑυιίυίιυ
1104 1131 1255 1190 comessa.

512 1335 538 1400 I.
568 1334 817 1424 [6778-1270],
841 1358 953 1402 mense
975 1338 1069 1421 maio,
1092 1338 1159 1404 ind.
1182 1338 1278 1404 XIII.

270 1521 424 1589 Imperator
438 1519 559 1574 Μίοίιαὲί
573 1520 753 1592 Ρσίσσοίορτιι
767 1521 882 1576 diacono
902 1521 1038 1577 Theodoro
1055 1523 1227 1580 Βοιωαπέοισο
1246 1523 1349 1595 οοιιρίετί
1364 1525 1513 1597 diffinitam

784 1626 1008 1698 ἀίοαεομόμίσσιδ.

249 1827 405 1908 Ὁρισμδς
438 1829 494 1886 τοῦ
528 1824 696 1900 βασιλέως
727 1822 1023 1915 [Μιχαὴλδοόκα
1054 1827 1229 1916 Ἀγγέλου]
1266 1831 1443 1910 Κομνηνοῡ
1475 1828 1533 1918 [τοῦ

249 1943 505 2034 Παλαιολόγου]
532 1949 612 2028 πρός
636 1943 836 2034 [Θεόδωρον]
864 1951 920 2009 τόν
942 1952 1198 2030 Σκουταριιίιτην
1220 1955 1387 2034 γεγονότα
1410 1950 1531 2040 [μητρο-

247 2065 401 2156 πολίτην]
416 2071 569 2142 Κυζίκου.
600 2071 737 2152 δρισμός
759 2074 987 2162 προσκυνητός
1009 2078 1064 2134 τοῦ
1086 2080 1245 2156 κραταιοῦ
1264 2075 1320 2136 καὶ
1341 2077 1533 2154 θεοστεροῦς

248 2192 343 2273 ἁγίου
372 2195 463 2270 ἡμῶν
493 2194 649 2266 αθθέντου
679 2191 733 2253 καὶ
764 2193 941 2274 βασιλέως,
972 2197 1028 2255 ότε
1059 2217 1099 2271 με
1127 2196 1171 2276 τῷ
1200 2202 1255 2258 τοῦ
1282 2197 1534 2278 δικαιορίιλακος

717 2315 877 2391 ἐτίμησεν
901 2313 1075 2393 ἀξιώματι.

352 2489 516 2564 γΜιμεῖται
538 2485 584 2548 καὶ
601 2489 721 2565 Μωῦσῆν
744 2489 848 2550 ἐκεῖνον
870 2491 889 2566 ἡ
912 2489 1038 2565 βασιλεία
1061 2511 1114 2565 μου
1137 2494 1181 2552 τδν
1204 2493 1383 2575 δημαγωγόν,
1406 2494 1453 2556 καὶ
1475 2498 1534 2576 πρός

248 2613 294 2671 τόν
324 2617 373 2686 τῆς
402 2611 565 2686 νομοθεσίας
595 2611 699 2672 ἐκείνου
729 2611 815 2686 ζῆλον
848 2613 887 2684 ὡς
918 2612 1022 2692 ἐφικτόν
1052 2613 1240 2675 ἀπευθίνεται·
1276 2617 1315 2688 ὡς
1348 2617 1403 2698 γὰρ
1439 2617 1535 2688 ἐκεῖνος

215 2810 217 2816 Α
249 2735 294 2792 τόν
326 2732 451 2813 δακτῦλιρ
482 2735 543 2794 θεοῦ
572 2734 708 2812 γραφέντα
737 2735 820 2808 νόμον
851 2733 1032 2815 ἐγχειρισθεὶς
1061 2735 1106 2796 διὰ
1136 2741 1181 2798 τοῦ
1204 2735 1318 2819 Ἀαρών,
1347 2743 1536 2816 σεμνυνομένου

249 2858 279 2916 τ“ο
301 2861 446 2931 τηνικαῦτα
467 2855 506 2935 τῷ
529 2854 655 2936 ίερατικῴ
675 2852 819 2934 ἀξιώματι,
841 2856 880 2937 τῷ
896 2855 1071 2937 ίσροηλιτικῷ
1087 2857 1150 2937 λαῷ
1166 2859 1355 2940 διεπόρθμευε,
1378 2861 1449 2922 κατὰ
1462 2867 1536 2921 ταῦτα

248 2977 296 3038 καὶ
324 2979 341 3054 ἡ
373 2977 500 3052 βασιλεία
528 2997 579 3053 μου
609 2979 639 3038 τό
668 2979 768 3050 παντός
790 2982 944 3055 τιμώμενον
966 2984 1015 3056 τῆς
1038 2980 1183 3054 βασιλείας
1204 2989 1302 3062 χρῆμα
1324 2982 1450 3058 λαβοῦσα
1471 2985 1535 3063 παρὰ
1603 3033 1604 3060 ,

249 3103 321 3180 θεοῦ,
355 3103 388 3176 ἢν
423 3101 536 3175 ἔννομον
570 3100 657 3180 ἀρχὴν
688 3100 713 3160 οἱ
742 3101 832 3164 πάλαι
861 3102 1001 3182 ὡρίσαντο,
1036 3101 1180 3162 κάντεῦθεν
1212 3100 1278 3164 οὖσα
1308 3107 1393 3180 νόμος
1424 3105 1536 3184 ἔμψυχος

248 3223 381 3302 ἀτεχνῶς,
405 3225 443 3294 ὡς
465 3220 511 3282 καὶ
533 3223 563 3281 τό
586 3221 668 3296 δόξαν
687 3224 770 3306 ταύτῃ
790 3225 915 3304 καθάπερ
931 3225 1014 3299 νόμον
1029 3224 1148 3304 γραπτδν
1164 3221 1212 3284 καὶ
1227 3225 1360 3305 λέγεσθαι
1374 3226 1422 3286 καί
1437 3229 1537 3288 πιστοῦ·
1603 3299 1604 3308 γ

250 3345 335 3426 εσθαι,
365 3345 422 3404 τόν
441 3344 611 3418 ἐντιμότατον
643 3345 672 3406 ἐν
701 3348 908 3426 πατριαρχικοῖς
938 3347 1064 3424 ἄρχουσιν
1095 3345 1140 3408 ἐπὶ
1168 3351 1221 3407 τῶν
1254 3346 1376 3422 δεήσεων
1398 3353 1449 3430 κῦρ
1472 3348 1537 3410 θεό-

250 3465 336 3544 δωρον
366 3466 489 3526 διάκονον
518 3473 573 3526 τῶν
595 3469 801 3548 Σκουταριιίιτιρν
832 3467 918 3548 ἄνδρα
947 3468 1060 3547 εὑροῦσα
1089 3469 1161 3528 κατὰ
1188 3471 1236 3545 τὴν
1258 3469 1538 3551 παλαμηρορουμένην
1603 3449 1604 3456 ³

249 3587 304 3666 θεῷ
326 3587 441 3668 καρδίαν
468 3588 561 3666 αὐτῆς,
584 3587 631 3648 καὶ
653 3589 720 3670 πρός
746 3592 805 3662 ταῖς
832 3590 935 3662 οἷλλαις
957 3589 1084 3669 λογικαῑς
1108 3591 1269 3666 ἐπιστήμαις
1290 3591 1338 3652 καὶ
1361 3593 1423 3665 τοὺς
1445 3593 1538 3672 λόγους

249 3710 369 3789 ἀκριβῶς
396 3709 595 3793 μελετήσαντα,
623 3709 669 3770 καὶ
692 3709 730 3792 τῷ
752 3709 817 3792 ἱερῷ
839 3710 887 3772 καί
910 3711 974 3791 θείῳ
997 3712 1147 3792 καταλόγῳ
1171 3713 1354 3793 ἐμπρέποντα,
1378 3721 1410 3796 ιῄ
1432 3719 1478 3775 τοῦ
1500 3715 1538 3774 θι-

248 3832 433 3912 καιορῦλοικος
456 3831 520 3914 ἀξίᾳ
541 3838 635 3908 τιμᾶν·
663 3833 755 3913 χρεὼν
776 3833 831 3914 γὰρ
852 3834 898 3893 τόν
922 3835 955 3894 ἔκ
977 3854 1007 3893 τε
1029 3831 1108 3894 θείων
1132 3833 1178 3895 καί
1201 3834 1391 3896 ἀποοτολικῶν
1413 3839 1537 3916 κανόνων,
1603 3849 1604 3856 ’

249 3955 282 4014 ἔκ
307 3973 337 4013 τε
363 3961 418 4013 τῶν
440 3959 541 4034 νόμων,
570 3956 616 4028 οῦς
639 3954 713 4034 σοφοὶ
736 3955 837 4036 ένδρες
860 3951 995 4034 ἐξέθεντο,
1023 3961 1121 4035 γνῶσιν
1145 3956 1185 4030 είς
1207 3957 1241 4017 τὰ
1263 3957 1384 4033 μάλιστα
1406 3957 1538 4031 συλλεξά-

249 4096 329 4151 μενον
352 4069 460 4156 καὶτῷ
484 4075 698 4156 δικαιρυλακικῷ
723 4076 928 4153 ἐνσεμνθνεσθαι
952 4073 1093 4153 ἀξιώματι.
1127 4079 1188 4138 όθεν
1203 4077 1256 4137 καί·
1267 4079 1410 4160 διορίζεται
1431 4079 1538 4154 ἡβασι-

247 4197 312 4257 λεία
342 4219 393 4272 μου
424 4197 469 4258 διὰ
495 4203 545 4274 τῆς
572 4199 708 4276 παρούσης
736 4200 818 4274 αὐτῆς
845 4198 1028 4278 προστάξεως,
1061 4199 1255 4280 διενεργεῑσθαι
1281 4201 1356 4280 παρὰ
1376 4206 1423 4262 τοῦ
1445 4201 1538 4278 διαλη-

249 4321 359 4398 ρθέντος
387 4319 558 4394 ἐντιμοτάτου
588 4319 617 4379 ἐν
643 4323 849 4400 πατριαρχικοῑς
877 4321 1004 4401 ἄρχουσιν
1032 4319 1075 4382 ἐπὶ
1105 4326 1158 4382 τῶν
1186 4321 1308 4396 δεήσεων
1330 4327 1379 4404 κῦρ
1402 4321 1538 4402 Θεοδώρου

249 4441 375 4501 διακόνου
397 4446 443 4502 τοῦ
458 4441 658 4522 Σκουταριιίιτου
673 4443 704 4502 τό
725 4441 964 4521 δικαιορυλακικόν
986 4440 1114 4524 όρρίκιον,
1138 4443 1208 4518 μετὰ
1222 4446 1330 4503 πάντων
1345 4449 1399 4524 τῷν
1415 4445 1538 4505 ἀπονενε-

248 4565 380 4640 μημένων
411 4564 482 4644 αθτῷ
512 4563 623 4625 δικαίων
653 4563 700 4625 καί
729 4563 822 4636 καθὼς
854 4564 989 4644 ἐνεργεῑτο
1012 4563 1058 4624 καὶ
1085 4565 1159 4645 παρὰ
1185 4571 1238 4625 τῶν
1260 4566 1355 4627 «ποίλαι
1377 4569 1537 4644 κεκτημένου

249 4688 322 4767 αθτό,
345 4685 392 4750 καὶ
414 4693 463 4765 τῆς
486 4688 568 4764 αὒιῆς
585 4686 692 4763 ἐκείνης
708 4688 835 4766 μετέχειν
850 4691 942 4749 τοῦτον
957 4693 1038 4764 τιμῆς
1052 4708 1083 4748 τε
1098 4685 1275 4768 καίτοίξεως,
1300 4688 1328 4748 ἐν
1343 4709 1373 4749 τε
1389 4689 1535 4772 καθέδρας,
