3240 5286
248 337 313 404 264

248 534 299 593 κάν
317 529 480 612 ἀρχόμενος,
505 533 543 603 ὡς
560 532 669 600 ἄπιστος
685 537 735 606 τῆς
750 531 893 605 βασιλείας
909 550 961 606 μου
977 529 1023 590 καί
1039 532 1212 609 τειμωρηθῆσ
1213 551 1256 589 ται
1271 550 1317 589 και
1309 529 1537 605 ἑκδικηθῆσεται

249 653 295 714 καί
318 655 528 734 ζημιωθήσεται,
552 653 600 725 τὰς
623 653 674 714 δ’
661 654 729 732 αρὰς
751 652 797 712 καί
822 651 1019 731 ἀγανακτήσεις
1043 649 1099 724 ἕξει
1122 657 1175 711 τῶν
1198 651 1317 734 ἐναυσῆ
1339 658 1373 732 τῇ
1396 650 1459 732 θείᾳ
1475 652 1537 726 μον“τΙ

250 775 464 850 ἐνασκσυμένων.
489 779 571 834 ταῦτα
594 775 627 834 δὲ
649 777 737 834 πάντα
757 772 801 834 ἐπί
815 793 860 836 τον
875 776 964 851 μέγαν
979 778 1025 832 τοῦ
1040 773 1154 851 Χριστοῦ
1170 768 1334 832 ἀνατιθέασιν
1351 772 1537 852 Πρόδρομσνή

250 1019 406 1098 δεδογμένα
428 1023 462 1098 πῆ
485 1017 613 1099 βασιλείᾳ
635 1039 687 1093 μου
708 1016 771 1098 περί
792 1023 842 1092 τῆς
861 1022 907 1078 τοῦ
921 1017 1103 1094 Ζαβουλὼνδ
1105 1037 1167 1098 ρους
1182 1017 1257 1088 θείας
1273 1021 1360 1092 μονῆς
1374 1014 1422 1076 καὶ
1437 1015 1538 1094 ἀρραγῆ

250 1141 479 1222 συντηρηθῆναι
467 1159 496 1200 εν
516 1144 572 1212 τοῖς
593 1136 692 1218 ἐφεξῆς
706 1141 781 1220 παρὰ
795 1145 848 1199 τῶν
860 1139 1040 1219 κληρονομων
1053 1161 1099 1200 και
1092 1137 1252 1215 διαδόχων
1267 1139 1350 1214 πῆςβ
1333 1139 1479 1212 βασιλείας
1493 1157 1539 1211 μου
1601 1175 1602 1212 γ

1601 727 1602 814 ί

250 895 377 973 βασιλεία
400 917 461 976 μου,
485 897 539 972 ἤδη
562 897 678 968 θεσπίζει
671 897 731 956 ιτ“ο
753 897 886 974 γαλῆνιον
901 915 948 956 και
939 893 1209 976 θεοπρὸβληιον
1184 901 1266 970 αυτῆς
1280 897 1390 974 κράτος,
1410 893 1539 972 πάγιατθι

251 1261 367 1324 καὶτοῦ
390 1263 517 1337 εθσεβοῦς
539 1263 623 1339 αῦτῆς
644 1265 759 1342 κράτους
782 1262 940 1342 ἐπικυροῦσα
962 1283 997 1322 τα
1019 1263 1117 1336 συνήθη
1140 1262 1261 1337 συνήθως
1284 1259 1539 1339 ἑναπογρσίρεταιῆ.
1601 1245 1602 1306 ί

355 1385 621 1464 ῆἚμμανουήλ,
652 1387 685 1444 ἐν
708 1384 838 1465 Χριστῷ
867 1384 911 1461 τῷ
941 1384 1005 1462 θεῷ
1035 1387 1146 1455 πιοτδς
1177 1382 1336 1458 βασιλεὺς
1365 1381 1421 1456 καί
1451 1383 1540 1442 αίιτο-

251 1508 381 1587 κράτωρ
404 1509 512 1579 πάσης
527 1503 719 1585 Ἀνατολῆς,
743 1508 758 1565 θ
781 1507 900 1586 Μέγας
915 1507 1101 1586 Κομνηνός,
1124 1505 1180 1566 καί
1203 1507 1440 1581 ῦπεοημῆνατο
1462 1505 1541 1562 κατὰ

253 1629 305 1687 τὀν
327 1630 474 1706 παρόντα
497 1627 719 1708 σεπτέμβριον
743 1634 829 1703 μῆνα
852 1623 927 1713 [τοῦ]
952 1627 1040 1710 ,ςωέ
1065 1629 1156 1699 ἔτους
1178 1632 1202 1702 †.
1601 1615 1602 1704 ί

356 1757 442 1810 Εαίαί
462 1757 490 1810 in
504 1757 561 1810 ουά.
579 1756 777 1826 archiepiscopi
794 1755 940 1824 Θανασίιιιί,
962 1775 1038 1827 quem
1054 1757 1175 1827 possidet
1194 1756 1227 1810 σί.
1247 1757 1292 1809 σίν
1308 1755 1421 1809 Rhana
1438 1753 1542 1808 Αίίισπίι

252 1868 276 1917 τί
296 1879 328 1916 σοι
348 1879 399 1934 quo
419 1861 503 1916 edidit
518 1862 637 1916 Μίσίιαεί
654 1861 771 1930 Deffner,
790 1863 889 1916 Archiv
903 1861 957 1930 sicr
976 1862 1070 1916 πιίίίσί-
1086 1862 1142 1916 und
1161 1859 1372 1932 παυρπίσοθίσοίισ
1388 1858 1540 1928 Ρίιίίυίσρίι.

253 1967 371 2021 Athenis.
397 1969 487 2021 1880.
517 1967 540 2020 Ι.
561 1985 592 2037 ρ.
621 1968 689 2020 164.
731 1966 861 2036 Diploma
888 1967 1011 2037 spurium
1039 1971 1084 2020 ναί.
1126 1965 1190 2018 Vide
1217 1965 1414 2020 οθοακιαίίοπσιι
1443 1965 1470 2016 ιἰι
1492 1963 1543 2030 fine

251 2071 403 2126 voluminis.

728 2287 819 2353 VIH.
845 2288 922 2354 Sine
946 2287 1070 2370 anno.¹)

296 2471 449 2541 Imperator
464 2472 635 2526 Andronicus
652 2473 692 2526 II.
711 2471 890 2542 Ραίασοίοριισ
899 2473 978 2540 jubet
994 2473 1122 2542 conjunyi
1136 2472 1299 2525 monam-ia
1315 2470 1423 2525 Θυίεσιϊ
1437 2478 1462 2524 σί
1478 2469 1505 2524 S.

789 2576 1013 2630 Resurrectiomzs.

255 2781 388 2872 ,Λόγος
410 2778 668 2857 χρυσθβουλλος
691 2778 743 2837 ἐπὶ
765 2783 802 2858 τῇ
827 2780 945 2838 ένιίισει
968 2785 1025 2853 τῆς
1050 2779 1082 2837 ἐν
1104 2777 1146 2856 τῷ
1170 2779 1323 2858 Γαλησίῳ
1347 2785 1450 2854 μονῆς
1473 2777 1525 2836 καί

256 2907 314 2976 τῆς
339 2894 450 2978 Ἁγίας
475 2901 707 2980 Ἀναστάοεως,
736 2903 819 2960 ὥστε
841 2905 895 2960 τοῦ
918 2901 1038 2962 λοιποῦ
1061 2902 1104 2976 μη
1128 2901 1193 2979 δῦο,
1217 2901 1308 2959 ἀλλὰ
1331 2900 1406 2974 μίαν
1430 2900 1544 2967 ταῦτας

442 3017 527 3081 εἶναι
551 3021 605 3083 καί
628 3023 732 3102 ὑφ’ἑνῖ
755 3025 915 3101 τετάχθαι
938 3021 992 3083 καὶ
1017 3025 1155 3101 ἄγεσθαι
1177 3023 1364 3100 ἡγουμένῳ.

360 3205 376 3274 †
391 3199 544 3273 Βασιλικῆς
560 3198 591 3258 δὲ
609 3200 660 3278 άρα
675 3198 722 3258 καὶ
737 3198 857 3274 σπουδῆς
874 3199 1070 3274 ἐπαινουμένης
1085 3195 1131 3258 καί
1146 3199 1242 3270 καλῶς
1258 3197 1374 3276 ἐχούσης
1384 3197 1544 3276 προθέσεως,

257 3322 371 3380 κάκεῖνα
393 3320 444 3394 μὲν
468 3321 497 3380 ἐν
520 3301 566 3380 ὅτι
581 3320 719 3392 πλείστοις
740 3317 859 3380 τίθεσθαι
882 3327 914 3401 τῆ
939 3319 1053 3402 μελέτη,
1082 3322 1287 3400 στρατευμάτων
1311 3319 1438 3394 δηλονότι
1460 3339 1545 3378 κατα-

217 3465 220 3472 ·
257 3443 359 3520 λόγους
376 3439 512 3514 ἐξετάζειν
528 3441 574 3502 καί
587 3443 761 3521 παρασκευάς
777 3443 892 3503 ἐπινοεῖν
908 3442 1009 3516 ὅπλων,
1033 3440 1080 3502 καὶ
1094 3441 1205 3514 πολλὰς
1221 3441 1255 3516 δή
1270 3462 1344 3512 τινας
1358 3440 1405 3500 καί
1421 3441 1545 3519 μεγάλας

259 3565 419 3644 ἀπαριθμεῖν
450 3565 526 3642 ἔχειν
553 3563 602 3635 τὰς
634 3564 761 3638 δυνάμεις
791 3565 819 3624 ἐν
850 3567 907 3636 τοῖς
936 3565 997 3623 κατ’
1010 3565 1117 3642 ἐχθρῶν
1147 3564 1234 3642 ἀγῶσι
1265 3562 1327 3644 (καί
1348 3563 1403 3644 γὰρ
1426 3565 1459 3623 ἂν
1483 3562 1545 3622 οῦτω

259 3687 388 3762 βασιλεὺς
410 3690 468 3758 τοῖς
491 3687 541 3762 μὲν
564 3688 729 3764 πολεμοῦσιν
753 3686 971 3767 ἀντικατασταίη,
999 3685 1114 3766 ροβερδς
1136 3689 1226 3758 αὐτοῖς
1248 3687 1316 3766 προς
1339 3686 1443 3759 άμυνκν
1466 3687 1544 3760 ῆκων,

258 3813 314 3882 τοῖς
344 3810 370 3869 δ’
383 3811 512 3886 ὑπηκόοις
539 3809 621 3870 διὐοει
649 3812 717 3869 πάνυ
744 3809 767 3868 τὶ
794 3811 912 3890 θαρρεῖν,
943 3807 1045 3888 μεγάλ’
1059 3811 1126 3870 ἄττα
1151 3813 1235 3868 ταῦτα
1263 3807 1482 3882 ἐπιδεικνύμενος
1511 3799 1545 3875 οἷς

260 3933 326 4012 ὑπὲρ
343 3933 429 3992 σσίτῶν
446 3933 505 4010 ἔχει
521 3932 590 4008 μετὰ
605 3933 667 3993 θεοῦ
683 3931 826 4014 χρῆσθαι)·
851 3931 997 4008 βασιλικῆς
1012 3931 1148 4006 δ’ὁμοίως
1163 3930 1209 3990 καὶ
1224 3932 1413 4010 φιλανθρώπου
1428 3932 1545 4008 γνώμης,

260 4052 326 4130 μηδ’
335 4055 479 4135 ὀλιγώρως
494 4060 547 4115 τῶν
562 4054 709 4116 πολιτικῶν
726 4056 810 4134 ἔχειν,
834 4055 955 4131 μηδ’ἑᾱν
972 4057 1009 4125 ιίις
1026 4056 1105 4133 ἔτυχε
1119 4059 1203 4123 ταῦτα
1218 4053 1353 4132 φέρεσθαι,
1377 4051 1443 4128 μηδ’
1451 4050 1545 4112 οἴεσθαι

260 4175 330 4238 τουτί
344 4182 459 4257 πρᾶγμα
476 4177 596 4254 σπουδῆς
610 4179 720 4253 ἥττονος
737 4173 821 4257 ἄξιον,
838 4176 915 4237 ἀλλὰ
931 4176 976 4236 καί
992 4175 1053 4256 περὶ
1066 4179 1152 4236 αίιτιῦν
1164 4176 1220 4236 δεῖν
1233 4169 1302 4235 εἶναι
1313 4175 1432 4250 νομίζειν
1444 4173 1545 4241 πολλάς

261 4300 416 4360 ἑκδαπανάν
439 4301 589 4380 φροντίδας,
620 4303 658 4372 ιθς
681 4300 713 4360 διν
736 4299 783 4359 καί
808 4301 901 4380 ἄριστά
920 4319 980 4372 πως
1002 4297 1139 4377 διοικοῖτο,
1171 4298 1296 4373 εῦνομίας
1318 4301 1460 4375 πανταχοῦ
1481 4295 1544 4355 καθ-

263 4424 406 4498 ισταμένης
429 4421 475 4482 καὶ
497 4427 542 4483 τοῦ
565 4444 599 4501 γε
621 4422 678 4482 ίσου
700 4421 746 4482 καὶ
763 4420 866 4482 δικαίου
882 4421 979 4492 καλῶς
993 4423 1050 4494 τοῖς
1064 4427 1143 4480 πᾶσιν
1160 4420 1412 4514 ἀπονενεμημένου·
1437 4417 1482 4478 δῦο
1497 4415 1544 4494 γὰρ

368 4685 388 4750 ¹)
406 4686 481 4734 Inter
501 4686 595 4734 1282-
606 4684 678 4733 1328.
