3166 5298
244 341 305 408 102

243 531 310 622 [tva]
333 537 519 619 εύρίσκηταιί)
544 539 558 596 θ
581 543 700 610 τοιοῦτος
724 537 763 610 είς
786 538 879 610 αὐτούς
902 537 948 598 καί
972 539 1095 618 φροντίζῃ
1118 537 1164 598 καί
1188 539 1353 614 ἐπιμελῆται
1375 545 1426 614 τῆς
1451 537 1497 598 ἐπὶ
1511 541 1537 598 τί

241 661 364 738 κρεῖττον
388 661 542 731 συστάσεως
564 657 610 720 καί
634 659 806 732 βελτιώσεως
828 665 878 735 τῆς
899 660 1023 734 τοιαύτης
1046 665 1142 742 μονῆς,
1166 659 1213 720 καί
1237 660 1377 738 ἐζήτησεν,
1400 661 1446 720 ἵνα
1462 660 1539 742 πορί-

242 801 321 856 σηται
343 773 421 852 οὗτος
442 777 488 840 καί
510 782 672 860 πρόσταγμα
693 787 743 856 της
766 780 909 853 βασιλείας
932 801 993 860 μου,
1016 783 1035 858 ἡ
1057 781 1185 858 βασιλεία
1206 801 1258 856 μου
1277 781 1394 842 ἀπολύει
1409 783 1440 842 τύ
1455 783 1539 861 παρσν

240 905 412 984 πρόσταγμα,
445 900 480 962 δι’
493 896 524 962 ού
546 901 593 962 καί
616 901 769 984 διορίζεται,
793 906 832 976 ῶς
854 907 887 963 ἂν
910 904 1063 985 εὑρίσκηται
1085 905 1100 963 θ
1123 902 1285 983 διαληφθεὶς
1304 897 1383 976 οὗτος
1405 905 1446 975 ῶς
1469 905 1536 964 καθ-

243 1028 397 1105 ηγούμενος
418 1033 471 1087 τῶν
495 1027 525 1086 ἐν
547 1031 580 1108 τῇ
603 1027 711 1108 τοιαύτη
734 1031 804 1107 μονῇ
828 1026 1026 1107 εὑρισκομένων
1042 1033 1181 1105 μοναχῶν,
1204 1024 1252 1086 καὶ
1267 1026 1392 1108 φροντίζῃ
1414 1025 1464 1087 καί
1481 1027 1538 1086 ἐπι-

244 1147 395 1232 μελῆταιί)
423 1155 472 1227 τῆς
499 1153 617 1227 ψυχικῆς
640 1147 727 1208 αὐτῶν
750 1147 883 1228 σωτηρίας
913 1147 1030 1226 καὶτῆς
1052 1148 1097 1210 ἐπὶ
1118 1151 1149 1209 τίν
1171 1151 1292 1228 κρεῖττον
1319 1151 1474 1220 συστάσεως
1495 1147 1539 1208 καὶ

245 1271 418 1347 βελτιώσεως
440 1277 490 1346 τῆς
511 1271 636 1346 τοιαύτης
660 1276 755 1348 μονῆς,
779 1269 935 1350 ὀφείλοντες
956 1269 1003 1331 καί
1026 1271 1050 1332 οί
1074 1273 1103 1331 ἐν
1119 1271 1186 1353 αύιῃ
1202 1268 1320 1350 μοναχσί
1334 1270 1482 1331 ὑπακούειν
1496 1268 1538 1330 καί

242 1393 381 1454 πείθεσθαι
409 1395 494 1473 τούτῳ
525 1394 565 1472 ἐφ’
579 1388 619 1466 οἷς
646 1396 678 1452 άν
708 1394 762 1475 ἔχῃ
792 1394 886 1472 λέγειν
917 1392 956 1466 είς
986 1394 1081 1464 αύτούς
1110 1394 1244 1474 ἀφορῶσιν
1273 1391 1313 1465 εἰς
1341 1393 1469 1452 σύστασιν
1495 1393 1538 1452 καί

245 1515 395 1595 ἀσφάλειαν
419 1517 505 1575 αἰτῶν
528 1513 574 1575 καί
597 1513 636 1586 είς
659 1513 802 1590 βελτίωσιν
823 1521 876 1576 τῶν
898 1517 1045 1592 κτημάτων
1067 1517 1164 1596 σῶτῶν,
1189 1517 1227 1576 ἔτι
1248 1536 1279 1576 τε
1302 1516 1378 1592 ἔχειν
1401 1513 1441 1588 είς
1464 1517 1538 1575 αύτθν

245 1623 313 1698 atta
334 1636 382 1697 καὶ
404 1641 494 1717 τιμήν,
522 1639 584 1698 ὅσον
608 1635 647 1708 είς
669 1638 876 1716 καθηγούμενον
900 1638 1001 1698 αὐτῶν·
1038 1640 1132 1699 τούτου
1154 1637 1207 1716 γὰρ
1229 1639 1310 1716 χάριν
1334 1637 1445 1716 ἐγένετο
1470 1637 1539 1708 αύτῷ

243 1757 290 1820 καὶ
311 1761 342 1820 τθ
363 1761 449 1838 παρθν
470 1764 520 1837 τῆς
543 1759 685 1832 βασιλείας
708 1779 760 1836 μου
780 1763 943 1841 πρόσταγμα
965 1765 989 1836 γ.

348 1885 363 1957 †
379 1876 462 1958 Εἶχε
481 1880 537 1940 καί
558 1882 597 1941 δι’
610 1883 752 1962 ἑρυθρῶν
767 1884 974 1962 γραμμάτων
990 1889 1047 1958 τῆς
1062 1881 1243 1956 βασιλικῆς
1258 1881 1375 1961 χειρθς
1389 1881 1439 1939 τό·
1465 1879 1539 1956 μηνὶ

245 2002 414 2082 ἀπριλλίῳ
438 2001 498 2062 ἰνθ.
516 2001 543 2075 β’
566 2008 590 2078 †.
1075 2055 1077 2058 .

351 2128 452 2185 Satias
464 2131 488 2185 Ι.
494 2149 527 2201 p.
546 2132 617 2186 224.
630 2131 785 2202 Lrpmdam
799 2133 908 2186 viaetar
921 2124 969 2186 ίνθ.
988 2124 1034 2204 ιβ’,
1051 2137 1080 2186 at
1095 2132 1163 2202 dipl.
1180 2133 1216 2185 rit
1231 2132 1299 2186 anmi
1315 2131 1537 2197 6837-1329‚

246 2235 301 2288 ind.
315 2235 386 2289 XII.
408 2236 442 2289 Ιιι
457 2237 514 2290 aod.
528 2235 626 2308 lepitar
641 2243 703 2291 ante
715 2253 828 2292 auream
839 2237 941 2292 metam
953 2237 1018 2307 imp.
1032 2237 1189 2306 Andronici,
1211 2237 1305 2290 'datam
1316 2253 1405 2290 meam
1412 2237 1538 2291 ianuario

242 2339 301 2406 ind.
319 2339 401 2408 XII„
422 2358 503 2410 qaam
523 2341 625 2394 edimus
645 2342 694 2395 συθ
709 2342 760 2396 Nr.
788 2341 868 2396 VIII.
893 2341 1069 2396 Indictioaem
1085 2341 1125 2395 ΙΙ.
1147 2341 1227 2396 habet
1242 2357 1329 2396 υπιιυσ
1344 2342 1424 2412 σαρκί
1437 2341 1537 2394 Antra

245 2444 301 2498 mici
314 2443 372 2497 ΙΙΙ.
390 2444 550 2516 Ρυίαεολνφί
566 2447 657 2499 1334.

510 2748 554 2814 X.
579 2748 803 2831 6840-1332,
828 2769 938 2813 mense
961 2750 1084 2830 martio,
1108 2747 1174 2812 ind.
1197 2745 1273 2811 XV.

248 2933 400 3002 Imperator
415 2931 584 2986 Αιιάτοιιίσυε
597 2932 655 2986 ΙΙΙ.
669 2932 849 3002 Ραίαεούιφιιε
864 2933 962 2986 iterum
977 2931 1116 3000 confirmat
1126 2933 1308 3000 possessiones
1324 2937 1349 2985 et
1364 2934 1537 3001 εωειυμιίοιιιε

246 3038 405 3092 νιοιιαείατίί
414 3037 587 3107 declaratque
598 3037 761 3091 monasteria
774 3035 803 3091 S.
818 3037 930 3090 Ιοανινιίσ
941 3037 970 3090 im
982 3037 1075 3090 Monte
1087 3035 1227 3090 Menoeceo
1243 3041 1267 3090 et
1280 3035 1427 3090 Prodrami
1436 3039 1465 3090 ι’τι
1477 3037 1537 3089 arte

258 3140 349 3197 Sama
365 3160 419 3196 εσσε
434 3142 521 3207 amita,
536 3142 737 3212 patriarchalia
753 3148 778 3195 et
792 3143 841 3196 συθ
853 3143 1018 3212 protectione
1035 3141 1146 3214 Ιοαιοινίε
1162 3139 1322 3212 Ραίαεοίσφί
1338 3141 1522 3196 C'amtacrami.

350 3349 367 3420 γ
385 3344 507 3424 Ἔφθασε
530 3345 581 3420 μὲν
603 3346 618 3402 θ
641 3343 788 3423 ἱερώτατος
803 3343 1005 3424 μητροπολίτης
1020 3345 1126 3422 Ζιχνῶν
1142 3341 1189 3402 καί
1204 3343 1358 3424 ύπέρτιμος,
1375 3345 1537 3424 μοναοτήριι

246 3465 309 3546 περί
335 3486 363 3524 τε
391 3467 421 3524 io
448 3470 494 3525 τοῦ
516 3466 677 3536 Μενοικέως
706 3465 768 3544 ύρσς
794 3464 840 3524 καί
865 3465 940 3535 ἐντ’σς
963 3471 1012 3540 τῆς
1033 3465 1146 3535 πόλεως
1169 3465 1277 3544 Σερρῶν
1302 3464 1334 3523 ἐκ
1357 3463 1466 3546 βάθρων
1490 3465 1534 3523 ἀν-

248 3587 359 3668 εγείρας
380 3608 410 3646 τε
432 3585 479 3646 καί
501 3573 708 3664 συστησάμενος,
733 3586 775 3646 ἐπ’
785 3586 895 3662 ὀνόματι
912 3586 1051 3665 ἀμφοτέρα
1066 3591 1112 3644 τοῦ
1126 3585 1213 3660 τιμίου
1228 3589 1363 3664 προφήτου
1380 3587 1535 3666 Πρσθρὸμσυ

247 3709 293 3770 καὶ
317 3710 466 3769 Βατττιστσῶ
488 3709 664 3788 τετιμημένα,
695 3709 764 3766 ῶστε
789 3705 924 3768 διατελεῖν
948 3709 1038 3782 μέντοι
1061 3709 1190 3782 ἡνωμένα
1212 3705 1259 3767 καί
1281 3705 1322 3785 ύφί
1336 3705 1375 3766 ἑνί
1397 3711 1535 3786 τυγχάνειν

247 3832 312 3892 ὄντα
333 3830 372 3909 τῷ
397 3830 605 3910 ἡγουμενεύσντι
627 3829 674 3891 καί
695 3837 884 3905 πνευματικῶς
907 3829 1047 3890 διοικοῦντι
1070 3850 1100 3888 τε
1122 3828 1170 3889 καί
1193 3830 1331 3890 διιθύνσντι
1354 3831 1437 3890 αθτοί·
1472 3824 1536 3888 εἶναι

248 3953 279 4014 δὲ
308 3955 339 4012 ia
370 3954 398 4012 ἐν
427 3959 460 4034 τῇ
483 3953 564 4012 πόλει
588 3953 696 4034 Σερρῶν
725 3954 775 4012 tm
803 3927 842 4030 τζύ
866 3947 980 4037 [ἐντῷ]
1006 3957 1051 4012 τοῦ
1075 3953 1236 4023 Μενοικέως
1263 3951 1321 4032 ὄρει
1342 3951 1389 4011 καὶ
1412 3951 1535 4030 μετοχίου

247 4077 334 4156 λόγον
362 4075 437 4153 ἔχειν
465 4073 506 4146 είς
534 4076 609 4134 αύτό·
650 4076 748 4154 ἔφθασε
772 4073 802 4134 δὲ
825 4075 927 4147 τούτοις
950 4075 1187 4153 ἐπιχορηγηθέντα
1209 4072 1255 4133 καί
1277 4073 1473 4154 χρυσύβουλλα
1494 4069 1535 4133 καὶ

247 4199 443 4278 προστάγματα
472 4201 518 4258 τοῦ
547 4218 577 4256 τε
609 4197 732 4272 ἀοιδίμου
754 4195 799 4255 καὶ
824 4195 974 4276 μακαρίτου
997 4196 1074 4274 άγίου
1097 4217 1149 4272 μου
1171 4197 1299 4256 αίιθέντου
1321 4194 1368 4256 καί
1391 4197 1533 4272 βασιλέως,

247 4323 293 4380 τού
315 4322 425 4379 πάππου
446 4325 495 4394 τῆς
519 4317 662 4391 βασιλείας
685 4337 746 4396 μου,
777 4317 879 4392 ὁμοίως
900 4316 948 4377 καί
970 4324 1018 4393 τῆς
1041 4317 1184 4393 βασιλείας
1208 4339 1269 4396 μου,
1301 4315 1399 4398 ἑδραῖα
1421 4318 1472 4393 μὲν
1493 4312 1534 4376 καί

247 4444 334 4516 πάντη
363 4437 553 4522 ἀμετάτρεπτα
579 4441 612 4500 τά
634 4441 768 4520 προσόντα
790 4440 901 4520 τούτοις,
931 4443 948 4500 i
972 4439 1016 4499 διά
1037 4461 1067 4498 τε
1089 4441 1306 4520 προσταγμάτων
1329 4437 1375 4499 καί
1399 4439 1432 4500 ἐκ
1453 4459 1533 4520 προσ-

354 4699 373 4765 ¹)
393 4698 433 4750 καί
451 4697 585 4766 εὑρίσκεται
604 4699 629 4752 S.
701 4699 721 4763 ²)
742 4696 876 4766 εύρίσκεται
896 4727 928 4737 -
948 4697 1093 4766 ἐπιμελεῖται
1110 4699 1136 4751 S.
