3208 5310
1292 341 1332 405 29

151 537 280 608 Ὦσαθσως
310 536 357 598 καί
383 539 418 598 τὰ
438 543 487 613 τῆς
511 542 597 614 μονῆς
619 541 665 597 τσθ
688 535 765 616 ἁγίου
788 533 940 596 ἀποστόλου
963 534 1065 616 Ἐσδρθι
1086 537 1225 614 χωροίριον
1248 535 1332 618 ἐντῇ

64 662 123 719 θὲσει
141 664 181 720 τοῦ
197 659 387 739 Ιίυρσκοινθίου
409 661 439 720 τδ
463 659 635 736 καλούμενον
658 663 708 734 τῆς
723 657 891 736 Ἀγηλιοινῆς
906 658 952 718 σδν
968 661 1013 717 τοῦ
1030 658 1163 738 κάτωθεν,
1178 657 1227 718 καὶ
1243 660 1334 740 ἕτερον

63 784 87 840 τί
104 781 260 856 καλούμενον
282 786 330 842 τοῦ
351 783 470 858 Κοίμπου
492 779 539 840 καί
561 781 688 860 ἁποπὲρα
709 779 826 856 πλησίον
849 779 987 860 χωραρίσυ
1009 784 1054 840 τοῦ
1079 779 1248 858 Ἇβαοτάγου
1272 780 1335 844 ὄντα

62 895 316 982 ιἰμρὲιερστὲσσαρα
337 905 477 978 κσμμὰτιοι
500 902 603 978 μοδίων
618 901 656 980 γ’,
680 903 746 982 ὅπερ
770 901 830 978 ἔχει
846 900 912 975 οιίτὴ
934 903 953 976 ἡ
977 902 1115 979 σίγιωτσίιη
1132 901 1334 976 ἐπιδηλωθεῖσα

62 1025 117 1098 μονὴ
137 1025 184 1084 ἁπθ
209 1017 385 1104 ἀφιερώσεως
406 1030 459 1084 τῶν
482 1023 587 1084 παίδων
611 1022 715 1084 ἐκείνου
730 1022 867 1096 Καβάλσυ
885 1021 924 1106 (ί)
947 1027 993 1083 τοῦ
1016 1024 1104 1104 μιοὲρι
1120 1023 1257 1084 Ἰωάννου.
1281 1025 1333 1102 σίρ-

61 1149 131 1219 μθκιοι
157 1145 201 1206 δύο
229 1144 264 1206 τὰ
294 1146 399 1206 ἄνωθεν
420 1149 466 1206 τοῦ
488 1147 611 1226 Βορὰτου
632 1144 667 1205 τὰ
689 1142 728 1218 εἰς
750 1145 799 1220 τὴν
821 1143 939 1204 πθδωσιν
961 1149 1007 1205 τοῦ
1031 1144 1145 1224 βουνίου,
1176 1145 1211 1204 τὰ
1233 1145 1293 1222 ἔχει
1314 1147 1334 1222 ὴ

60 1269 115 1341 μονὴ
134 1267 183 1327 ἁπδ
205 1267 266 1339 τοδς
290 1267 337 1328 δθο
360 1266 496 1347 θιδσλροδς
518 1266 580 1338 τοὺς
602 1267 785 1346 Τζητζήρους,
809 1265 904 1342 μοδίου
918 1265 956 1328 α’.
981 1269 1061 1346 ἕτερα
1082 1267 1116 1326 τὰ
1138 1268 1281 1345 λεγόμενα
1302 1267 1333 1326 τδ

59 1389 188 1466 Κορακοὶτα
216 1389 261 1448 σὺν
290 1395 344 1448 τῶν
375 1387 515 1449 δυσκόλων
544 1386 592 1448 καὶ
620 1393 674 1447 τῶν
697 1387 838 1468 ἁρμακίων
862 1387 895 1446 τὰ
917 1389 1097 1468 περιελθόντα
1118 1393 1152 1470 ιῄ
1176 1387 1242 1471 ἁγίᾳ
1264 1395 1334 1470 μονῇ

59 1509 100 1568 ίπθ
114 1509 308 1570 Κωνστοιντίνου
330 1513 377 1570 τοῦ
392 1509 565 1588 Γουλολέων,
588 1511 639 1569 θσα
661 1507 708 1570 καί
723 1503 768 1569 οἷά
782 1507 858 1588 εἰσιν,
882 1510 964 1590 μέχρι
986 1509 1186 1590 χωραρίουτοῦ
1202 1509 1335 1586 Πολεμο-

59 1631 142 1710 οίρτσυ.
171 1633 309 1710 χωρὰριον
339 1635 385 1690 τοῦ
408 1631 503 1702 Ῥθζσυ
532 1632 563 1692 τδ
592 1630 709 1706 πλησίον
739 1629 877 1710 χωραρίου
906 1635 952 1690 τοῦ
975 1631 1128 1712 Κορυὰνδρι
1157 1632 1186 1690 τδ
1213 1631 1267 1690 ἁπδ
1290 1633 1335 1690 τοῦ

59 1751 128 1826 Ῥαζῆ
149 1751 239 1828 μοδίου
262 1752 300 1813 α’.
330 1753 422 1833 ἕτερον
444 1753 497 1812 ἁπδ
519 1754 567 1828 σἠν
591 1752 673 1828 σίντην
696 1748 802 1832 δωρεὰν
826 1750 865 1823 είς
885 1753 935 1826 τὴν
950 1753 1084 1812 Αθλωνᾶν
1105 1754 1136 1812 τδ
1158 1751 1274 1829 πλησίον
1290 1756 1335 1812 τοῦ

59 1879 109 1934 ναοί
128 1879 169 1934 τοῦ
191 1874 270 1953 ἁγίου
286 1873 384 1934 Ἠλιοῦ
406 1875 451 1934 σὺν
473 1881 528 1934 τῶν
552 1875 642 1936 ἐκεῖσε
652 1874 808 1958 Ἰἱσταμένων
824 1873 953 1955 δένδρων,
970 1876 1001 1932 δν
1016 1871 1063 1933 καὶ
1079 1874 1157 1934 σιίτδν
1173 1873 1267 1950 μοδίου
1282 1872 1334 1947 ς”.

59 1995 134 2074 ἕτερον
153 1999 290 2076 χωροίριον
312 1993 360 2056 καὶ
383 1997 461 2056 αθτδν
484 1997 537 2058 ἀπδ
558 2001 604 2057 τοῦ
628 1997 712 2072 Ῥαζῆ
734 1997 765 2055 τδ
788 1995 942 2074 λεγόμενον
964 1999 1009 2056 τοῦ
1031 1994 1181 2076 Βουίδηλα,
1204 1996 1266 2055 ὅσον
1288 1993 1336 2054 καί

60 2109 102 2174 οἶόν
122 2117 180 2194 ἐστι,
203 2118 274 2194 μετὰ
295 2120 397 2190 παντὸς
411 2123 463 2204 Ιτοῦ
483 2121 694 2199 περιωρισμένου
710 2117 813 2178 δικαίου
826 2120 915 2178 αυτοῦ.
939 2116 1040 2193 ὁμοίως
1054 2115 1102 2176 καί
1116 2117 1170 2176 ἀπὸ
1186 2119 1335 2177 Κωνοταν-

61 2237 115 2296 ιῖνσυ
134 2243 175 2300 τοῦ
190 2240 275 2314 Ῥεζῆ
299 2241 433 2320 ἁρμάκιον
455 2247 505 2316 τῆς
524 2241 703 2321 Φερεγοθσας
726 2241 770 2298 σὺν
798 2244 843 2300 τοῦ
865 2241 987 2300 κὰτωθεν
1011 2238 1145 2320 ἁρμακίου
1166 2245 1216 2316 τῆς
1231 2240 1335 2320 Ἀγρα-

60 2359 146 2438 αιδέσς,
167 2362 306 2441 ἀμφότερα
328 2360 422 2436 μοδίου
438 2360 474 2420 σι’.
499 2363 591 2440 ἕτερον
613 2363 751 2442 χωράριον
773 2365 820 2420 τοῦ
838 2360 963 2440 Πλαγίου
986 2361 1017 2420 τδ
1032 2361 1102 2420 κατὰ
1119 2361 1258 2434 ἀνατολὰς
1273 2361 1335 2422 κεί-

61 2499 125 2551 μενον
150 2487 196 2557 τῆς
225 2484 310 2558 αὐτῆς
339 2481 419 2562 σίγίσς
449 2488 537 2558 μονῆς
565 2485 595 2542 τδ
617 2481 665 2542 καί
694 2481 810 2558 πλησίον
840 2482 979 2563 χωραρίου
1000 2487 1046 2542 τοῦ
1070 2481 1265 2559 Στληβοπὲτζη
1288 2481 1335 2543 καὶ

62 2600 122 2660 οὗτοι
142 2603 191 2663 ἁπδ
212 2607 259 2664 τοῦ
276 2603 372 2684 Ῥαζη,
395 2603 496 2678 μοδίων
512 2602 539 2662 α’
551 2602 603 2678 ς”.
627 2602 667 2676 είς
688 2605 734 2664 τδν
757 2605 835 2664 αθτδν
857 2606 940 2664 τόπον
964 2604 1097 2683 ἁρμσίκιον
1119 2609 1165 2664 τοῦ
1181 2604 1335 2682 Χοιλεπὲδη

60 2723 83 2779 σθ
104 2723 150 2784 ἁπθ
172 2726 283 2806 Μαθρου
311 2729 357 2786 τοῦ
380 2725 522 2798 Ἀληθινοϋ
550 2725 645 2800 μσδίσυ
667 2724 717 2800 ς”.
750 2726 843 2805 ἕτερον
869 2727 900 2785 τδ
923 2725 1028 2785 ἄνωθεν
1050 2726 1152 2804 τούτου,
1180 2727 1211 2785 εδ
1234 2725 1294 2804 ἔχει
1317 2727 1335 2802 ἡ

61 2845 115 2918 μονὴ
134 2845 184 2905 &rso
205 2852 251 2906 τοῦ
266 2846 473 2926 Στληβοπὲτζη,
497 2847 550 2916 ἕως
572 2853 621 2922 τῆς
637 2847 800 2926 Πυλουργῆς
823 2845 938 2906 καὶτοῦ
960 2847 1104 2928 περιγθρου
1126 2852 1176 2923 τῆς
1200 2848 1282 2923 αὐτῆς
1298 2847 1335 2906 ἁ-

61 2962 108 3038 γίας
127 2975 215 3044 μονῆς,
239 2967 342 3044 μοδίων
358 2967 384 3028 α’
396 2967 448 3042 ς”.
470 2970 609 3048 χωρὰριον
632 2970 662 3028 ἐν
683 2975 716 3050 τῇ
745 2969 816 3028 θέσει
838 2971 885 3028 τοῦ
901 2967 1055 3049 Θρομβέως
1070 2970 1100 3028 εδ
1116 2969 1269 3046 λεγόμενον
1285 2974 1336 3044 τῆς

63 3083 194 3166 Γυπέρνας,
217 3091 248 3148 τδ
271 3090 333 3167 ἔχει
353 3090 372 3164 ἡ
396 3090 466 3168 μονὴ
489 3089 536 3150 ἀπ’
549 3089 653 3150 ἐκείνου
669 3085 737 3175 [τοῦ]
753 3090 849 3170 ἱερέως
863 3095 910 3150 τοῦ
926 3085 1180 3176 Ἀστεροπ[οθλου],
1196 3093 1335 3165 κομμοίτια

63 3204 106 3286 δίο,
130 3209 225 3284 μοδίων
249 3209 276 3270 σι’
288 3209 330 3284 ς”
360 3210 465 3271 τδ·καί
486 3212 605 3286 πλησίον
626 3216 671 3271 τοῦ
696 3213 794 3292 Βάρου.
830 3213 921 3292 ἕτερον
942 3213 1080 3292 χωρὰφιον
1102 3215 1148 3271 τοῦ
1171 3211 1249 3291 ἁγίου
1271 3213 1335 3270 Σώ-

64 3327 134 3402 ζσντσς
158 3333 239 3412 ἤγουν
265 3337 312 3392 τοῦ
338 3333 500 3414 Περὰμοιτος
527 3335 557 3392 πδ
586 3334 783 3412 ἐπιλεγόμενον
810 3337 856 3394 τοῦ
879 3333 986 3393 Σταλοῦ
1008 3335 1038 3392 τδ
1060 3331 1175 3409 πλησίον
1197 3333 1336 3412 χωραρίου

63 3455 96 3508 τοί
113 3453 273 3533 ἱθβαοτιίγου
295 3453 343 3514 καὶ
365 3456 488 3514 κάτωθεν
509 3456 648 3536 χωραρίου
670 3461 719 3532 τῆς
736 3457 880 3534 Ῥοθχειας
903 3456 993 3536 ἐντῷ
1016 3452 1098 3534 δεξιῷ
1122 3457 1200 3537 μέρει
1222 3459 1267 3515 τοῦ
1291 3455 1336 3514 δι-

65 3577 189 3650 τ,γσμὲνου
202 3581 337 3656 ποταμοῦ,
352 3579 382 3636 ιδ
398 3577 541 3658 περιελθδν
557 3584 590 3660 ιγ’]
607 3578 673 3660 ἁγίᾳ
688 3583 757 3659 μονῇ
774 3578 826 3636 ἀπο
842 3582 888 3637 τοῦ
900 3575 1064 3638 Ἰωσιννικίου
1079 3575 1176 3657 ἱερέως
1191 3582 1236 3638 τοῦ
1249 3576 1337 3655 Ἄθω·

65 3693 112 3774 ρίπ,
130 3700 158 3757 δν
180 3699 282 3774 μοδίων
298 3697 334 3772 β’.
364 3700 458 3778 ἕτερον
481 3699 534 3758 ἀπδ
556 3699 604 3773 τὴν
628 3699 710 3773 αὐτὴν
733 3697 838 3778 δωρεὰν
862 3697 901 3770 εἰς
916 3700 946 3758 τδ
963 3699 1082 3778 Πιθοίριν,
1099 3701 1129 3758 τδ
1143 3698 1260 3775 πλησίον
1275 3720 1337 3777 χω-

65 3817 134 3894 ροηίσυ
154 3825 198 3880 τοῦ
214 3820 411 3895 Σεληβοπέτζη
433 3818 479 3880 καί
503 3825 548 3880 τοῦ
565 3820 748 3895 Φλεβσιθμου
770 3821 800 3879 εδ
822 3819 948 3894 κείμενον
972 3819 1042 3879 κατὰ
1063 3818 1167 3896 δυσμὰς
1181 3825 1230 3898 τῆς
1245 3820 1336 3896 δημο-

65 3935 108 4009 νίας
125 3941 184 4001 ὁδοῦ
205 3942 252 4000 σθν
274 3947 321 4001 τοῦ
344 3941 478 4022 ἁρμακίου
500 3945 546 4001 τοῦ
568 3936 640 4000 κατὰ
661 3942 785 4020 κεφαλῆς
804 3943 931 4016 κειμένου
950 3945 996 4000 τοῦ
1012 3941 1091 4000 αθτοθ
1106 3941 1245 4021 χωρορίου
1259 3941 1337 4016 πλη-

66 4059 106 4118 σίον
122 4069 167 4139 τῆς
187 4063 252 4123 ὁδοῦ
275 4062 377 4137 μοδίων
393 4063 429 4138 β’.
452 4066 591 4144 χωροίριον
614 4061 652 4134 εἰς
674 4063 722 4137 τὴν
739 4062 871 4142 περιοχὴν
886 4066 931 4122 τοῦ
948 4062 1062 4134 Φίνικος
1077 4063 1108 4122 τδ
1123 4063 1276 4142 λεγόμενον
1291 4067 1337 4122 τοῦ

68 4177 216 4258 θελομῶνος
230 4186 262 4244 τδ
284 4184 401 4260 πλησίον
415 4183 553 4264 χωρσρίου
568 4189 614 4245 τοῦ
629 4183 781 4265 Γρηγορίου
794 4183 842 4244 καί
854 4185 1030 4244 ἁποκοίτωθεν
1047 4183 1183 4258 ἀμπελίου
1198 4188 1243 4244 τοῦ
1259 4185 1337 4244 Mav-

70 4298 145 4384 θοιίσυ,
165 4307 200 4366 τὰ
212 4305 396 4384 περιελθόντα
409 4313 442 4388 τῇ
458 4306 524 4390 ἁγίᾳ
540 4313 609 4388 μονῇ
625 4307 679 4366 ἀπὸ
695 4304 822 4366 Ἰωάννου
837 4311 882 4366 τοῦ
898 4307 1058 4386 Μοθωνὲου,
1074 4304 1175 4380 μοδίων
1190 4305 1216 4380 β’
1228 4305 1281 4379 ς”.
1305 4307 1337 4366 ἕ-

69 4440 122 4500 τερον
136 4426 273 4510 χωροίριον
297 4428 353 4488 ἁπδ
374 4429 423 4502 τὴν
446 4429 529 4504 σιωπὴν
552 4428 657 4508 δωρεὰν
674 4427 713 4500 εἰς
728 4430 758 4488 τὸ
773 4429 874 4509 χωρίον
889 4433 943 4488 τῶν
960 4429 1077 4507 Ἱλὰρων
1093 4430 1123 4487 τὸ
1139 4429 1292 4506 λεγόμενον
1307 4431 1338 4492 τδ

66 4543 204 4630 ίίρὰμοτον,
218 4551 247 4609 ἐν
262 4543 286 4628 ᾧ
299 4550 449 4610 διὰκεινσσιι
461 4548 488 4608 οιί
500 4547 597 4609 οἰκεῖαι
610 4549 746 4630 Γεωργίου
761 4553 806 4608 τοῦ
819 4551 964 4629 Κωρονέου
978 4553 1009 4609 δν
1020 4549 1172 4628 χωρίσεως,
1185 4549 1287 4624 μσδίων
1299 4549 1336 4625 β’.

69 4664 134 4746 ἕτερον
145 4675 283 4752 χωρσίριον
306 4668 346 4742 είς
367 4673 411 4730 τὸν
426 4669 547 4731 Αὐλῶνα
562 4671 593 4730 τδ
608 4666 661 4730 ἀπδ
678 4675 722 4729 τοῦ
740 4671 865 4749 μεγάλου
881 4669 1023 4746 οίκσνθμου
1038 4672 1068 4730 τδ
1083 4671 1236 4748 λεγόμενον
1254 4671 1338 4730 [ίαπᾶ
