3246 5288
1281 357 1346 422 433

29 551 91 620 ·ι“ις
126 547 229 626 άγίαις
255 550 493 628 τεσσαρακοσταίς.
532 547 567 609 θ’.
592 547 659 628 Περὶ
685 553 732 610 τοῦ
759 549 992 625 ἀναγινώσκεσθαι
1014 552 1044 610 τό
1065 551 1152 630 τιαρόν
1173 552 1283 612 τυτικόν
1308 549 1346 622 εἰς

29 673 168 744 ἐπήκοον
199 674 316 731 πάντων.
342 670 368 733 ι’.
394 671 555 751 Παραίνεσις
581 675 628 732 τοῦ
656 671 815 752 ὀλοοχερώς
838 673 1000 751 ἀντέχεσθαι
1021 673 1084 746 τοθς
1106 673 1268 747 διακονητάς
1291 677 1345 732 τῶν

29 793 196 853 διακονιῶν
223 795 319 854 αὐτών.
358 793 404 856 ια’.
429 787 495 874 Περί
521 797 568 854 τοῦ
597 789 658 878 [μὴ]
669 791 691 875 ¹)
719 790 789 854 είναι
817 795 845 854 ἐν
871 801 905 878 τῇ
933 801 1002 878 μονῇ
1031 795 1227 868 κελλιώταςῆ
1255 815 1343 854 κατα-

28 915 198 988 πεμττοίις.
229 913 276 988 ιβ’.
293 913 360 996 Περὶ
375 922 426 992 τῆς
441 915 638 994 εθλογίαςτών
654 913 791 996 ἀδελφῶν.
823 916 868 995 ιγ’.
887 915 953 996 Περὶ
970 913 1182 996 έξαγορεθσεως.
1216 914 1259 976 ιδ’.
1277 913 1346 991 Περὶ

28 1041 82 1094 τοῦ
117 1037 161 1110 μὴ
188 1033 359 1116 είσέρχεσθαι
381 1040 497 1114 γυναῖκα
522 1037 550 1096 ἐν
572 1043 613 1118 τῇ.
633 1043 713 1120 μονῇ.
754 1036 797 1100 ιε’.
826 1036 893 1116 Περὶ
914 1038 1037 1117 λουτροῦ.
1077 1036 1127 1111 ις’.
1153 1035 1220 1116 Περὶ
1244 1033 1312 1122 [τοῦ]
1321 1035 1345 1118 ²)

28 1162 170 1218 τάττικοῦ.
211 1157 254 1229 ιζ’.
280 1157 347 1238 Περὶ
369 1163 414 1220 τοῦ
441 1157 480 1235 μὴ
503 1158 668 1239 ἀργολογεϊν
676 1157 700 1242 ³)
722 1159 783 1231 τοθς
804 1161 1019 1238 συνερχομένους
1043 1160 1149 1230 ἐντοῖς
1172 1158 1345 1240 ἐργοχείροις

32 1281 146 1340 αἰτιῶν.
175 1278 220 1354 ιη’.
235 1280 397 1360 Παραίνεσις
412 1281 479 1361 προς
494 1280 555 1353 τοὺς
570 1280 704 1364 ἀδελφοὺς
718 1279 780 1362 περὶ
796 1281 917 1358 ἐκλογῆς
936 1282 1099 1362 ἡγουμένου.
1123 1279 1166 1340 ιθ’.
1185 1280 1346 1360 Παραίνεσις

30 1403 113 1480 στρος
137 1403 186 1462 τόν
200 1407 368 1482 προεστῶτα,
390 1407 449 1474 τώς
473 1401 625 1464 διακεῖσθαι
640 1401 744 1482 ὀφείλει
758 1403 820 1482 τρός
843 1403 892 1480 τήν
908 1402 1090 1482 ἀδελφότητα.
1120 1400 1157 1463 κ’.
1183 1401 1345 1482 Παραίνεσις

38 1525 131 1602 ἑτέρα
159 1525 228 1604 πρός
256 1523 318 1593 τοθς
345 1523 490 1602 άδελφοθς.
528 1492 598 1585 ια’..
612 1521 739 1596 Διάταξις
766 1522 828 1602 περὶ
853 1525 1006 1602 ἡγουμόιου
1032 1522 1080 1584 καί
1105 1529 1159 1584 τών
1190 1524 1250 1598 μετ’
1267 1525 1346 1584 αὐτοίι

36 1648 190 1726 τεσσάρων
214 1645 352 1726 ἀδελφῶν,
377 1653 436 1717 πῶς
459 1643 610 1724 ὀφείλουσιν
633 1641 702 1706 είναι
725 1645 764 1718 είς
787 1643 962 1724 διεξαγωγὴν
985 1652 1034 1722 τῆς
1062 1651 1157 1721 μονῆς.
1195 1645 1251 1722 ιβ’.
1277 1644 1346 1724 Περί

39 1771 93 1828 τοῦ
121 1767 221 1848 ἐφόρου
242 1766 290 1828 καί
311 1771 452 1848 κτητορος.

256 1974 292 2038 α’.
318 1975 498 2056 Προοίμιον
520 1983 579 2053 τῆς
600 1977 766 2056 παρούσης
788 1981 926 2052 τυπικῆς
949 1973 1145 2050 διατάξεως.

159 2129 213 2192 Ἦν
240 2129 294 2212 ἀρα
316 2130 363 2194 καὶ
389 2137 467 2194 τοῦτο
492 2139 542 2209 τῆς
567 2132 629 2212 περί
655 2134 729 2209 ἡμᾶς
754 2135 801 2192 τοῦ
827 2133 890 2193 θεοῦ
916 2130 1119 2212 φιλανθρωπίας
1142 2130 1277 2211 ἐχέγγυον
1298 2130 1356 2192 καί·

48 2262 101 2330 της
125 2253 232 2316 ἐκείνου
253 2254 419 2332 κηδεμονίας
441 2257 582 2335 κράτιστον
606 2255 708 2335 δεῖγμα
729 2256 758 2314 τ“ο
781 2255 860 2333 λόγῳ
887 2253 939 2330 μέν
961 2259 1014 2314 τών
1037 2253 1134 2314 σίλλων
1159 2255 1284 2314 ἁπάντων
1307 2251 1347 2325 είς

50 2380 129 2452 ἡμᾶς
157 2378 381 2455 εὐεργετημάτων
407 2378 453 2438 τόν
483 2378 623 2457 άνθρωτου
652 2378 807 2457 τιμηθῆναι,
837 2376 870 2436 ἵν’
887 2377 957 2438 οίιτω
983 2377 1062 2456 λόγῳ
1090 2376 1141 2451 μὲν
1167 2378 1246 2447 ζῶντι
1272 2376 1347 2456 παρὰ

51 2506 107 2560 τῶν
131 2497 161 2559 εὖ
183 2497 295 2560 είδότων
321 2500 367 2560 τόν
394 2497 452 2572 βίον
479 2497 590 2560 ίθίινοιτο
612 2505 661 2576 τῆς
684 2499 790 2572 εθθείας
811 2499 1081 2580 ταρεκτρειτόμενον·
1110 2498 1348 2580 ,,ἑτιστρεψάντων

52 2625 108 2702 γάρ
140 2621 207 2703 μείί,
238 2621 326 2702 φησίν,
361 2621 406 2702 ,ρί
435 2619 596 2702 φοβοόμενοί
626 2622 688 2702 σείί,
722 2621 801 2700 λόγῳ
831 2621 863 2682 δὲ
892 2621 1079 2700 γεγραμμένῳ
1109 2619 1156 2680 καὶ
1185 2620 1271 2699 λόγον
1300 2618 1348 2680 καί

53 2741 152 2824 πρᾶξιν
178 2742 225 2804 καὶ
255 2743 329 2820 ἠθῶν
359 2741 538 2826 εῑικοσμίανί)
566 2743 729 2804 ιταιόεθοιτο.
775 2746 879 2824 πτοώτα
904 2742 990 2822 γάρίί,
1020 2762 1112 2820 φησιν,
1143 2744 1252 2821 ,,τάντα
1280 2743 1348 2823 τρός

54 2860 193 2926 νουθεσίαν
215 2867 294 2940 ἡμῶν
316 2865 500 2945 γέγροτιτιιίί.
532 2866 562 2924 οίν
586 2865 668 2940 μόνον
691 2863 733 2944 δέ,
757 2862 902 2924 ἀλλὰκαὶ
925 2855 966 2934 οἷς
988 2864 1003 2922 ὀ
1026 2864 1132 2942 μακρός
1154 2865 1254 2942 χρόνος
1277 2863 1347 2943 ῥέων

57 2985 101 3046 ἀεὶ
127 2985 250 3062 παντελῆ
278 2987 403 3066 ἐσήγαγε
429 2988 478 3062 τὴν
500 2986 639 3066 ἀφάνειαν,
667 2989 750 3046 ταῦτα
772 2983 811 3064 τῷ
837 2986 978 3065 γράμματι
1005 2985 1043 3058 ώς
1067 2984 1095 3044 ἐν
1124 2985 1250 3063 χρώματι
1273 2979 1349 3056 αὖθις

57 3108 280 3185 ἀνακαινίζομεν,
314 3107 360 3168 καὶ
395 3108 462 3169 αθτά
496 3107 588 3168 ἐκεῖνα
620 3111 701 3169 καινά
732 3127 793 3167 τινα
825 3107 887 3166 κατ’
906 3105 967 3184 ὀψιν
1000 3106 1234 3184 κατοπτριζόμεθα
1267 3105 1346 3184 λόγῳ

58 3233 238 3310 ζωγραφοῦντι
254 3229 287 3290 τὰ
305 3229 412 3290 παλαιὰ
432 3227 510 3310 καὶὸ)
530 3229 703 3308 παρελθόντα
722 3226 769 3290 καί
784 3228 915 3308 ῥεθσαντα
933 3225 1147 3309 ταριοτώντεςθ)
1164 3227 1202 3299 ώς
1217 3228 1344 3304 μένοντα.

59 3353 169 3432 ἀρκτέον
197 3349 227 3410 δὲ
255 3372 301 3426 μοι
329 3350 461 3428 ἐντεῦθεν,
489 3351 563 3420 ὅπως
585 3347 632 3409 καὶ
654 3350 717 3410 ὅθεν
739 3349 786 3410 καὶ
809 3351 847 3421 ώς
869 3347 1027 3423 οἰκονομίας
1050 3347 1176 3429 ἀρρήτοις
1198 3348 1307 3426 τρόποις
1329 3350 1346 3424 ἡ

59 3475 119 3533 καθ’
136 3473 209 3548 ἡμᾶς
235 3472 287 3547 ἥδε
314 3470 450 3548 σεβασμία
478 3472 588 3547 συνέστη
617 3473 700 3546 μονη·
729 3471 832 3551 θιτρδς
859 3470 960 3548 τατρός
989 3467 1050 3544 ἐμοὶ
1077 3469 1151 3540 θεῖος
1173 3467 1220 3528 καί
1241 3472 1350 3550 πατὴρ,

60 3596 106 3670 τὴν
132 3595 228 3672 κλῆσιν
255 3589 467 3679 Ἰωαννίκιοςί),
498 3594 536 3654 ἔτι
565 3593 641 3672 άγων
670 3593 734 3652 νέαν
763 3593 811 3667 τὴν
838 3592 948 3668 ἡλικίαν
979 3593 1149 3667 μετανάστης
1175 3595 1225 3669 τῆς
1253 3592 1347 3652 ἑαυτοῦ

60 3715 183 3796 πατρίδος
204 3715 352 3794 γενόμενος
373 3714 417 3775 διὰ
433 3719 478 3776 τόν
493 3716 561 3796 τρός
582 3715 644 3775 θεόν
660 3713 740 3776 αὑτοῦ
759 3715 859 3796 θερμόν
875 3715 964 3795 ἔρωτα
979 3711 1079 3794 καὶτῷ
1094 3713 1346 3794 ἀγίῳιτροσβαλών

62 3839 115 3917 ὀρει
144 3837 181 3914 τῷ
208 3833 283 3917 Ἄθῳ
312 3836 359 3898 καί
389 3837 418 3897 έν
448 3835 520 3915 αθτῷ
549 3837 598 3907 τάς
628 3837 724 3918 τρίχας
753 3833 902 3916 ἀποκαρείς
933 3836 1022 3896 ἐκεῖσε
1051 3835 1096 3896 τθν
1124 3835 1219 3896 ἑαυτοῦ
1245 3835 1346 3916 δρόμον

63 3960 163 4030 ἀόκνως
189 3957 235 4020 διὰ
260 3965 310 4036 τῆς
337 3959 459 4034 έκκοτῆς
484 3961 531 4018 τοῦ
557 3957 658 4018 οἰκείου
688 3958 845 4034 θελήματος
871 3958 977 4038 τρέχων
1003 3954 1047 4038 ἦν,
1078 3957 1217 4018 ἀντλαστον
1242 3955 1290 4018 καί
1316 3959 1347 4018 τδ

63 4125 262 4136 ι--α--ιι-ι-

163 4227 181 4294 ¹)
201 4227 384 4294 Supplondum
408 4226 520 4278 videtur.
592 4226 612 4290 ²)
634 4225 832 4293 supplevimus.
903 4225 923 4292 ³)
947 4221 1122 4293 ἀργυρολογεῖν
1144 4224 1170 4276 S.
1194 4263 1197 4271 ι
1240 4225 1262 4290 ⁴)
1281 4223 1347 4275 τόκο-

65 4323 138 4392 ομίων
156 4323 180 4374 S.
235 4323 255 4388 ⁵)
275 4319 342 4392 κάγώ
359 4324 385 4374 Β.
438 4321 459 4388 ⁶)
478 4321 602 4388 παριστῶν
620 4337 645 4372 τι
663 4321 688 4372 S.
744 4321 763 4388 ⁷)
781 4321 848 4388 Ejus
866 4322 967 4372 mentio
985 4320 1015 4372 fit
1033 4323 1114 4372 etiam
1132 4323 1161 4371 in
1177 4320 1235 4372 doe.
1252 4327 1348 4372 metro·

65 4421 157 4488 politae
169 4419 305 4470 Senatum
317 4418 402 4470 Jacob
420 4420 485 4470 anni
504 4419 570 4469 1359
589 4419 651 4469 dato
670 4419 698 4468 in
716 4417 834 4469 favorem
853 4419 1004 4468 monasterii
1017 4417 1193 4482 Esphigmeni
1210 4418 1239 4466 in
1256 4422 1348 4467 monto

66 4516 137 4580 Atho,
163 4515 205 4565 cui
234 4515 349 4565 donatur
372 4513 500 4583 μονόὀριον
522 4516 564 4564 τοῦ
588 4509 656 4581 ἀγίου
680 4511 811 4582 Γεωργίου,
835 4510 1040 4580 ἐπονομαζόμενον
1058 4510 1071 4562 ὁ
1090 4510 1211 4580 Παρίακος
1231 4549 1258 4564 ..
1277 4551 1283 4561 .
1301 4506 1348 4578 πρὸ

66 4611 153 4681 χρόνων
169 4607 213 4660 οὐκ
231 4605 322 4678 ὀλίγων
341 4607 373 4660 δι’
384 4607 523 4678 ἐκόοτηρίου
541 4607 683 4678 γράμματος
703 4611 745 4659 τοῦ
764 4607 894 4659 ἐπισκόπου
912 4605 1023 4673 Ἠιβῶν,
1042 4609 1086 4675 κῦρ
1105 4604 1260 4658 Ἰωαννικίου.
1278 4607 1347 4658 vide

67 4709 136 4758 infra.
153 4706 250 4757 Confer
268 4707 423 4772 Florinskij‚
443 4706 591 4757 Athonskie
609 4706 688 4770 Akty.
707 4704 853 4770 Petropoli.
875 4705 950 4754 1880.
969 4721 993 4769 p.
1012 4705 1054 4753 87.

1106 4807 1139 4856 28
