3208 5310
231 365 274 428 22

231 560 369 638 χωράρισν
391 559 421 616 τδ
444 557 615 631 καλοθμενον
638 559 684 616 τοῦ
699 557 865 636 Κυθριῶνος,
888 556 981 627 καθώς
1004 555 1060 614 ἐστι
1079 555 1290 634 περιωρισμένον
1306 553 1378 612 κατὰ
1393 545 1549 621 ἀνατολὰς

232 676 325 752 ἀπέξω
347 684 393 739 τοῦ
413 679 513 758 τράρου
535 677 582 737 καί
605 677 704 758 γυρίζει
728 679 743 736 ὁ
766 678 866 756 δρόμος
875 675 898 758 ¹)
918 676 964 736 σθν
986 681 1033 736 τοῦ
1049 676 1151 736 ἀνωθεν
1167 673 1405 755 προσκεφαλαδίου
1420 671 1470 734 καὶ
1488 680 1549 748 τῆς

233 803 357 880 άρμακος
379 805 429 876 τῆς
450 800 573 859 κάτωθεν
595 803 645 874 τῆς
660 799 821 878 Χαλικεράς
843 796 890 858 καί
912 799 993 877 μέχρι
1015 802 1061 858 τοῦ
1084 796 1163 876 ἁγίου
1178 797 1342 877 Δημητρίου,
1366 797 1461 867 καθὼς
1487 817 1548 873 γυ-

234 920 301 1002 ρίζει
323 923 338 980 δ
359 923 492 1002 ποταμός,
519 922 581 982 ὅσον
603 919 650 980 καὶ
673 915 729 980 οἷόν
752 921 830 979 ἐστιν.
857 921 948 1001 ἕτερον
970 921 1001 979 τδ
1024 919 1150 998 ἀπδπερα
1171 925 1217 979 τοῦ
1238 921 1361 994 ποταμοῦ
1376 919 1406 977 τδ
1423 917 1547 977 καλού-

235 1063 316 1119 μενον
338 1048 383 1103 τοῦ
398 1045 517 1124 Λουκέρι
538 1041 585 1103 καί
607 1045 772 1124 κατέρχεται
795 1043 877 1122 μέχρι
899 1047 949 1117 τῆς
971 1041 1034 1101 δδοῦ
1058 1039 1161 1116 μσδίων
1183 1039 1220 1116 η’.
1245 1042 1337 1120 ἕτερον
1352 1041 1383 1099 τδ
1401 1041 1550 1118 σύνεγγυς

234 1164 326 1225 τούτου
349 1168 394 1224 τοῦ
417 1168 576 1246 περάματος
597 1161 644 1224 καὶ
666 1165 790 1224 κάτωθεν
812 1169 862 1240 τῆς
885 1163 949 1224 ὁδοῦ
972 1161 1018 1221 καί
1039 1157 1155 1237 πλησίον
1178 1161 1280 1242 χωρίου
1302 1165 1348 1220 τοῦ
1371 1161 1549 1220 Μανδακίου

235 1285 337 1362 μοδίων
354 1285 389 1359 β’.
414 1288 507 1365 ἕτερον
528 1287 560 1344 τδ
582 1285 755 1361 καλούμενον
777 1290 827 1361 τῆς
842 1285 950 1354 Λυθέας
971 1283 1002 1343 τδ
1024 1283 1140 1360 πλησίον
1161 1286 1207 1342 τοῦ
1223 1282 1384 1362 Σαβιρσίτου,
1400 1281 1448 1341 καὶ
1463 1305 1548 1343 κατ-

236 1409 347 1487 έρχεται
377 1409 458 1488 μέχρι
482 1407 632 1486 θαλάσσης,
664 1406 765 1482 μοδίων
789 1407 867 1466 δέκα.
899 1408 991 1485 ἕτερον
1013 1407 1044 1465 τδ
1066 1404 1220 1484 λεγόμενον
1242 1405 1273 1463 τδ
1296 1403 1485 1483 Μακρολεχὶν
1511 1407 1549 1465 τὶν

235 1527 352 1604 πλησίον
374 1527 514 1607 χωραρίου
536 1533 582 1588 τοῦ
605 1527 776 1608 Μανδακίου,
804 1529 872 1607 πρδς
895 1525 926 1586 δὲ
947 1529 978 1586 τδ
1001 1523 1159 1608 ἀρκτικδνῖ)
1183 1527 1266 1606 μέρος
1289 1527 1372 1606 μέχρι
1393 1527 1549 1605 χωραρίου

235 1653 281 1709 τοῦ
303 1650 453 1729 Δρεπάνου,
483 1651 551 1728 πρδς
582 1649 613 1708 δὲ
642 1649 677 1708 τά
700 1649 802 1709 ἀνωθεν
830 1649 913 1728 μέχρι
942 1651 988 1707 τοῦ
1016 1651 1167 1728 χειμάρρου
1196 1645 1243 1708 καὶ
1273 1647 1366 1718 καθὼς
1394 1647 1504 1726 γυρίζει
1531 1649 1549 1706 δ

235 1767 400 1850 προρρηθεὶς
426 1769 576 1850 χείμαρρος
603 1773 685 1850 μέχρι
712 1770 863 1846 θαλάσσης,
894 1771 957 1830 ὅσον
980 1768 1027 1828 καὶ
1050 1763 1104 1828 οἷόν
1129 1769 1207 1830 ἐστιν.
1241 1769 1333 1848 ἕτερον
1354 1769 1385 1826 τδ
1408 1768 1467 1826 ἀνω
1493 1770 1550 1828 καί

236 1894 311 1952 κάτω
340 1895 387 1951 τοῦ
417 1891 496 1951 σιὐτοθ
526 1893 678 1970 χειμάρρου
700 1891 730 1950 τθ
753 1890 906 1968 λεγόμενον
929 1896 978 1965 τῆς
1000 1889 1167 1968 Ῥοδονειάς,
1197 1890 1290 1960 καθώς
1313 1889 1383 1948 ἐστιν
1406 1889 1421 1946 δ
1443 1891 1549 1966 λαχδς

238 2014 321 2091 μέχρι
344 2016 390 2072 τοῦ
413 2009 550 2093 αίγιαλοῡ,
574 2010 675 2088 μοδίων
689 2011 721 2070 ε’.
747 2013 838 2091 ἕτερον
860 2015 906 2070 τοῦ
922 2012 1070 2091 Μυρτζέως
1092 2012 1122 2071 τδ
1137 2011 1291 2090 λεγόμενον
1306 2013 1352 2069 τοῦ
1367 2008 1550 2085 κλείσματος

236 2133 267 2192 τδ
292 2131 408 2208 πλησίον
438 2133 577 2212 χωραρίου
604 2131 694 2213 κυρίου
718 2129 906 2213 Ἀρταβάσδου
935 2137 981 2191 τοῦ
1004 2131 1175 2209 Μανδοικίου,
1208 2132 1270 2190 δσον
1300 2127 1347 2189 καί
1375 2124 1429 2190 οἷόν
1454 2131 1547 2193 ἐστιν.

239 2256 331 2332 ἕτερον
353 2255 383 2312 τδ
405 2255 559 2332 λεγόμενον
582 2255 597 2312 δ
619 2257 720 2333 Μέγας
743 2254 840 2331 Κῆπος
861 2254 978 2329 πλησίον
1000 2253 1139 2334 χωραρίου
1161 2257 1207 2313 τοῦ
1223 2253 1360 2326 Σπληνίου
1383 2253 1467 2332 μέχρι
1486 2255 1548 2313 θα-

239 2375 356 2452 λάσσης,
385 2376 448 2434 ὅσον
470 2373 517 2434 καὶ
548 2370 603 2435 οἷον
628 2376 690 2434 ἐστι.
718 2381 807 2451 κῆπος
828 2379 873 2434 τοῦ
897 2377 1046 2455 Μερτζέως
1069 2375 1114 2434 άιν
1137 2379 1182 2433 τοῦ
1206 2371 1308 2447 ἔξωθεν
1329 2374 1469 2453 χωραρίου
1495 2383 1549 2437 τοῦ

240 2496 355 2570 πλησίον
384 2501 431 2556 τοῦ
454 2497 614 2556 Μανδαιάου
644 2495 691 2556 καί
721 2499 804 2577 μέχρι
833 2501 879 2556 τοῦ
901 2500 989 2572 κήπου
1018 2501 1064 2557 τοῦ
1086 2501 1164 2556 παπᾶ
1186 2497 1271 2571 Μηνᾶ
1300 2497 1346 2555 σὺν
1368 2502 1422 2556 τῶν
1446 2495 1549 2559 ἐκεῖσε

240 2617 390 2691 ἱσταμένων
412 2619 586 2697 ουκομορέων
609 2616 656 2676 καί
680 2619 779 2696 ἑτέρων
803 2617 930 2697 δένδρων,
954 2620 1016 2678 ὅσον
1039 2616 1086 2678 καὶ
1106 2611 1162 2678 οίθν
1178 2617 1259 2677 ἐστιν.
1283 2619 1376 2698 ἕτερον
1398 2622 1548 2700 χωράριον

240 2740 271 2797 τδ
293 2735 409 2813 πλησίον
432 2741 477 2798 τοῦ
499 2742 564 2798 ναοῦ
586 2743 632 2798 τοῦ
655 2738 733 2816 ἁγίου
749 2737 867 2819 Ἐρραίμ
886 2739 932 2799 καὶ
947 2739 1063 2814 πλησίον
1078 2738 1216 2820 χωραρίου
1233 2743 1278 2799 τοῦ
1294 2739 1466 2820 Συροποθλου
1483 2763 1549 2817 μο-

243 2853 299 2918 δίου
321 2857 373 2933 ς”.
397 2862 536 2940 χωράριον
559 2865 605 2920 τοῦ
622 2861 779 2940 Μυρτινέως
802 2862 904 2938 μσδίων
928 2860 964 2936 β’.
989 2863 1081 2942 ἕτερον
1104 2861 1134 2920 τδ
1155 2859 1278 2922 κάτωθεν
1292 2865 1339 2922 τοῦ
1356 2861 1432 2941 ἁγίου
1448 2861 1549 2924 Νικο-

242 2979 312 3039 λάου
335 2981 429 3055 μοδίου
444 2980 496 3055 ς”.
521 2983 613 3060 ἕτερον
635 2985 774 3062 χωράριον
796 2988 842 3042 τοῦ
862 2983 939 3060 άγίου
957 2983 1051 3043 Ἠλιοῦ
1067 2983 1121 3044 ἀπδ
1135 2985 1181 3044 τδν
1196 2985 1318 3060 ποταμδν
1332 2989 1378 3044 τοῦ
1394 2984 1549 3064 Σαμουὴλ,

242 3101 289 3163 καὶ
319 3103 461 3183 ἀνέρχεται
486 3105 568 3185 μέχρι
595 3109 641 3163 τοῦ
672 3103 890 3185 ξυρογυστερνίου
912 3103 959 3164 καὶ
982 3102 1022 3176 είς
1043 3106 1092 3180 τὴν
1116 3105 1297 3184 διερχομένην
1320 3105 1452 3180 δημοσίαν
1477 3107 1550 3167 θδδν

242 3223 289 3284 καί
310 3227 473 3306 περιγυρίζει
495 3226 548 3285 ἀπδ
570 3227 600 3286 τδ
624 3226 755 3303 βιγλάτον
775 3220 823 3286 καὶ
845 3227 995 3306 ἀπέρχεται
1011 3225 1064 3285 ἀπο
1079 3225 1128 3302 τὴν
1145 3226 1235 3286 ἐπάνω
1251 3230 1365 3306 στράτου
1389 3229 1471 3307 μέχρι
1495 3235 1549 3289 τοῦ

242 3345 381 3424 χωραρίου
403 3351 448 3404 τοῦ
464 3346 663 3422 Φιλοκαλήτου
685 3345 732 3406 καὶ
754 3349 918 3427 κατέρχεται
939 3349 970 3407 τδ
993 3349 1100 3427 σθνσρσν
1123 3351 1206 3428 μέχρι
1227 3353 1281 3408 τῶν
1302 3347 1406 3408 ἀλικιῖνν
1423 3349 1477 3419 ἕως
1493 3351 1549 3410 θοι·

243 3467 360 3544 λάοσης,
384 3469 435 3526 θσα
456 3465 503 3526 καὶ
526 3461 570 3526 οἷά
586 3467 651 3545 ἐστι,
674 3466 720 3526 σθν
743 3472 788 3527 τοῦ
812 3468 971 3543 βαλτώδους
994 3467 1116 3528 καὶτῶν
1139 3469 1242 3528 ὑδάτων
1258 3474 1312 3529 τῶν
1328 3469 1405 3529 ἔνδον
1420 3475 1466 3530 τοῦ
1482 3493 1549 3533 τοι·

245 3588 320 3647 σθτου
342 3593 523 3669 περιορισμοῦ.
549 3591 640 3667 ἕτερον
663 3590 802 3668 χωράριον
825 3593 870 3649 τοῦ
887 3589 1003 3667 Πηγάνη
1026 3589 1057 3648 το
1071 3583 1187 3665 πλησίον
1202 3591 1341 3671 χωραρίου
1357 3595 1401 3651 τοῦ
1416 3593 1548 3654 Κουτου-

244 3707 367 3784 λσθμπου
384 3710 465 3784 μέσον
481 3709 608 3785 κείμενον
624 3715 675 3769 τῶν
692 3710 817 3770 τοιοθτων
831 3709 987 3791 χωραρίων,
1003 3711 1095 3783 καθὼς
1111 3708 1252 3784 ἀναβαίνει
1268 3715 1350 3792 μέχρι
1366 3719 1413 3788 τῆς
1425 3717 1549 3793 οτροίτας

244 3828 291 3889 καί
306 3831 388 3905 αἰτίην
404 3830 530 3906 δηλονότι
540 3831 588 3909 τὴν
601 3834 715 3913 στράταν
727 3832 873 3913 ἀνέρχεται
886 3835 969 3913 μέχρι
983 3839 1033 3910 τῆς
1045 3830 1247 3913 ξυλοκερατέας
1258 3832 1305 3894 καὶ
1316 3841 1369 3894 τῶν
1382 3835 1549 3914 ἀκροτόμων

244 3957 360 4032 πετρῶν,
385 3951 485 4028 μοδίων
503 3952 547 4028 ιβ’.
572 3956 710 4034 χωράριον
733 3955 764 4013 τδ
787 3954 959 4029 καλοθμενον
983 3959 1032 4030 τῆς
1048 3956 1245 4036 Ἀγραπιδέας,
1268 3958 1361 4028 καθώς
1378 3957 1431 4016 ἐστι
1447 3978 1546 4036 περιο-

245 4073 379 4154 ρισμένον,
402 4075 465 4134 δσον
489 4065 536 4134 καὶ
559 4069 614 4134 οἷον
638 4075 703 4154 ἐστι,
725 4077 756 4135 τδ
778 4075 825 4135 καὶ
845 4075 961 4153 πλησίον
977 4077 1115 4156 χωραρίου
1129 4082 1175 4138 τοῦ
1191 4079 1320 4157 Ζυγθτου.
1337 4081 1477 4158 χωράριον
1493 4089 1548 4157 τῆς

245 4195 360 4274 Γωνίας,
383 4195 476 4268 καθὼς
499 4197 662 4276 κατέρχεται
686 4197 739 4257 ἀπδ
761 4197 810 4272 τὴν
833 4197 978 4276 Βλεχάδια
999 4197 1047 4258 καί
1069 4197 1122 4260 ἀπδ
1144 4199 1189 4258 τὀν
1211 4202 1333 4276 ποταμ-ὀν
1354 4205 1400 4260 τοῦ
1415 4201 1548 4264 Σκανδο-

245 4317 309 4391 λίτη
332 4315 378 4376 καὶ
400 4323 446 4377 τοῦ
461 4314 617 4403 Συκι[δ]ίου
639 4317 685 4379 καὶ
709 4319 848 4393 ἀναβαίνει
872 4319 925 4378 ἀπδ
946 4321 977 4378 τδ
997 4323 1117 4397 κάθισμα
1131 4321 1178 4382 καί
1192 4323 1222 4381 τδ
1237 4323 1378 4402 πλήρωμα
1391 4328 1438 4383 τοῦ
1454 4324 1547 4385 Ἀνώ-

246 4457 327 4518 ρορου
356 4436 402 4497 καὶ
434 4439 571 4518 διέρχεται
600 4441 631 4500 τδ
660 4441 791 4520 λογκάδη
815 4439 862 4500 καὶ
884 4441 1035 4520 θπσγυρίζει
1057 4443 1105 4518 την
1129 4443 1210 4524 συράν
1234 4445 1317 4524 μέχρι
1339 4449 1389 4519 τῆς
1411 4445 1475 4504 ὁδοῦ
1498 4453 1547 4508 τοῦ

354 4682 372 4746 ¹)
390 4679 487 4747 Apogr.
507 4679 588 4748 δόμος.
633 4683 653 4746 ²)
673 4683 786 4733 Videtur
804 4682 949 4749 legendum
968 4677 995 4733 τὸ
1014 4681 1121 4734 κάτωθεν
1140 4691 1248 4752 propter
1266 4701 1382 4751 nequens
1400 4682 1499 4739 ἄνωθεν.
