3166 5298
245 339 307 404 104

244 529 325 606 ἔταξέ
355 553 384 592 τε
407 529 454 592 καὶ
477 531 668 612 διειυπῶοατο,
704 532 905 612 ἀμετάτρεπτον
936 532 1119 612 διατηρείοθαι
1145 529 1192 590 καί
1217 532 1305 608 πάντη
1333 529 1542 608 ἀμετάβλητον,

243 653 292 714 καί
314 655 353 731 μὴ
377 653 530 732 ὑφίστασθαι
552 654 613 726 τούς
637 655 666 713 ἐν
688 653 797 726 ταύταις
820 655 958 732 μοναχούς
979 653 1053 733 παρά
1074 657 1121 713 τού
1142 652 1213 712 κατά
1228 653 1339 733 καιρούς
1355 653 1384 712 έν
1399 659 1434 734 τῇ
1452 653 1542 730 ἀγιω-

243 779 311 859 τάτη
334 776 501 856 μητροπόλει
516 775 624 854 Σερρῶν
647 774 885 856 ἀρχιερατεύοντος
908 775 1082 854 διενὸχλησίν
1104 795 1163 835 τινα
1185 774 1231 835 καὶ
1255 773 1420 854 διασεισμόν,
1448 777 1545 850 μένοις

245 899 411 979 ἀρκουμένου
433 896 472 976 τῷ
493 918 524 957 τε
548 897 710 977 μνημοσύνη
732 895 779 956 καί
798 895 836 976 τῷ
852 897 959 972 συνήθει
975 897 1054 956 αθτού
1068 893 1213 976 κανονικῷ,
1236 895 1283 956 καὶ
1299 896 1372 973 μηδὲ
1388 897 1432 956 ἐπ’
1443 895 1542 966 ἀδείας

245 1021 357 1098 ἔχοντες
379 1021 507 1080 καθιστάν
533 1020 701 1096 ἡγουμένους
725 1019 753 1078 έν
776 1019 868 1089 αθταῑς
889 1021 907 1092 ἢ
932 1015 1040 1098 ἐξάγειν
1063 1020 1170 1089 τούτους
1193 1015 1224 1090 ἐξ
1248 1019 1344 1097 αἰτιῶν,
1375 1019 1412 1090 ὡς
1435 1025 1494 1078 τῶν
1514 1019 1541 1075 ἐν

245 1143 352 1212 ταύταις
382 1142 546 1219 όρειλόντων
577 1146 707 1219 μοναχῶν
734 1142 779 1200 τὀν
800 1145 989 1216 πνευματικῶς
1015 1141 1232 1220 προστησόμενον
1260 1141 1346 1199 αύτῶν
1373 1139 1542 1219 ἐκλέγεσθαι

244 1261 291 1322 καὶ
319 1265 356 1334 ῶς
383 1261 421 1342 τῷ
449 1261 519 1322 κατὰ
547 1262 658 1342 καιρούς
684 1269 733 1338 τῆς
757 1261 838 1340 ἁγίας
859 1266 905 1322 τού
928 1263 990 1321 θεοῦ
1013 1261 1140 1340 μεγάλης
1163 1259 1315 1336 ἐκκλησίας
1335 1265 1542 1342 πατριαρχικῶς

244 1386 422 1464 προεστηκότι
448 1387 540 1443 τοῦτον
567 1385 683 1458 πέμπειν
713 1383 762 1458 τὴν
789 1389 839 1458 τῆς
865 1383 1031 1461 ήγουμενίας
1061 1383 1276 1442 ἀποκατάστασιν
1299 1384 1472 1462 ληψόμενον,
1504 1383 1542 1451 ὡς

245 1510 447 1585 πατριαρχικῶν
468 1505 554 1565 οθοῶν
569 1506 761 1564 τῶντοιούτων
777 1503 932 1580 σεβασμίων
949 1509 1048 1584 μονῶν,
1072 1505 1196 1584 καθάπερ
1210 1503 1258 1563 καὶ
1274 1504 1318 1564 διά
1333 1509 1386 1564 τῶν
1402 1505 1541 1584 ῥηθέντων

245 1626 458 1706 χρυσοβούλλων
475 1625 585 1706 ῶρισταί
599 1645 628 1684 τε
644 1625 691 1685 καί
706 1627 882 1704 τεθέοπιοται,
899 1627 1026 1703 κατέχειν
1042 1625 1074 1684 δὲ
1090 1625 1216 1698 ὡσαύτως
1232 1625 1281 1697 τάς
1297 1626 1420 1696 τοιαύτας
1435 1625 1541 1700 σεβασ-

247 1747 312 1823 μίας
335 1747 420 1822 μονὰς
439 1745 485 1806 καί
503 1745 542 1819 εἰς
556 1748 587 1807 τδ
603 1743 668 1822 ἑξῆς
684 1747 878 1826 ἀναραιρέτως,
902 1747 1116 1818 ἀναπασπάστως
1138 1745 1185 1806 καί
1206 1747 1277 1806 κοιτά
1291 1752 1380 1806 πάσαν
1395 1750 1542 1827 κυριότητα

246 1867 293 1928 καὶ
315 1867 472 1929 δεσποτείαν
494 1870 584 1928 πάντα
605 1867 640 1927 τά
663 1870 754 1940 αύταῖς
775 1869 909 1948 προσόντα
932 1869 1047 1946 μετόχιά
1066 1889 1097 1927 τε
1112 1867 1158 1928 καὶ
1173 1868 1259 1928 λοιπὰ
1273 1867 1387 1948 διάφορα
1402 1871 1540 1943 κτήματα,

246 1992 264 2049 ἀ
293 1987 340 2049 καὶ
366 1990 437 2049 κατὰ
464 1991 548 2070 μέρος
576 1989 605 2049 ἐν
631 1992 687 2061 τοῖς
714 1990 816 2070 ῥηθεῖσι
842 1987 1061 2068 χρυσοβούλλοις
1086 1988 1133 2050 καὶ
1160 1993 1347 2070 προστάγμασι
1375 1987 1541 2064 διείληπται,

245 2111 317 2170 κατά
338 2116 427 2170 πᾶσαν
449 2113 497 2186 τήν
520 2111 618 2170 τούτων
642 2109 718 2189 ἰσχύν
741 2110 788 2170 καί
809 2110 955 2189 περίληψιν
978 2109 1024 2170 καὶ
1047 2113 1085 2181 ῶς
1109 2110 1276 2191 εὑρίσκονται
1297 2114 1381 2170 ταύτα
1397 2113 1480 2190 μέχρι
1496 2112 1541 2168 τού

246 2236 291 2292 νύν
313 2233 477 2309 κατέχοντες
499 2231 546 2292 καὶ
568 2235 727 2308 νεμόμενοι·
751 2233 781 2291 δν
805 2231 837 2307 δὴ
860 2233 958 2312 τρόπον
980 2229 1028 2292 καὶ
1049 2230 1110 2313 περὶ
1131 2233 1176 2292 τόν
1199 2231 1353 2310 Ζελίχοβον
1376 2237 1429 2310 γῆν
1453 2233 1540 2291 αύτῶν

246 2356 374 2432 κατέχειν
397 2353 557 2435 δρειλουσιν,
580 2357 614 2429 ήν
637 2349 713 2432 είχον
737 2353 788 2430 μὲν
810 2357 941 2434 πρότερον
965 2353 1009 2413 ἐπὶ
1030 2355 1106 2414 τέλει
1129 2355 1285 2434 ύπεριτύρων
1309 2356 1388 2434 ἑπτά,
1417 2354 1487 2428 μετὰ
1510 2351 1540 2410 δὲ

246 2479 330 2536 ταῦτα
352 2475 454 2556 ὁρισμῷ
477 2483 525 2552 τής
548 2475 628 2554 ἁγίας
652 2495 703 2552 μου
725 2475 819 2555 κυρίας
841 2473 888 2535 καὶ
909 2475 1061 2554 δεσποίνης,
1084 2482 1134 2552 τῆς
1151 2479 1240 2551 μάντις
1254 2481 1304 2551 τῆς
1320 2475 1464 2552 βασιλείας
1480 2495 1540 2550 μου,

247 2595 355 2669 ἀτελῶς
377 2599 515 2674 κατέχωοι
537 2595 583 2656 καὶ
605 2599 739 2672 νέμωνται
761 2596 807 2656 καὶ
831 2599 869 2672 μὴ
894 2598 980 2674 ἔχωσι
988 2596 1012 2678 ¹)
1027 2602 1073 2658 τού
1088 2598 1206 2658 τοιούτου
1220 2598 1318 2670 τέλους
1333 2599 1408 2678 παρὰ
1424 2597 1541 2673 μηδενός

247 2719 440 2799 καθέλκεσθαι,
467 2717 514 2778 καὶ
541 2723 660 2798 τυνιστᾶν
687 2716 733 2778 καὶ
756 2719 880 2794 βελτιούν
902 2723 986 2778 ταῦτα
1007 2721 1104 2799 πάντα,
1136 2721 1175 2789 ὡς
1198 2719 1290 2798 έχουσι
1313 2719 1475 2794 βουλήσεως
1496 2715 1541 2776 καὶ

248 2839 399 2920 δυνάμεως,
424 2839 601 2920 ’διατηρείθαι
631 2839 661 2899 δὲ
691 2839 738 2900 καὶ
767 2840 802 2900 τὰ
830 2844 939 2900 τοιαῦτα
968 2841 1095 2915 κτήματα
1128 2837 1214 2900 αύτῶν
1242 2839 1290 2900 καί
1316 2840 1377 2910 τούς
1401 2841 1431 2899 ἐν
1454 2841 1540 2908 αίποίς

247 2962 393 3041 παροίκους
419 2955 467 3022 καὶ
493 2962 606 3034 λοιπούς
631 2963 873 3042 προοκαθημένους
899 2963 1009 3043 τούτων,
1039 2965 1090 3022 κάν
1119 2963 1184 3022 ένθα
1211 2964 1264 3044 ἀρα
1286 2961 1334 3022 καὶ
1356 2962 1539 3042 εύρίσκωνται,

249 3085 328 3158 ἐκτός
342 3092 392 3161 τῆς
405 3091 458 3144 τῶν
475 3084 648 3160 δημοσιακῶν
664 3083 822 3164 κεφαλαίων
838 3085 1019 3164 ἀπαιτήσεως,
1043 3084 1258 3166 καοτροκτισίας,
1282 3083 1387 3166 ἀρικής,
1403 3083 1540 3162 σιταρκίας

248 3205 295 3267 καί
325 3207 448 3283 ἑννομίου
475 3205 523 3265 καὶ
550 3209 639 3282 πάσης
662 3207 754 3282 ἀλλης
778 3207 947 3282 δημοοιακῆς
971 3205 1100 3288 ἐπηρείας
1121 3204 1168 3266 καὶ
1191 3207 1372 3285 συζητήσεως,
1401 3205 1474 3266 κατά
1494 3205 1539 3280 τήν

249 3335 302 3390 τῶν
325 3330 504 3404 δηλωθέντων
527 3330 740 3410 χρυσοβούλλων
762 3327 810 3388 καί
831 3332 1047 3409 προσταγμάτων
1069 3329 1224 3410 περίληψιν,
1247 3325 1294 3388 καὶ
1309 3329 1348 3400 ὡς
1363 3327 1538 3409 διατηρῶντοιι

250 3451 303 3510 ἀπὸ
329 3451 428 3510 τούτων
456 3453 537 3529 μέχρι
564 3455 610 3511 τού
633 3455 686 3510 νύν.
725 3452 770 3510 τόν
793 3451 872 3510 αύτδν
894 3454 991 3530 τρόπον
1015 3451 1158 3532 διορίζεται
1178 3452 1197 3526 ή
1221 3449 1348 3525 βασιλεία
1371 3471 1423 3526 μου
1447 3451 1538 3523 διοπη-

250 3573 354 3654 ρεῖσθαι
379 3573 414 3631 τά
440 3576 550 3632 τοιαῦτα
571 3575 697 3648 κτήματα
721 3573 806 3631 αύτῶν
829 3571 875 3632 καὶ
898 3573 958 3645 τούς
982 3573 1010 3632 ἐν
1035 3575 1125 3645 αύτοῖς
1147 3572 1294 3652 παροίκους
1315 3570 1362 3631 καὶ
1384 3573 1538 3652 προσκαθη-

251 3696 349 3770 μένους
370 3693 470 3753 τούτων
492 3692 539 3753 καὶ
561 3694 615 3753 ἀπδ
637 3700 687 3770 τῆς
710 3695 881 3769 ἀπαιτήσεως
903 3699 948 3754 τού
972 3695 1100 3770 διαβατού
1122 3699 1174 3754 τῶν
1198 3691 1276 3764 ζώων
1296 3695 1393 3775 αύτῶν,
1416 3695 1465 3754 καὶ
1480 3697 1539 3754 ὅπου

251 3813 306 3896 άροι
326 3813 373 3874 καὶ
390 3815 557 3896 διαβαίνωσι,
579 3814 626 3875 καὶ
649 3816 701 3876 ἀπό
716 3823 765 3892 τῆς
780 3818 955 3890 κοιταθέσεως
970 3822 1015 3878 τού
1031 3820 1161 3897 μητάτου,
1184 3814 1285 3892 καὶμὴ
1303 3818 1376 3895 ἔχειν
1394 3816 1438 3877 ἐπ’
1451 3817 1538 3886 ἀδείας

250 3940 337 3998 ποιεῖν
365 3938 394 3996 έν
416 3939 518 4008 τούτοις
540 3939 638 4013 ταύτην
670 3941 739 4015 μήτε
761 3940 806 3998 τόν
829 3939 995 4018 καθολικῶς,
1019 3942 1088 4015 μήτε
1110 3940 1156 3999 τόν
1179 3944 1298 4019 μερικῶς
1322 3939 1350 3997 ἐν
1372 3937 1412 4019 τῷ
1436 3941 1538 4016 τοιούτῳ

250 4065 324 4141 τόπῳ
339 4059 603 4140 κεραλαττικεύοντα
617 4063 697 4140 χάριν
714 4063 825 4142 ἑαυτῶν,
843 4060 897 4122 είτε
912 4059 959 4121 καί
975 4067 1152 4142 στρατιωτῶν,
1170 4060 1241 4138 μηδὲ
1258 4057 1297 4132 εἰς
1314 4061 1385 4122 δόσιν
1397 4063 1538 4122 καθέλκειν

251 4183 358 4254 τούτους
381 4181 543 4262 ξυλαχύρου,
568 4182 639 4258 μηδὲ
663 4184 756 4264 ἑτέραν
780 4182 813 4258 δή
836 4205 896 4244 τινα
919 4185 1032 4264 ἐπάγειν
1054 4185 1155 4254 τούτοις
1178 4181 1343 4262 κατατριβήν
1366 4183 1459 4244 τεκαὶ
1476 4185 1538 4257 ἐπί,-

253 4327 341 4387 ρειαν,
380 4305 446 4364 ἀλλ’
460 4304 504 4364 ἐπὶ
530 4305 631 4377 τούτοις
656 4309 713 4378 τοῖς
740 4302 797 4365 σ’ίνω
825 4305 978 4384 εἰρημένοις
1007 4305 1143 4382 διαμένειν
1170 4300 1220 4377 τάς
1246 4305 1372 4377 τοιαύτας
1395 4307 1539 4382 σεβασμίσις

253 4428 339 4503 μονάς
362 4427 562 4505 ἀνεντχλήτσυς
584 4430 737 4488 παντάπασι
760 4425 807 4488 καί
830 4428 908 4500 ἐκτός
932 4429 1088 4504 διασεισμού
1108 4429 1267 4507 ούτινοσσῡν,
1291 4427 1341 4486 ύπθ
1357 4429 1406 4504 τὴν
1423 4427 1538 4510 ἐρορείαν

361 4686 378 4751 ¹)
396 4683 479 4738 εἰδῶσι
497 4685 523 4739 S.
