3240 5286
1307 310 1371 376 289

76 512 204 586 ἐλεεινὴν
228 511 370 572 ἀπώλειαν
393 510 428 569 τά
449 509 510 588 ίερά
531 512 614 568 ταῦτα
637 511 810 588 καταγώγια,
842 509 886 569 διὰ
908 514 990 570 ταῦτα
1014 509 1090 578 εῦθθς
1113 505 1285 590 ἀνειληφόσιν
1307 511 1372 585 ἡμῖν

74 633 134 704 τοὺς
166 633 264 704 οίακας
294 637 340 692 τοῦ
369 632 518 710 παγκοίνου
547 635 726 706 πνευματικοῦ
749 631 842 691 τούτου
865 635 981 710 σκάφους
1004 629 1083 703 ἔδοξε
1106 634 1174 712 πρός
1196 635 1251 704 τοῖς
1275 632 1373 704 ἀλλοις

73 754 117 813 καὶ
150 755 185 812 τά
215 755 438 833 παρημελημένα
470 753 537 812 αύτά
567 755 653 830 εῦαγῆ
685 756 851 832 μοναστόρια
875 753 1081 834 διορθώσασθαι,
1113 754 1230 832 ἀφορῶσι
1253 756 1320 833 πρός
1342 756 1372 814 τδ

75 875 187 936 ἐκείνων
215 878 360 956 συμφέρον,
388 877 426 946 ώς
450 875 531 950 μέλει
553 878 652 953 γνήσια
675 875 739 934 όντα
762 882 812 950 τῆς
834 876 896 936 καθ’
909 876 984 951 ἡμᾶς
1006 875 1088 954 ἁγίας
1109 880 1155 936 τοῦ
1179 877 1294 957 Χριστοῦ
1318 897 1372 952 με·

74 999 165 1074 γάλης
191 997 352 1074 ἐκκλησίας,
376 994 484 1076 καὶτῷ
508 995 732 1076 σταυροπηγιακῷ
756 995 802 1055 καί
825 995 1012 1076 πατριαρχικῴ
1035 995 1173 1077 προνομίῳ
1195 999 1373 1077 τετιμημένα,

74 1119 172 1190 ἀλλως
195 1140 226 1178 τε
248 1095 312 1178 οῦδὲ
334 1121 443 1189 καινούς
465 1138 540 1188 τινας
563 1117 607 1196 ἀφ’
621 1118 722 1176 έαυτιῖιν
745 1119 845 1192 νόμους
867 1121 999 1198 φέρουσιν,
1023 1119 1090 1178 ἀλλ’
1103 1119 1233 1200 ἀρχαίους
1256 1115 1373 1180 ἀνανεο-

74 1245 173 1318 μένους
195 1239 242 1300 καὶ
269 1240 415 1320 γεραρούς·
447 1239 494 1313 τὴν
518 1239 571 1319 γάρ
593 1245 647 1298 τῶν
680 1241 914 1314 ἐκκλησιαστικών
941 1243 1110 1318 πραγμάτων
1132 1242 1295 1322 προστασίαν
1317 1244 1374 1313 τοῖς

75 1363 232 1434 ἐπισκόποις
256 1361 439 1442 ἐπιτρέπουσιν
463 1360 487 1421 οἱ
511 1359 577 1440 ίεροὶ
600 1363 679 1433 νόμοι
700 1359 747 1420 καί
762 1363 885 1440 κανόνες,
909 1363 953 1420 τδν
969 1365 1015 1421 τοῦ
1030 1364 1092 1422 θεοῦ
1107 1363 1189 1441 φόβον
1204 1363 1375 1443 προτίθεσθαι

74 1484 312 1563 διακελευόμενοι,
343 1483 397 1562 ἵνα,
428 1481 456 1542 εί
476 1503 509 1562 γε
533 1483 647 1558 δέοιντο,
678 1482 724 1542 καί
747 1481 821 1542 αύτοὶ
845 1483 1088 1562 μεταλαμβάνωσι,
1116 1485 1146 1544 δν
1168 1487 1267 1565 τρόπον
1289 1486 1304 1544 ό
1326 1483 1373 1560 λη’

72 1611 125 1664 τῶν
157 1605 244 1685 ἁγίων
275 1605 435 1665 ἀποστόλων
465 1605 556 1664 κανών
578 1604 624 1664 καὶ
647 1606 662 1663 ό
684 1604 725 1663 κε’
749 1611 799 1680 τῆς
823 1605 851 1662 ἐν
878 1605 1027 1687 Ἀντιοχείᾳ
1058 1605 1132 1686 ίεράς
1155 1605 1265 1665 συνόδου
1287 1604 1375 1682 καὶὴ
1421 1596 1424 1604 ’

73 1727 102 1784 ἐν
125 1725 300 1806 Χαλκηδόνι,
333 1729 363 1786 ού
394 1728 447 1802 μὴν
479 1726 557 1786 ἀλλά
586 1725 632 1785 καὶ
662 1733 711 1802 τῆς
742 1726 769 1786 ἐν
793 1725 896 1808 Νικαίᾳ
925 1728 939 1785 ό
962 1747 992 1786 τε
1015 1725 1050 1785 ια’
1074 1724 1121 1784 καί
1145 1724 1180 1800 ιβ’
1204 1726 1322 1802 καὶτῆς
1346 1727 1374 1787 ἐν

73 1850 196 1930 Ἀγκύρᾳ
218 1850 233 1908 ό
257 1849 289 1908 ιε’
313 1847 359 1908 καὶ
383 1849 397 1908 ό
421 1847 465 1923 μθ
489 1855 539 1924 τῆς
562 1849 590 1908 ἐν
613 1848 751 1929 Τρούλλῳ
774 1847 820 1908 καί
843 1845 921 1909 ἀλλα
943 1849 1068 1926 πλεῖστα,
1101 1851 1159 1908 ὅσοι
1182 1847 1275 1908 σεπτοί
1297 1850 1375 1924 νόμοι
1434 1931 1436 1936 Ι

74 1969 120 2030 καί
145 1973 260 2042 κανόνες
284 1976 375 2050 σαφῶς
398 1971 535 2049 φαίνονται
558 1972 605 2044 τἠν
628 1975 681 2028 τών
704 1969 784 2050 ἰερῶν
808 1970 993 2048 μοναστηρίων
1011 1967 1132 2042 ἐξουσίαν
1148 1973 1203 2039 τοῖς
1220 1971 1376 2040 ἐπισκόποις

75 2093 210 2172 διδόντες,
235 2095 304 2154 ώστε
327 2092 554 2168 μεταλαμβάνειν
578 2091 628 2167 μὲν
652 2089 698 2151 καί
722 2091 815 2163 αύτούς
837 2097 890 2151 τῶν
914 2091 1041 2171 δεόντων,
1070 2090 1150 2170 εἴγε
1173 2091 1286 2172 δέοιντο,
1308 2093 1377 2172 πρδς

73 2215 123 2285 τάς
156 2215 259 2274 ἑαυτῶν
289 2215 395 2294 χρείας,
429 2215 478 2289 τὴν
510 2213 541 2274 δὲ
568 2213 629 2295 περὶ
662 2213 754 2274 ἐκεῖνα
783 2213 944 2289 ἐπιμέλειαν
975 2213 1103 2291 μεγίστην
1125 2234 1154 2272 τε
1177 2211 1224 2274 καί
1247 2215 1285 2286 ώς
1314 2215 1377 2274 θεοῦ

75 2336 230 2418 ἐφορῶντος
251 2339 394 2416 ποιεῖσθαι,
417 2337 461 2396 ἵνα
482 2337 696 2416 προστατεύωσιν
720 2337 807 2395 αὐτῶν
829 2335 876 2396 καὶ
900 2333 1058 2411 οἰκονόμους
1080 2334 1126 2394 καὶ
1150 2335 1308 2416 ἐπιτρόπους
1330 2335 1377 2395 καί

73 2459 248 2535 ἡγουμένους
276 2459 487 2518 ἀποκαθιστῶσιν
517 2459 545 2517 ἐν
577 2461 665 2528 αὺτοῖς
697 2457 794 2527 καλῶς
816 2455 877 2538 περὶ
900 2464 949 2533 τῆς
972 2455 1113 2532 αθξήσεως
1135 2456 1181 2516 καί
1204 2457 1378 2533 βελτιώσεως

73 2581 178 2640 τούτων
210 2579 432 2660 ἐπιμελούμενοι,
462 2580 505 2639 ἵνα
528 2581 567 2656 μὴ
591 2580 626 2640 δι’
639 2580 773 2656 ἀμέλειαν
805 2581 896 2657 ἔνοχοι
923 2582 1055 2657 γένωνται
1077 2583 1133 2651 τοῖς
1157 2579 1265 2639 ἐκτῶν
1288 2582 1378 2655 νόμων

76 2699 231 2780 ἐπιτιμίοις,
255 2701 281 2761 σί
304 2702 335 2762 δέ
358 2700 505 2779 οἰκονόμοι,
529 2700 677 2780 ἡγούμενοί
699 2722 727 2760 τε
751 2700 797 2760 καὶ
821 2701 957 2780 ἐπίτροποι
981 2701 1142 2794 διαμένωσιν
1166 2703 1216 2760 ῦπδ
1230 2702 1279 2776 την
1296 2698 1376 2773 ἐξου-

75 2822 137 2882 σίαν
160 2827 215 2881 τῶν
244 2822 396 2882 ἐπισκόπων
419 2821 465 2882 καί
489 2822 554 2899 δίχα
577 2829 626 2898 τῆς
649 2823 744 2894 ἀδείας
772 2824 859 2882 αύτῶν
883 2824 953 2898 μήτε
976 2821 1089 2881 πωλώσι
1113 2823 1328 2902 μοναστηριακόν
1351 2843 1376 2882 τι

74 2949 182 3022 κτῆμα,
215 2943 282 3004 ἀλλ’
295 2943 456 3020 οίκονομῶσι
483 2945 579 3016 καλῶς
602 2945 669 3024 πρός
691 2945 739 3018 τὴν
764 2944 875 3004 ἐκείνων
899 2943 1012 3022 όδηγίαν
1034 2943 1082 3037 φιαί
1106 2944 1209 3022 άδειαν,
1240 2945 1315 3015 ὅπως
1338 2947 1376 3019 μὴ

74 3064 125 3124 καί
148 3058 225 3124 αῦτοί
247 3066 286 3136 ώς
309 3065 505 3144 ἀνατρέποντες
529 3067 590 3138 τούς
614 3066 856 3141 ἐκκλησιαστικοὺς
879 3067 986 3135 τούτους
1002 3066 1079 3145 όρους
1094 3064 1141 3124 καὶ
1156 3068 1274 3137 κανόνας
1290 3066 1376 3146 βαρυ-

73 3189 168 3257 τάταις
199 3187 354 3246 θποπέσωσι
385 3191 440 3259 τοῖς
471 3187 611 3262 ἐπιτιμίοις
638 3187 683 3246 καὶ
715 3187 864 3266 τιμωρίαις.
910 3191 993 3247 ταῦτα
1021 3187 1071 3262 μὲν
1095 3184 1140 3246 σύν
1163 3187 1188 3248 οί
1210 3188 1278 3247 θεῖοι
1299 3189 1378 3263 νόμοι

74 3307 268 3386 ἀποφαίνονται
291 3306 352 3387 περὶ
372 3315 425 3367 τῶν
442 3309 521 3388 ἰερῶν
535 3307 731 3389 μοναστηρίων,
755 3310 854 3368 τούτων
871 3308 901 3367 δέ
917 3308 950 3368 τά
967 3308 1016 3383 μὲν
1031 3312 1087 3379 τοῖς
1102 3310 1173 3368 κατὰ
1188 3309 1268 3368 τόπον
1285 3309 1377 3370 ἐπιτε-

75 3431 247 3509 τραμμένοις
272 3429 399 3508 ἐνοριακά
414 3435 463 3504 τῆς
478 3431 666 3508 προσηκούσης
682 3430 883 3510 ἀρχιερατικῆς,
907 3431 945 3501 ώς
961 3428 1043 3508 εἰκός,
1068 3430 1111 3488 ἐπ’
1123 3426 1235 3506 οιάξήσει
1249 3434 1379 3508 τυγχάνει

76 3549 254 3628 ἐπιμελείας,
286 3551 356 3624 μόνα
387 3549 417 3608 δὲ
440 3551 474 3609 τά
503 3557 536 3631 τῇ
567 3558 788 3632 σταυροπηγιακῇ
817 3549 880 3633 ἀξίᾳ
907 3553 1075 3628 τετιμημένα
1098 3553 1146 3612 οῦκ
1168 3550 1283 3628 οἴδαμεν
1305 3553 1379 3624 ὅπως

75 3674 129 3751 πρδ
153 3673 262 3751 χρόνων
284 3671 400 3732 πολλῶν
421 3673 627 3752 παρημέληται.
664 3670 710 3731 καί
734 3672 796 3731 δέον
819 3675 857 3742 ώς
880 3673 943 3732 θεοῦ
967 3675 1117 3754 ἐφορῶντος
1140 3673 1297 3733 διοικεῖσθαι
1313 3673 1380 3732 αθτά

78 3793 128 3853 καί
152 3795 187 3854 ἐκ
209 3795 309 3865 παντδς
325 3795 421 3872 τρόπου
438 3793 600 3870 ἐπιμελείας
616 3799 664 3869 τῆς
680 3795 818 3872 ἀναλόγου
834 3791 981 3873 ἀξιοῦσθαι,
1005 3797 1080 3867 ὅπως
1095 3796 1185 3867 αὺτοῖς
1199 3801 1252 3854 τῶν
1269 3795 1379 3872 ἀγαθῶν

77 3917 112 3974 τά
136 3917 188 3991 μὲν
205 3915 362 3994 ύπάρχοντα
378 3915 505 3998 διαμένῃ,
529 3921 719 3994 περιποιῶνται
736 3916 766 3976 δέ
783 3917 816 3975 τά
831 3918 1072 3996 προσγενησόμενα
1088 3919 1130 3996 ἀν,
1153 3922 1207 3976 τῶν
1224 3917 1255 3976 δέ
1271 3917 1380 3996 φαύλων

78 4039 111 4096 τά
136 4039 188 4111 μὲν
211 4039 345 4116 προσόντα
366 4035 633 4116 ἀποδιοπομπώνται,
656 4039 690 4096 τά
706 4037 737 4096 δέ
753 4038 948 4113 συμβησόμενα
963 4041 996 4096 ἀν
1013 4037 1233 4098 διακωλύωνται·
1257 4040 1380 4112 τοιαύτην

79 4157 125 4218 οῦν
148 4159 222 4218 κατὰ
244 4160 343 4232 νόμους
365 4161 413 4234 τὴν
436 4159 501 4239 ὑπὲρ
526 4159 612 4218 αθτών
635 4161 742 4220 πάντων
765 4166 818 4218 τῶν
842 4167 1082 4239 σταυροπηγιοτκών
1099 4163 1177 4234 ἡμῶν
1194 4159 1381 4238 μοναστηρίων

78 4281 203 4340 καθόλου
227 4279 354 4358 φροντίδα
383 4277 611 4358 καταβάλλομεν,
635 4281 803 4356 ἐκτιθέμενοι
826 4281 898 4340 κατὰ
919 4281 1011 4354 κοινὴν
1034 4282 1146 4358 γνώμην
1170 4283 1216 4339 καί
1240 4279 1381 4356 συνοδικίην

81 4403 229 4480 διάγνωσιν
261 4401 331 4479 ίερδν
363 4404 456 4480 τόμον,
487 4402 700 4479 ἀποφαινόμενον
731 4402 838 4481 συνῳδὰ
867 4403 922 4474 τοῖς
952 4403 1036 4481 ἱεροῖς
1063 4405 1156 4477 νόμοις
1178 4401 1225 4460 καί
1247 4405 1303 4474 τοῖς
1326 4399 1382 4462 ώδε

80 4526 265 4604 γραφομένοις
292 4523 352 4604 περὶ
379 4531 428 4600 τῆς
457 4523 496 4595 είς
523 4526 552 4583 τδ
581 4521 646 4599 ἑξῆς
678 4524 788 4602 ἀρίστης
819 4524 980 4599 διοικήσεως
1008 4526 1121 4584 ἑκάστου
1149 4529 1383 4604 σταυροπηγιακοῦ

81 4645 265 4726 μοναστηρίου
280 4644 326 4704 καὶ
342 4645 468 4720 εθνομίας
485 4651 536 4704 τών
556 4642 728 4722 ἀσκουμένων
745 4649 897 4705 ὁσιωτάτων
912 4649 1036 4725 πατέρων
1052 4645 1162 4722 καὶτῆς
1179 4646 1292 4720 δυνατῆς
1308 4645 1382 4705 ἀντι-

1145 4770 1174 4815 19
