3246 5288
245 359 310 426 444

247 553 406 634 ἐλευθέρους
436 557 606 616 παντάπασιν
636 555 716 624 όντας
738 554 785 615 καὶ
809 555 939 632 μηδαμοῦ
969 556 1162 630 ὑποκειμένους
1184 562 1217 637 τῇ
1241 563 1311 638 μονῇ
1334 559 1540 637 προσαριέρωσε

244 673 291 734 καί
321 676 477 736 ὑποκεῖσθαι
508 677 588 760 ταύτῃ
618 679 726 748 τούτους
756 676 930 756 διωρίσατο.“
948 724 954 736 .
973 725 1005 738 ..
1030 681 1141 755 ,,τάσης
1170 679 1264 758 χειρός
1293 679 1393 740 τεκαὶ
1416 677 1540 752 ἐξουσίας

244 797 410 877 ἀρχοντικῶν
436 817 466 858 τε
489 796 536 858 καὶ
559 798 755 878 ἀρχιερατικῶν
777 801 927 878 προσώπων
950 799 1058 872 τούτους
1081 799 1279 880 ἐλευθεροῦμεν
1301 799 1348 861 καί
1371 801 1425 862 ἀπό
1448 803 1539 875 πάσης

246 917 375 999 ἐπηρείας
404 917 450 978 καὶ
481 919 634 999 άγγαρείας
663 920 734 980 κατὰ
763 917 909 999 πρόσταξιν
940 919 1086 994 βασιλικὴν
1108 919 1174 992 ἴσως
1199 920 1373 1000 ἐπειγομένης
1400 923 1418 996 ή
1450 922 1540 1000 ἑτέρου

245 1040 317 1112 τινός
345 1041 395 1115 τὴν
426 1041 531 1102 οίανοῦν
562 1041 824 1116 έμπεπισιευομένου
854 1044 900 1102 τοῦ
923 1040 1052 1116 δημοσίου
1076 1040 1203 1100 δουλείαν
1225 1043 1371 1122 γινομένης
1393 1039 1442 1101 καὶ
1472 1043 1540 1122 μόνη

245 1163 401 1222 ὑποκεῖσθαι
424 1168 456 1244 τῇ
479 1163 540 1246 Νέᾳ
556 1163 638 1243 Μονή
660 1163 815 1244 όριίόμεθα,
838 1159 883 1242 ἀφ’
896 1155 934 1221 ὧν
950 1159 1114 1245 (Ἑβραίων)
1138 1160 1216 1237 καὶή
1240 1163 1403 1242 κεφαλιτιίυν
1428 1163 1541 1240 ἐτησίως

244 1283 319 1363 παρὰ
341 1289 394 1344 τῶν
418 1289 548 1361 μοναχῶν
571 1284 842 1359 ἀπαιτηθήσεται.“.
865 1332 871 1344 .
892 1331 899 1346 .
924 1285 1013 1364 ,πρὸς
1034 1285 1134 1355 τούτοις
1159 1283 1346 1344 διακελεύεται
1368 1287 1386 1360 ή
1411 1284 1541 1358 βασιλεία

245 1402 393 1482 ἡμῶνκαὶ
416 1406 461 1464 τόν
484 1403 556 1485 ίερδν
578 1410 628 1480 τής
649 1405 772 1480 τοιάιπης
796 1411 882 1482 μονῆς
905 1405 969 1464 ναόν
993 1405 1203 1484 ἑνθρονισθήναι,
1225 1404 1289 1486 παρ’
1306 1399 1335 1464 ού
1358 1409 1391 1465 ἂν
1415 1406 1540 1468 ἐθέλοιεν

245 1531 299 1588 τῶν
316 1526 468 1588 ἐπισκόπων
485 1526 510 1587 οἱ
531 1525 593 1606 περὶ
614 1528 711 1600 ταύτην
728 1526 899 1607 ἀσκούμενοι,
921 1525 948 1586 εἴ
966 1547 1033 1586 ποτε
1055 1527 1137 1605 χρεία
1159 1526 1243 1587 καλεῖ
1260 1527 1388 1588 τινὰτῶν
1413 1527 1540 1607 ἀδελφῶν

246 1647 371 1708 διάκονον
386 1650 404 1722 ή
420 1647 497 1729 ίερέα
510 1649 744 1728 χειροτονηθῆναι,
767 1647 831 1727 παρ’
844 1639 946 1719 ούτινος
969 1645 1002 1707 ιώ
1017 1645 1100 1707 πάλιν
1116 1646 1142 1706 οί
1156 1645 1230 1708 αύτοὶ
1247 1647 1419 1727 βουληθεῖεν,
1443 1651 1461 1723 ή
1478 1669 1540 1726 χει-

246 1767 352 1846 ροτονία
380 1769 556 1848 προβήσεται.
600 1771 674 1843 πλὴν
705 1770 735 1829 οίι
763 1774 797 1850 τῇ
829 1769 936 1850 ἀφορμή
966 1773 1012 1828 τοῦ
1043 1769 1216 1848 ἐνθρονισμοῦ
1244 1771 1263 1843 ή
1293 1775 1343 1844 τής
1372 1769 1541 1848 χειροτονίας

246 1889 348 1950 δίκαιόν
370 1911 395 1950 τι
418 1889 463 1950 ἐπὶ
484 1896 517 1972 πή
539 1890 601 1972 Νέᾳ
624 1892 703 1972 Μονῄ
731 1889 925 1968 όένθρονίσων
955 1891 973 1964 t
1004 1891 1018 1949 ό
1047 1892 1245 1970 χειροτονήσειν
1269 1888 1326 1963 έξει
1355 1893 1373 1965 ή
1405 1890 1542 1970 ἀναφοραῖς

246 2013 368 2072 ἐντεῦθεν
391 2015 408 2087 ή
432 2011 577 2092 σφραγῖδος
607 2009 734 2092 δράξεται
764 2013 917 2088 ἡγουμένου
939 2014 957 2086 ή
980 2011 1055 2084 όλως
1085 2009 1123 2083 εἰς
1151 2011 1354 2091 κατακυρίευοιν
1376 2017 1425 2087 τῆς
1456 2019 1541 2088 μονῆς

245 2133 426 2214 προβαλεῖται
440 2133 488 2209 τὴν
504 2132 610 2192 οίανσῦν
624 2135 767 2212 πρόφασιν·
784 2134 814 2191 τό
829 2132 883 2211 γὰρ
897 2137 1015 2192 τοιοῦτον
1030 2131 1126 2193 τέλεον
1142 2131 1311 2212 άπείργομεν
1326 2131 1373 2194 καί
1391 2133 1541 2214 ἐλευθέραν

248 2249 316 2314 εἶναι
342 2253 391 2328 τήν
422 2253 507 2328 μονὴν
529 2255 630 2326 παντδς
652 2253 811 2333 άρχοντικοῦ
834 2251 880 2312 καὶ
903 2253 1036 2333 ἱερατικοῦ
1059 2249 1203 2331 προσώπου
1234 2253 1392 2328 βουλόμεθα
1415 2255 1488 2314 κατὰ
1509 2257 1540 2315 τό

244 2376 412 2456 προγεγονὸς
434 2381 483 2450 τής
506 2374 648 2449 βασιλειάς
669 2376 749 2450 ήμῶν
770 2375 1008 2454 χρυσόβουλλσν.“
1039 2383 1071 2436 P.
1094 2384 1132 2436 70
1154 2390 1244 2438 autem
1265 2383 1346 2438 ίιιιίισε
1362 2383 1443 2437 atiud
1458 2384 1540 2454 fraq-

246 2511 362 2560 ιιιεπίιιπι
376 2521 476 2558 aureae
491 2505 581 2560 tultae
596 2505 712 2574 ιγ’τιιιίσιιι
727 2505 803 2573 imp„
827 2511 851 2558 et
867 2505 971 2575 quidem
986 2506 1081 2574 ικαριιί
1098 2505 1236 2558 momenti:
1260 2497 1431 2576 .,4ιορίζεται
1454 2498 1540 2578 γὰρὴ

247 2619 375 2694 βασιλεία
403 2621 482 2694 ήμῶν
512 2618 557 2680 διὰ
583 2623 628 2680 τοῦ
651 2621 783 2700 παρόντος
806 2619 888 2695 αῐντής
917 2619 1124 2700 χρυσοβούλλου
1147 2620 1293 2698 σιγιλλίου,
1324 2622 1393 2680 ώστε
1416 2620 1541 2702 πρδςιῄ

248 2741 391 2821 ἐλευθερία
420 2746 473 2800 τῶν
504 2741 601 2801 σίλλων
631 2741 765 2819 ἑπηρειῶν
795 2740 867 2815 μηδὲ
898 2739 1032 2820 ἑξόριστόν
1063 2761 1121 2800 τινα
1149 2744 1168 2815 ή
1198 2743 1360 2820 κατάκριτον
1392 2739 1432 2813 εἰς
1456 2743 1540 2814 αὐτὴν

246 2863 474 2942 παραπέμπεσθαι
488 2859 536 2922 καὶ
551 2863 581 2922 σὺ
604 2861 734 2934 βούλεται
753 2866 797 2922 νῦν
820 2865 838 2936 ή
862 2863 1010 2936 μετέπειτα
1031 2866 1049 2936 ή
1071 2865 1203 2942 προφάσει
1223 2863 1365 2938 διηνεκοῦς
1387 2859 1499 2940 ἐξορίας
1521 2866 1539 2936 ή

248 2984 413 3062 προσκαίρου
444 2983 586 3063 διαγωγῆς
615 2984 683 3063 πρός
708 2983 756 3058 τήν
786 2983 910 3058 τοιαύτην
940 2983 1025 3058 μονήν
1056 2982 1277 3044 άπαστέλλεοθαί
1302 3003 1370 3061 τινα,
1402 2983 1448 3042 ἵνα
1470 2985 1542 3043 κατὰ

247 3107 333 3180 μόνας
362 3107 467 3176 ἑαυτοῖς
489 3126 520 3165 τε
542 3103 589 3164 καί
612 3103 650 3184 τῷ
673 3103 728 3182 θεῷ
751 3107 851 3177 ζῶντες
872 3103 919 3164 καὶ
943 3105 1063 3186 ἀμέσως,
1095 3106 1133 3177 ὡς
1156 3103 1279 3182 δυνατόν,
1308 3105 1542 3184 προσομιλοῦντες

247 3226 320 3306 αύτῷ
352 3224 599 3308 προσεκτικώτερον
633 3225 680 3288 καί
715 3227 903 3308 ἐκτενέστερον
937 3228 1003 3306 ὑπὲρ
1035 3229 1114 3305 ήμῶν
1148 3225 1193 3287 καὶ
1226 3231 1273 3287 τοῦ
1306 3229 1410 3301 κόσμου
1440 3228 1542 3296 παντός

246 3349 296 3421 τὰς
319 3349 427 3422 δεήσεις
449 3350 648 3429 προσφέρωσι(ι
679 3356 801 3427 Denique
818 3374 851 3426 p.
880 3358 918 3410 73
939 3356 1020 3410 ίιαίιεε
1036 3355 1115 3427 frag.
1133 3373 1233 3410 aureae
1255 3354 1345 3410 ίιιιίέασ
1367 3356 1543 3424 ἐπιτροπεύοι-όν

250 3478 431 3532 Constantini:
460 3471 595 3550 ,Ἀρετῆς
625 3471 852 3546 ἀντιποιουμένοις
882 3469 993 3551 ἀνδράσι
1023 3467 1069 3529 καὶ
1099 3471 1144 3529 τδν
1173 3473 1240 3547 χοῦν
1269 3468 1316 3530 καί
1347 3469 1382 3528 τόι
1403 3473 1452 3530 τοῦ
1474 3471 1541 3548 χοός

246 3592 514 3667 ἀποσκευασαμένοις
543 3589 592 3666 καὶΙ
611 3593 679 3672 πρός
710 3593 758 3667 τήν
782 3594 837 3652 ἅνω
865 3593 937 3666 ζωήν
966 3593 1155 3672 ἐπειγομένοις
1177 3591 1224 3651 καὶ
1246 3590 1390 3652 σπεύδουσι
1413 3613 1539 3652 συναντι·

246 3714 437 3790 λαμβάνετθαί
466 3735 495 3773 τε
526 3721 575 3791 τῆς
597 3715 683 3793 όρμῆς
706 3711 753 3774 καὶ
776 3714 1010 3794 συνεπιρρωννύειν
1033 3715 1123 3785 αὺτοῖς
1145 3713 1194 3787 τὴν
1216 3712 1366 3792 προθυμίαν
1388 3711 1437 3772 καὶ
1459 3716 1542 3792 χεῖρα

248 3834 377 3910 βοηθείας
408 3835 441 3894 ἐκ
469 3842 522 3894 τῶν
554 3835 666 3896 ἐνόντων
695 3837 827 3914 παρέχειν
856 3835 902 3895 καί
932 3835 982 3907 τόις
1013 3833 1114 3907 ἔξωθεν
1136 3835 1306 3914 περικόπτειν
1329 3834 1473 3914 φροντίδας
1495 3833 1542 3894 καὶ

246 3959 458 4038 περισπασμούς,
490 3956 622 4036 μεγίστην
650 3952 708 4017 οἶδε
737 3959 826 4037 φέρειν
856 3962 929 4039 ψυχῇ
952 3959 1001 4032 τήν
1024 3957 1113 4031 όνησιν
1136 3954 1183 4016 καὶ
1205 3959 1261 4028 τοῖς
1284 3955 1395 4026 ἀσύλοις
1417 3957 1541 4032 ταμείοις

247 4079 379 4159 θησαυρόν
395 4099 454 4140 τινα
468 4079 554 4156 τίμιον
571 4078 782 4139 ἐναποτίθεσθαι.
813 4079 874 4138 ὅθεν
890 4077 969 4154 καίή
991 4077 1117 4150 βασιλεία
1133 4078 1212 4152 ήμῶν
1228 4081 1262 4136 τὰ
1276 4077 1365 4154 ψυχὴν
1381 4077 1541 4154 ὠφελοῦντα

247 4199 453 4276 μεταδιώκουσα
480 4200 527 4262 καὶ
549 4207 598 4278 τής
621 4201 705 4272 όντως
729 4201 818 4280 ἐρῶσα
848 4201 1048 4278 μακαριότητος
1070 4197 1117 4258 καί
1139 4201 1196 4272 τοῖς
1218 4199 1290 4258 κατὰ
1311 4198 1360 4272 τήν
1383 4201 1470 4273 μονὴν
1493 4206 1542 4274 τῆς

247 4323 414 4403 θεομήτορος
435 4325 514 4399 ήμῶν
538 4322 682 4396 δεσποίνης
705 4323 881 4396 δοκουμένοις
904 4323 1047 4399 μοναχοῖς,
1070 4323 1129 4396 ἥτις
1145 4321 1205 4380 Νέα
1229 4321 1280 4396 μὲν
1300 4320 1447 4400 κέκληται,
1471 4322 1542 4381 κατὰ

248 4444 278 4506 δὲ
293 4447 342 4520 τὴν
357 4450 437 4522 νῆσον
452 4445 519 4506 Χίον
534 4445 646 4525 ἵδρυται,
671 4444 769 4525 άρειής
785 4441 856 4504 ούσιν
872 4443 1002 4524 ἐργάταις
1016 4442 1064 4502 καί
1079 4445 1141 4503 καθ’
1155 4443 1266 4515 ἑαυτούς
1288 4445 1338 4520 ζῆν
1358 4444 1542 4522 πειρωμένοις

247 4571 415 4647 συνεφήψατο
430 4572 479 4642 τῆς
503 4565 622 4641 σπουδῆς
644 4563 692 4626 καὶ
714 4567 753 4637 ώς
775 4567 807 4624 ἂν
831 4565 869 4641 μὴ
892 4566 960 4644 πρός
982 4565 1030 4637 τὰς
1052 4568 1099 4624 τοῦ
1121 4567 1169 4640 ζῆν
1192 4563 1317 4644 ἀφορμὰς
1338 4565 1541 4643 περισπώμενοι

248 4688 334 4750 ἐνίοτε
360 4688 413 4750 τῶν
435 4687 514 4749 θείων
538 4687 678 4767 ύμνῳδιῶν
700 4686 907 4766 κατολιγωρῶσι
929 4685 976 4746 καί
997 4693 1046 4762 τῆς
1068 4687 1139 4746 κατόι
1162 4687 1224 4746 θεόν
1246 4685 1387 4758 πολιτείας
1412 4685 1541 4761 ἐμποδῶν
