3222 5284
238 329 303 395 382

226 521 345 598 Ισίποίσης
368 525 540 603 τυγχάνουσα
562 525 670 597 κακίαςΙ
686 525 833 596 ἀνάπλεως
856 523 903 585 καὶ
926 527 994 605 προς
1014 526 1063 598 τὰς
1078 529 1125 588 τοῦ
1147 526 1210 586 θεοῦ
1233 525 1351 598 ἐντολὰς
1367 547 1546 604 καταρρονη·

237 652 319 719 τικῶς
348 648 501 707 παντάπασι
536 647 705 724 διακειμένη.
759 646 804 707 διαί
833 667 873 708 τοι
903 652 980 709 τοῦτο
1010 649 1169 729 περιπαθῶς
1199 649 1246 724 τήν
1277 648 1354 724 ὑμῶν
1384 649 1545 728 παρακαλῶ

238 765 423 850 ἀδελφότητα,
446 769 585 846 μηδέποτε
608 775 660 830 τῶν
683 770 826 851 ἡμετέρων
849 769 1027 832 ἐπιλαθέσθαι
1049 775 1154 850 ήυχῶν,
1178 769 1255 831 ἀλλὰ
1278 769 1413 847 διηνεκῶς
1436 770 1467 830 ἐν
1482 774 1546 844 ταῖς

238 889 314 966 ὑμῶν
326 887 346 972 1)
370 893 521 972 περιφέρειν
545 891 640 971 εύχαῑς
662 891 723 964 τούς
754 893 867 971 ούρανοῦ
889 913 919 952 τε
941 890 988 952 καί
1010 899 1065 971 γῆς
1087 888 1213 966 ἀναξίους
1234 893 1319 970 ἡμᾶς,
1351 893 1543 970 ἐννοσυμένας,

239 1009 264 1070 εἰ
287 1013 326 1087 μή
349 1033 373 1072 τι
396 1009 480 1092 ἄλλο,
511 1015 561 1089 τήν
582 1034 613 1072 τε
642 1011 823 1112 πολλὴνικαί
845 1015 956 1084 ζέουσαν
985 1015 1065 1091 ἡμῶν
1094 1013 1243 1094 προθυμίαν
1266 1012 1314 1074 καί
1345 1015 1543 1090 ἐπιτεταμένην

237 1133 356 1209 σπουδὴν
381 1132 421 1206 εἰς
442 1135 472 1194 τδ
504 1135 684 1209 συστήσασθαί
705 1155 735 1194 τε
757 1136 788 1195 τδ
810 1135 883 1215 ἱερδν
913 1137 988 1211 ὑμῶν
1011 1137 1211 1216 φροντιστήριον
1233 1133 1280 1196 καὶ
1302 1136 1351 1210 τήν
1375 1135 1450 1211 ὑμῶν
1475 1157 1539 1194 συν-

238 1257 355 1335 αγαγεῖν
378 1257 552 1337 ἀδελφότητα
573 1255 620 1318 καί
634 1253 669 1318 τὰ
684 1256 723 1330 εἰς
746 1259 903 1335 σωματικὴν
926 1259 1088 1338 αδτοίρκειαν
1104 1255 1152 1318 καὶ
1167 1258 1284 1336 ψυχικὴν
1300 1258 1440 1338 ὠφέλειαν
1455 1261 1542 1334 αῦτής

236 1379 504 1459 πραγματεύσασθαι,
528 1379 564 1439 δι’
576 1379 656 1440 σῦδέν
679 1379 754 1440 ἄλλο
776 1383 885 1451 πάντως
907 1381 970 1455 ήτδ
991 1378 1108 1440 καὶτῶν
1131 1377 1206 1440 ἰδίων
1230 1379 1422 1455 ἐπιμελεῖσθαι
1443 1383 1540 1458 ψυχῶν

238 1498 286 1559 καὶ
307 1505 357 1576 τής
379 1502 458 1576 ήμῶν
481 1500 644 1579 ἀθλιότητος
667 1502 801 1576 διηνεκῶς
822 1502 1027 1584 ύπερεύχεσθαι,
1049 1495 1081 1562 ού
1101 1501 1241 1578 μηδέποτε
1261 1502 1446 1582 ἐπιλέθοισθε,
1470 1502 1539 1562 ἀλλ’

237 1619 261 1680 εἰ
284 1620 330 1681 καὶ
353 1621 391 1701 τῷ
413 1624 519 1698 σῶματι
542 1618 652 1703 ἄπιμεν,
674 1623 714 1704 τῷ
736 1624 868 1700 πνεύματι
889 1627 1014 1703 παρεῖναι
1037 1623 1193 1704 λογίζοισθε
1215 1622 1262 1683 καὶ
1285 1623 1361 1700 ἡμᾶς
1383 1626 1441 1695 τοῖς
1461 1623 1539 1700 ὑμῶν

236 1763 266 1804 τε
288 1745 461 1824 προσπίπτειν
483 1743 545 1805 ποσὶ
567 1743 614 1804 καὶ
637 1745 700 1805 λίαν
732 1743 847 1827 οἰκτρῶς
869 1743 917 1805 καί
940 1745 1010 1821 μετὰ
1032 1746 1140 1826 θερμῶν
1163 1751 1217 1805 τῶν
1241 1744 1366 1826 δακρύων
1389 1748 1439 1820 τήν
1461 1747 1538 1821 ὑμῶν

236 1867 368 1946 ὁμήγυριν
392 1866 525 1926 δυσωπεῖν
547 1865 677 1948 περὶτοῦ
699 1865 746 1926 καί
769 1868 848 1943 ἡμῶν
871 1867 1068 1948 ύπερεύχεσθαι
1090 1873 1143 1927 τῶν
1166 1867 1233 1948 ύπὲρ
1254 1870 1358 1940 πάντας
1381 1866 1540 1947 ἀνθρώπους

239 1985 406 2046 ἐπταικέτων
437 1987 492 2066 θεῷ
513 1981 561 2048 καί
582 1988 657 2069 παρὰ
686 1992 763 2049 τοῦτο
790 1987 920 2060 πλείονος
942 1994 991 2064 τῆς
1020 1989 1084 2069 παρ’
1098 1987 1178 2048 αύτοῦ
1201 1988 1318 2064 διδ,τῇς
1347 1989 1423 2064 ὑμῶν
1456 1989 1540 2068 ἁγίας

238 2110 323 2185 εύχῆς
347 2109 486 2185 δεομένων
508 2111 701 2188 χρηστότητος.
744 2115 793 2187 τῆς
815 2115 881 2189 γοῦν
903 2111 983 2186 ήμῶν
1006 2109 1147 2182 εύτελείας
1168 2111 1388 2190 προσευχόμεναι
1410 2111 1450 2186 μὴ
1475 2111 1538 2170 ἐπι-

238 2229 377 2292 λοίθοισθε.
415 2231 430 2289 ὁ
453 2233 516 2303 θεδς
538 2239 588 2306 τῆς
610 2229 720 2312 εἰρήνης
742 2232 757 2290 δ
780 2233 904 2304 καλέσας
925 2233 1000 2308 ἡμᾶς
1023 2231 1064 2304 εἰς
1086 2233 1134 2307 τὴν
1158 2229 1267 2293 αἰώνιον
1290 2234 1370 2292 αδτοῦ
1394 2231 1476 2303 δόξαν
1494 2232 1539 2292 διὰ

236 2351 284 2426 τήν
312 2351 423 2427 πολλὴν
454 2355 534 2412 αὑτοῦ
555 2352 603 2413 καί
634 2355 733 2433 ἄροτον
765 2353 922 2434 ἀγαθύτητοι
951 2353 1109 2435 καταρτίσαι
1136 2354 1207 2430 ὑμᾶς
1229 2351 1276 2414 καί
1297 2353 1419 2434 στηρίξαι
1443 2353 1484 2426 εἰς
1508 2359 1539 2414 τέ

237 2469 314 2551 ἅγιον
338 2475 417 2533 αῦτοῦ
439 2475 551 2551 θέλημα
573 2471 618 2536 διὰ
639 2479 686 2536 τοῦ
710 2480 875 2555 μονογενοῦς
897 2475 953 2536 υἱοῦ
976 2476 1056 2536 αύτοῦ
1078 2479 1124 2536 τοῦ
1146 2476 1237 2556 κυρίου
1252 2473 1299 2535 καὶ
1319 2481 1441 2556 σωτῆρος
1456 2478 1538 2552 ἡμῶν

239 2594 329 2669 Ἰησοῦ
344 2596 461 2676 Χριστοῦ
483 2595 531 2656 καί
552 2600 599 2656 τοῦ
620 2597 753 2676 παναγίου
768 2595 816 2658 καὶ
839 2599 971 2668 ζωοποιοῦ
994 2598 1147 2672 πνεύματος
1162 2600 1222 2669 ταῖς
1236 2603 1286 2674 τής
1300 2599 1540 2679 Κεχαριτωμένης

238 2716 317 2790 ήμῶν
341 2717 468 2776 θεοτύκου
491 2718 657 2800 πρεσβείαις.
685 2719 758 2795 ἀμήν
781 2723 807 2796 †.
1608 2785 1609 2840 γ

338 2837 506 2920 ήΕἰρήνη,
530 2840 563 2900 ἐν
585 2839 716 2922 Χριστῷ
738 2839 781 2920 τῷ
804 2840 869 2920 θεῷ
889 2841 986 2916 πιστή
1011 2840 1193 2915 βασίλισσα
1209 2840 1392 2923 Ῥωμαίων,
1414 2844 1433 2919 ἠ
1455 2845 1538 2904 Δού-

234 2957 365 3044 καιναί)
389 2965 413 3038 †.

338 3083 417 3162 Κερ.
441 3081 496 3144 σθ’.
530 3081 610 3164 Περὶ
631 3089 695 3143 τῶν
719 3083 753 3142 ἐν
776 3087 813 3166 τῇ
835 3091 921 3166 μονῇ
948 3084 1220 3165 νεουργηθέντων
1246 3085 1334 3166 παρὰ
1357 3092 1416 3162 τῆς
1437 3087 1538 3162 βασι-

234 3203 333 3276 λείας
355 3225 416 3279 μου
437 3203 737 3286 πολυτελεστέρων
761 3203 962 3282 οἰκημάτων.
993 3205 1156 3285 Ἀναγκαῖον
1179 3205 1211 3266 δὲ
1233 3205 1280 3267 καὶ
1301 3206 1363 3288 περὶ
1384 3213 1439 3268 τῶν
1457 3209 1537 3291 ἑντή

234 3331 304 3408 μονῇ
334 3332 384 3402 τής
414 3325 649 3407 Κεχαριτωμένης
680 3329 848 3408 θεομήτορος
878 3328 1095 3408 νεουργηθέντων
1124 3327 1199 3408 παρὰ
1228 3334 1278 3405 τής
1308 3328 1453 3403 βασιλείας
1484 3352 1537 3406 μου

232 3446 473 3529 πολυτελεστέρων
496 3445 654 3524 οἰκημάτων
677 3449 711 3508 τὰ
734 3447 828 3510 εἰκύτα
850 3448 1011 3524 διαλαβεῖν·
1033 3447 1096 3531 περὶ
1117 3449 1172 3532 γὰρ
1186 3450 1236 3526 τήν
1259 3449 1413 3526 σεβασμίαν
1434 3453 1536 3529 ταύτην

233 3569 319 3645 μονὴν
341 3567 388 3628 καί
418 3566 557 3645 οἰκήματα
585 3570 766 3652 λαμπρότερα
796 3569 1042 3648 οἰκοδομήσασαή
1075 3570 1204 3644 βασιλεία
1232 3593 1283 3648 μου
1314 3571 1394 3645 ἐκτδς
1424 3579 1535 3656 τῶντῇ

233 3695 304 3771 μονή
327 3689 485 3769 ἀναγκαίων
508 3689 555 3752 καὶ
577 3693 626 3767 τὴν
648 3691 745 3774 χρείαν
768 3698 821 3754 τῶν
844 3695 1017 3770 μοναζουσῶν
1042 3693 1071 3753 έν
1095 3694 1192 3754 ἅπασιν
1215 3693 1447 3774 ἀποπληροῦντων
1467 3697 1535 3776 πρδς
1608 3685 1609 3712 ³

232 3812 400 3891 καταγωγήν
424 3809 502 3893 ἰδίαν,
526 3812 662 3889 ἠβούλετο
678 3815 729 3890 μὲν
752 3815 826 3894 ἔχειν
849 3820 933 3876 ταῦτα
947 3816 995 3890 τήν
1019 3813 1184 3896 μακαρίτιδα
1199 3836 1251 3892 μου
1272 3817 1533 3898 πορρυρογέννητον,

171 3991 173 3997 ι
234 3935 358 4011 μοναχὴν
381 3935 465 4015 κυρὰν
482 3934 626 4018 Εῦδοκίαν,
649 3935 696 3997 καί
709 3937 828 4016 χρᾶσθαι
843 3937 945 4009 τούτοις
961 3934 1000 4007 εἰς
1016 3930 1119 3997 οἰκείαν
1134 3938 1293 4014 καταμονὴν
1308 3935 1355 3996 καί
1371 3938 1532 4001 ἀνάπαυσιν.
1608 4009 1609 4032 γ

1608 3967 1609 3998 ί

233 4054 300 4114 ἀλλ’
314 4053 373 4116 ἐπεὶ
404 4053 495 4132 ἐκείνη
525 4059 780 4139 προαναρπασθεϊσα
801 4064 854 4118 τῶν
886 4057 1006 4118 ἐλπίδων
1030 4079 1081 4134 μου
1103 4061 1172 4139 πρδς
1193 4058 1243 4130 τὰς
1270 4056 1394 4130 αἰωνίους
1427 4062 1531 4136 μετέβη

174 4243 178 4250 ,
233 4176 335 4253 σκηνὰς
357 4175 403 4238 καὶ
425 4175 459 4256 ήν
490 4179 640 4258 ἀναγκαῖον
661 4181 692 4240 τδ
722 4179 888 4262 διορίσασθαι
909 4180 958 4258 τήν
989 4179 1133 4254 βασιλείαν
1156 4200 1208 4256 μου
1230 4178 1278 4240 καί
1300 4178 1345 4239 ἐπὶ
1376 4181 1482 4254 τούτοις
1502 4183 1532 4241 τδ
1608 4173 1609 4176 “

338 4394 357 4458 ¹)
377 4391 455 4444 αὐτῶν
473 4394 509 4446 Μ.
581 4393 603 4461 ²)
622 4395 698 4446 Haec
717 4411 798 4446 manu
817 4396 924 4461 proprie
942 4396 1119 4461 imperatricis
1138 4395 1271 4462 descripta
1289 4401 1352 4445 eunt
1371 4396 1459 4448 rubris
1472 4397 1530 4447 cha·

232 4490 387 4548 recteribus,
416 4507 528 4555 quorum
557 4489 765 4541 delineationem
790 4491 850 4540 vide
873 4493 901 4540 in
925 4491 1019 4541 tabule
1041 4493 1070 4541 in
1092 4491 1288 4542 Montiaueonii
1312 4491 1527 4559 Palaeographia

233 4603 329 4653 graeca
348 4604 371 4652 p.
386 4587 446 4636 ³01.
466 4587 560 4652 Capite
579 4601 648 4652 quae
667 4593 825 4652 sequuntur,
844 4603 899 4636 non
917 4586 1021 4638 modico
1036 4587 1127 4653 eiepeo
1140 4593 1259 4652 tempore
1272 4587 1380 4638 diversa
1393 4603 1476 4639 manu
1489 4603 1530 4639 ex·
1608 4635 1609 4664 γ

177 4719 180 4726 ‚
232 4689 307 4734 erata
325 4687 396 4733 sunt.
415 4683 452 4732 Μ.
