3486 5282
1356 353 1418 426 179

137 676 285 757 έτέθριιττε,
308 679 414 752 μήποτε
436 678 467 737 τδ
489 679 607 738 τοιοῦτον
634 679 759 754 σεμνεῖον
786 678 925 738 εύάλωτσν
951 681 982 738 δν
1008 682 1064 751 τοῖς
1089 681 1216 752 τοιούτοις
1239 679 1353 763 λῃσταῖς
1375 673 1419 740 σία

134 805 178 874 τῆς
198 798 340 874 θαλάσσης
371 800 402 860 σύ
430 801 522 881 πόρρω
553 795 715 882 ἀφεστηκός,
745 800 795 860 ύπδ
816 801 916 861 τούτων
939 801 1076 878 ἀπόληται
1097 799 1145 860 καί
1165 803 1234 881 πρός
1255 805 1313 874 ταῖς
1336 803 1418 882 σίραι-

133 922 216 1000 ρὲσεσι
237 926 292 981 τῶν
316 921 432 982 ἐνόντων
453 927 488 1004 τῇ
511 928 581 1005 μονῇ
602 921 650 982 καὶ
672 923 757 1004 φθορά
783 929 837 984 τῶν
865 925 1037 1000 μοναζσυσῶν
1066 923 1218 1004 έπιγίνοιτο,
1241 919 1259 1007 ᾖ
1282 925 1420 1006 χαίρουσιν

135 1042 169 1115 είς
193 1043 227 1102 τὰ
256 1045 379 1120 μάλιστα
402 1040 450 1130 [σί]
481 1041 609 1117 καθάπαξ
638 1046 685 1104 τόν
714 1045 787 1105 θεῖον
819 1042 994 1122 ἀπωσάμενοι
1024 1045 1107 1125 φόβον
1136 1045 1183 1106 καί
1204 1049 1250 1106 τόν
1272 1047 1420 1130 λῃστρικδν

133 1163 266 1240 μετιόντες
294 1165 369 1242 βίον·
399 1161 492 1226 ἵν’σῦν
515 1167 554 1244 μὴ
576 1169 695 1228 τοιοῦτόν
716 1189 741 1228 τι
764 1167 853 1250 συμβῇ
878 1168 1004 1250 συνεργίᾳ
1025 1172 1071 1229 τοῦ
1094 1169 1245 1244 μισοκάλσυ
1268 1169 1351 1230 σατθιν
1373 1168 1420 1229 καί

132 1289 160 1346 τό
186 1285 270 1360 δόξαν
299 1289 365 1364 ἡμῖν
396 1287 507 1365 εὐσεβὲς
537 1290 698 1366 σπούδασμα
728 1288 768 1362 είς
797 1290 948 1352 τσίιναντίσν
979 1290 1158 1372 άντιπεριστῇ,
1190 1293 1258 1374 πρδς
1281 1292 1421 1372 δευτέρους

132 1409 224 1482 τόνους
246 1407 443 1487 ἀπεδοσσίμεθα
465 1409 513 1472 καί
534 1414 659 1488 σεμνείσν
682 1413 774 1493 ἕτερον
791 1409 822 1486 ἐξ
838 1411 926 1472 αίιτῶν
947 1411 1088 1492 κρηπίδων
1110 1412 1307 1494 δομησάμενοι,
1330 1417 1421 1496 πόρρω

133 1531 301 1609 διακείμενον
331 1539 381 1608 τῆς
410 1531 553 1611 θαλάσσης
580 1533 642 1616 περί
672 1533 721 1612 τὴν
745 1535 906 1596 τοποθεσίαν
932 1539 978 1596 τού
999 1536 1098 1620 Βούζη,
1123 1536 1166 1595 ἐπ’
1182 1537 1292 1612 όνόματι
1317 1534 1423 1617 ἱδρυθὲν

131 1653 176 1714 ιιαί
202 1659 282 1716 τοῦτο
308 1661 360 1732 τῆς
380 1658 520 1735 πανάγνσυ
543 1657 687 1736 δεσποίνης
708 1659 788 1734 ἡμῶν
810 1656 856 1718 καί
879 1659 1055 1739 θεομήτσρος,
1082 1655 1129 1718 καί
1151 1655 1212 1738 περί
1235 1659 1299 1719 ουὐτδ
1320 1657 1424 1720 κελλίιι

131 1778 163 1838 τό
182 1779 251 1860 πρδς
275 1778 423 1840 ἀνάπαυσιν
445 1786 499 1842 τῶν
529 1783 703 1856 μσναζσυσῶν
731 1779 779 1841 καί
805 1779 890 1840 λοιπὰ
912 1780 946 1840 τόι
966 1779 1089 1862 χρειώδη
1110 1779 1150 1860 τῷ
1171 1781 1282 1861 τοιούτῳ
1305 1779 1423 1860 σεμνείῳ

130 1901 302 1982 ποιήσαντες,
330 1901 407 1962 ἀλλὰ
432 1899 481 1963 καί
505 1902 555 1978 τὴν
583 1904 651 1984 πρός
682 1903 839 1980 σωματικὴν
865 1901 994 1964 παντοίαν
1016 1899 1063 1963 καί
1086 1902 1197 1978 διηνεκῆ
1220 1903 1347 1984 πρόνοιαν
1369 1908 1423 1962 τῶν

132 2025 305 2100 μσναζσυσῶν
328 2025 526 2105 ἀφιερώσαντες
555 2030 589 2107 τῇ
619 2031 699 2107 μονῇ,
729 2022 776 2086 καί
805 2026 836 2086 τό
864 2021 996 2086 πάντοθεν
1027 2024 1172 2105 ἐλεύθερον
1201 2023 1249 2085 καί
1276 2023 1424 2084 ἀδέσποτον

132 2143 168 2218 είς
197 2147 245 2206 τόν
276 2144 362 2206 αἰῶνα
387 2148 434 2208 τδν
464 2148 572 2207 ἅπαντα
599 2149 841 2228 περιποιησάμενοι
870 2147 967 2232 ταύτῃ,
998 2147 1033 2208 δι’
1049 2148 1244 2224 ίαισμνηματσς
1269 2149 1349 2224 ἡμῶν
1370 2153 1424 2208 τῶν

133 2268 251 2329 εύτελῶν
281 2275 336 2330 τῶν
369 2273 595 2351 χρηματισάντων
624 2272 723 2348 ταύτης
753 2271 902 2352 κτητόρων,
938 2270 1052 2330 ἐνταῦθα
1081 2271 1131 2342 τὰς
1162 2271 1329 2346 μοναζσύσας
1359 2289 1424 2330 συν·

132 2387 269 2466 ετάξαμίν
292 2389 392 2452 τεκαὶ
414 2395 605 2474 συνηγάγομεν
627 2394 675 2454 καί
696 2393 905 2474 καθηγουμένην
928 2393 1028 2454 τούτων
1048 2393 1282 2473 προεστησάμεθα.
1320 2393 1371 2470 τὴν
1393 2392 1425 2454 δέ

131 2534 164 2590 γε
185 2515 322 2596 προτέραν
342 2515 443 2576 τούτων
467 2515 552 2591 μονὴν
575 2513 614 2588 είς
636 2513 761 2597 ἀνδρῷιν
793 2519 1031 2592 μετασκευάσαμεν
1057 2517 1261 2594 συναγησχότες
1284 2515 1426 2594 αύτάρκεις

131 2635 272 2715 μοναχοίις
301 2635 349 2696 καί
379 2637 487 2710 τούτους
515 2637 599 2721 τάιη
630 2637 876 2719 ἐγκαιοικίσαντες,
907 2639 953 2711 ούς
975 2635 1022 2698 καί
1044 2640 1190 2720 τριάκοντα
1211 2634 1244 2709 ἓξ
1267 2636 1425 2712 βουλόμεθα

133 2753 203 2818 εἶναι
227 2756 268 2832 είς
290 2759 343 2840 ἀεί,
366 2758 420 2820 εἴτε
443 2758 490 2822 καί
504 2759 644 2842 πλείονας,
669 2761 817 2833 ἐλάττονας
833 2760 864 2820 δὲ
880 2759 1018 2840 σὐδαμῶς,
1033 2757 1080 2820 καὶ
1103 2747 1148 2838 dt&
1170 2759 1318 2840 σφραγῖδος
1339 2759 1426 2838 ἡγού-

132 2901 216 2956 μενον
247 2881 277 2940 όν
308 2883 398 2953 αἰτεῖς
427 2885 658 2960 κατεστήσαμεν.
676 2883 771 2959 ἐπειδὴ
801 2883 886 2944 τοίνυν
918 2883 951 2944 ἐκ
980 2883 1105 2943 τοιούτων
1128 2879 1219 2942 αἰτιῶν
1242 2881 1260 2956 ἠ
1284 2882 1428 2956 μετάθεσις

132 3001 186 3062 ύπδ
208 3008 258 3078 τῆς
279 3004 405 3080 τοιαύτης
428 3009 514 3082 μονῆς
535 3003 742 3083 ἐπηκολούθησε
755 3012 811 3065 τῶν
827 3007 1000 3080 μοναζουσῶν
1024 3004 1066 3084 ἐφ’
1078 3005 1184 3085 ἑτέραν,
1206 3007 1240 3081 ἡν
1264 3003 1297 3062 ἐκ
1320 3003 1428 3083 βάθρων

132 3124 192 3206 α’ρτι
215 3127 446 3207 συνεστησάμεθα,
471 3125 511 3200 τίς
533 3126 658 3208 άνδρῷαν
682 3127 713 3188 δέ
734 3128 784 3202 την
806 3127 939 3208 προτέραν
962 3127 1118 3205 γυναικείαν
1146 3126 1231 3202 μονὴν
1258 3123 1427 3204 ἠμείψαμεν,

132 3249 171 3319 ὡς
195 3250 228 3307 δν
251 3247 422 3329 ἑκατέρωθεν
444 3250 459 3308 ό
481 3250 544 3322 θοός
566 3247 716 3328 δοξάζσιτο,
746 3245 793 3310 καί
820 3246 905 3328 ψυχαί
935 3248 1055 3330 ἀρρένων
1077 3245 1125 3308 καί
1153 3247 1271 3324 θηλειῶν
1301 3247 1429 3320 ὡσαύτως

133 3371 272 3451 σῶζοιντσ,
296 3370 494 3448 διαταττόμεθα
509 3370 553 3432 διὰ
567 3373 613 3432 τού
627 3371 760 3452 παρόντος
774 3373 854 3446 ἡμῶν
870 3371 1074 3452 ὑπομνηματος,
1094 3372 1183 3430 πάντα
1197 3369 1231 3430 τὰ
1246 3365 1429 3450 άριερωθέντα

131 3490 198 3573 παρ’
210 3493 292 3569 ἡμῶν
314 3499 347 3577 τῇ
369 3495 571 3578 προγενεστέρᾳ
596 3491 738 3577 γυναικείᾳ
766 3499 836 3577 μονῇ
858 3499 891 3576 τῇ
914 3493 986 3554 κατὰ
1007 3491 1057 3569 τὴν
1079 3488 1190 3574 Ἀρειαν
1213 3491 1373 3574 διακειμένη
1395 3495 1429 3574 τῇ

133 3617 164 3690 ές
195 3615 307 3698 ύστερον
336 3616 390 3678 άπδ
420 3615 576 3696 γυναικείας
606 3615 646 3690 είς
676 3615 801 3697 θνδρῷαν
835 3615 1047 3697 μιταμειηθείσῃ
1081 3614 1116 3675 δι’
1139 3617 1172 3687 άς
1202 3613 1305 3694 ἔφαμεν
1333 3611 1429 3693 αίτίας,

135 3739 176 3800 ἐπ’
193 3740 263 3821 ταύτῃ
285 3743 320 3820 τῇ
342 3743 387 3800 νύν
409 3739 552 3823 γυναικείᾳ
574 3743 644 3822 μονῇ
666 3745 701 3820 τῇ
725 3738 754 3798 ἐν
775 3741 808 3820 τῇ
831 3737 974 3821 τοποθεσίηι
996 3739 1042 3797 τού
1061 3737 1149 3812 Βούζη
1172 3736 1332 3818 διακειμένη
1355 3735 1429 3796 άπα-

135 3863 277 3940 ράσπαστα
299 3854 369 3921 εἶναι
389 3857 437 3921 καί
460 3853 583 3938 άμείωτα
606 3857 647 3934 είς
660 3861 706 3920 τόν
722 3857 808 3920 αἰῶνα
823 3859 869 3920 τδν
885 3861 992 3920 ἅπαντα
1015 3857 1062 3919 καί
1084 3859 1115 3918 τδ
1137 3859 1253 3938 γεγονός
1275 3858 1339 3937 παρ’
1351 3858 1430 3933 ἡμῶν

135 3983 177 4044 ἐπ’
190 3985 259 4067 ου’νιῇ
282 3983 432 4061 ύπόμνημα
454 3983 677 4064 άταράθραυττον
708 3983 799 4058 μένειν
829 3983 917 4058 πάντη
944 3979 992 4040 καί
1022 3977 1199 4060 ἀπαράβατον
1222 3977 1267 4039 ἐπί
1288 3985 1353 4038 πᾶσι
1375 3980 1432 4050 τοῖς

136 4105 335 4188 ἑμρερομένοις
364 4103 447 4186 αύτῷ,
478 4106 516 4177 ύς
546 4105 637 4165 δοκεῖν
668 4101 718 4175 τόις
749 4103 831 4176 ιιίαίις
861 4102 1072 4180 μοναζούσας
1060 4121 1089 4161 εν
1121 4102 1188 4184 αύτῇ
1218 4107 1250 4184 τῇ
1281 4105 1352 4184 μονῇ
1381 4107 1431 4176 τῆς

138 4229 250 4310 Αρειας
272 4226 321 4289 καί
341 4228 425 4288 πάλιν
446 4227 582 4308 παρεῖναι,
605 4229 657 4288 κάν
682 4226 710 4286 έν
733 4231 766 4306 τῇ
789 4232 861 4308 μονῇ
882 4229 929 4285 τού
943 4223 1013 4296 Βσύζ
999 4227 1032 4300 ζη
1047 4229 1174 4284 ποιῶνται
1195 4223 1244 4298 την
1267 4221 1371 4300 οίκησιν
1385 4220 1432 4283 καί
1481 4225 1529 4276 ’ἑ

136 4371 178 4411 -ιν
201 4350 351 4428 άσκηιικδν
374 4349 499 4412 διανύωσι
522 4344 626 4429 βίον,
615 4369 709 4430 εγχωρ
711 4341 841 4424 ούμενδὲ
856 4348 902 4408 τόν
917 4346 1124 4426 καθηγούμενον
1138 4351 1188 4422 τῆς
1207 4344 1291 4420 αὖτίς
1307 4323 1502 4426 ὅῑθδρῴύςεἢ
1446 4411 1493 4487 w„
1466 4371 1535 4456 η

137 4480 222 4551 μονῆς
254 4472 298 4532 ἐπ’
315 4471 410 4545 ἀδείας
440 4471 515 4550 ἔχειν
548 4471 682 4554 ἐπιτηρεῖν
711 4471 757 4531 τδν
788 4469 981 4546 οίκσνσμσύντα
1009 4469 1043 4530 τύ
1072 4473 1122 4544 τῆς
1150 4465 1307 4546 γυναικείας
1337 4473 1491 4546 μονῆς,

138 4595 210 4678 είπερ
234 4594 323 4670 καὶὴ
347 4595 541 4674 καθηγουμὲνη
572 4591 620 4654 καί
653 4591 680 4652 αί
710 4591 805 4654 λοιπαὶ
838 4590 958 4670 μοναχαί
987 4595 1064 4652 τοῦτο
1088 4589 1247 4667 βούλοιντο·
1278 4591 1315 4661 ὡς
1339 4588 1434 4671 ἔρσρσν
1480 4559 1504 4596 “²

138 4719 190 4800 γὰρ
220 4719 301 4779 αύτδν
333 4714 416 4778 σίσνεί
445 4715 604 4792 βουλόμεθα
640 4710 710 4776 είναι
738 4712 786 4774 καί
817 4713 1010 4775 ἀντιποιεῖσθαι
1035 4718 1089 4772 τῶν
1119 4713 1302 4792 μοναζουσῶν,
1334 4711 1375 4791 ἐρ’
1392 4701 1434 4782 αίς

1180 4829 1228 4882 12*
