3222 5284
202 277 267 344 316

203 471 313 548 μοδίους
340 474 494 552 τριάκοντα.
541 473 670 534 ἐπέκεινα
692 474 724 534 δὲ
746 479 795 551 τῇς
818 476 943 549 τοιαύτης
965 476 1113 550 ποσότητος
1135 481 1209 536 τυπῶ
1233 477 1326 547 αῦτοῖις
1348 476 1510 552 λαμβάνειν

201 593 248 653 καὶ
271 594 323 652 ἀνά
346 593 429 670 μόδιοι
450 593 511 674 τρία
532 593 605 654 σίτου
627 594 693 675 ὑπὲρ
715 589 750 671 ἧς
773 596 940 676 διωρισάμην
962 599 1049 656 ποιεῖν
1072 597 1166 667 αύτούς
1190 595 1229 669 είς
1248 598 1294 656 τόν
1309 598 1423 657 πυλῶνα
1438 598 1508 657 καθ’

203 715 320 788 ἑκάστην
353 715 528 791 μεταδόσεως
559 715 594 774 δι’
607 715 719 775 ἑαυτῶν.
765 715 837 776 οἴνου
860 717 874 775 ό
902 715 952 791 μὲν
981 718 1189 796 καθηγούμενος
1216 720 1303 798 μέτρα
1324 716 1387 798 λς’,
1418 719 1444 779 οἱ
1473 717 1508 777 δὲ

202 835 294 896 λοιποὶ
316 837 368 896 ἀνά
391 838 478 917 μέτρα
500 835 554 897 κδ’.
590 838 656 916 ὑπὲρ
678 835 844 918 προσφαγίου
867 839 882 897 ό
905 839 956 913 μὲν
978 839 1187 918 καθηγούμενος
1208 839 1361 914 νομίσματα
1383 839 1453 920 τρία,
1480 839 1508 898 σί

202 957 233 1017 δὲ
255 957 347 1019 λοιποί
371 959 424 1018 ἀνά
447 958 503 1019 δύο.
539 958 648 1038 ὀσπρίου
671 958 723 1018 ἀνὰ
745 958 827 1034 μόδιοι
849 957 892 1040 γ’,
922 957 969 1019 καί
991 959 1058 1040 ὑπὲρ
1083 959 1178 1020 ἐλαίου
1201 959 1253 1018 ἀνὰ
1273 961 1394 1036 νόμισμα
1415 963 1455 1040 ἕν,
1490 962 1506 1020 ό

203 1078 235 1138 δὲ
264 1080 472 1156 καθηγούμενος
501 1079 656 1154 νομίσματα
679 1079 736 1141 δύο.
783 1079 812 1140 ἐν
836 1079 867 1140 δὲ
890 1084 950 1152 ταῖς
973 1081 1044 1140 κατὰ
1065 1076 1192 1162 περίοδον
1215 1082 1373 1160 γινομέναις
1396 1083 1506 1160 ἑορταῖς

201 1323 316 1401 Χριστοῦ
338 1328 388 1396 τῆς
411 1319 669 1404 Μεταμορφώσεως,
696 1324 741 1383 ἵνα
764 1319 955 1396 ἐξοδιάζωνται
979 1324 1045 1404 ι’νπὲρ
1067 1329 1152 1404 κηροῦ
1174 1324 1222 1384 καῖ
1246 1324 1340 1386 ἐλαίου
1361 1323 1409 1384 καὶ
1431 1345 1504 1406 τρα-

199 1444 286 1519 πέζης
312 1451 365 1504 τῶν
394 1449 524 1522 μοναχῶν
551 1443 705 1520 νομίσματα
732 1443 773 1523 ἐξ,
803 1443 850 1504 καῖΙ
877 1444 944 1525 ὑπὲρ
972 1445 1122 1518 διαδόσεως
1147 1451 1202 1505 τῶν
1229 1449 1352 1520 πενήτων
1381 1447 1505 1521 νόμισμα

111 1637 114 1643 Ι
202 1567 241 1626 ἐν.
278 1564 306 1624 ἐν
333 1570 366 1646 τῇ
398 1564 521 1645 παντίμῳ
552 1567 632 1649 ἑορτῇ
658 1571 707 1642 τῇς
739 1568 890 1626 πανσέπτου
918 1567 1084 1642 Κοιμησεως
1110 1573 1159 1644 της
1189 1567 1338 1648 ῦπεραγίας
1361 1566 1505 1628 Θεοτόκου

201 1685 353 1762 νομίσματα
368 1685 410 1764 γ’.
443 1686 472 1746 ἐν
493 1693 526 1769 τῇ
550 1688 630 1770 ἑορτῇ
653 1692 698 1750 τοῦ
715 1688 873 1762 Ἀσωμάτου
895 1691 941 1748 τοῦ
962 1687 1088 1766 μεγάλου
1105 1690 1334 1770 ’ἀρχιστρατήγου
1349 1693 1383 1772 τῇ
1397 1688 1504 1749 τελου-

201 1809 271 1889 μένη
300 1807 328 1866 ἐν
350 1813 384 1890 τῇ
407 1807 493 1890 όγδόη
515 1812 561 1868 τοῦ
583 1807 728 1888 νοεμβρίου
752 1810 838 1884 μηνός
868 1808 1022 1884 νομίσματα
1045 1809 1101 1888 δύο,
1134 1809 1162 1868 ἐν
1185 1815 1218 1891 τῇ
1243 1809 1322 1892 ἑορτῇ
1344 1813 1391 1869 τοῦ
1413 1809 1504 1884 τιμίου

201 1929 361 2010 Προδρόμου
383 1928 429 1988 καὶ
452 1931 611 2010 Βαπτιστσῦ,
641 1935 675 2010 τῇ
707 1929 777 1990 κατὰ
799 1931 829 1989 τ“ο
860 1931 1033 2009 ἡλιοτρόπιον
1057 1931 1141 2013 ένιῇ
1173 1929 1240 2013 άγίᾳ
1268 1933 1394 2010 γεννήσει
1418 1931 1502 1990 αῦτοῦ

200 2052 365 2132 τελουμένη,
389 2049 434 2110 διά
455 2071 486 2110 τε
508 2051 657 2131 φωταψίας,
681 2055 842 2130 μυριοτικῶν
864 2049 911 2110 καὶ
933 2053 1070 2130 τραπέζης
1092 2051 1246 2128 νομίσματα
1269 2051 1304 2112 δ’.
1337 2051 1366 2111 ἐν
1389 2051 1421 2111 δὲ
1440 2054 1504 2123 ταῖς

200 2172 311 2243 λοιπαῖς
333 2173 413 2231 αὺτοῦ
436 2172 541 2250 ἑορταῖς
564 2168 617 2231 ἀνὰ
638 2174 758 2246 νόμισμα
781 2174 820 2232 έν.
856 2169 895 2243 εἰς
916 2172 951 2231 τά
974 2173 1040 2249 άγια
1064 2173 1263 2252 Χριστούγεννα
1285 2169 1333 2232 καὶ
1354 2171 1388 2231 τά
1410 2173 1504 2232 Φῶτα

201 2293 355 2368 νομίσματα
377 2293 446 2373 τρία.
481 2293 528 2354 καὶ
551 2294 580 2353 ἐν
602 2299 635 2375 τῇ
659 2292 826 2372 σωτηριώδει
847 2291 894 2352 καί
917 2292 1118 2376 θπερφυεοτάτη
1141 2291 1317 2372 ἀναοταοίμῳ
1339 2295 1432 2377 ἡμέρᾳ
1452 2297 1503 2353 τοῦ

201 2415 291 2494 κυρίου
314 2414 361 2474 καί
384 2416 447 2476 θεοῦ
469 2413 516 2474 καί
539 2422 662 2494 σωτῇρος
684 2415 763 2492 ἡμῶν
780 2416 868 2490 Ἰησοῦ
884 2415 1000 2492 Χριστοῦ
1023 2416 1152 2486 ὡσαύτως
1171 2413 1325 2490 νομίσματα
1341 2414 1409 2496 τρία,
1434 2414 1502 2494 ὑπὲρ

202 2535 233 2596 δέ
256 2540 340 2614 κηροῦ
362 2542 411 2611 τῆς
434 2536 587 2613 ἐκκλησίας
608 2541 655 2596 τοῦ
678 2537 857 2618 μοναττηρίου
872 2541 917 2597 τοῦ
933 2537 1000 2596 ὅλου
1017 2537 1138 2596 ἐνιαυτοῦ
1153 2536 1305 2612 νομίσματα
1321 2535 1358 2610 ιβ’
1373 2539 1502 2616 τέταρτα,

200 2655 248 2717 καί
271 2657 366 2717 ἐλαίου
396 2656 492 2738 λίτρας
515 2657 569 2738 ρν’·
600 2655 646 2718 καί
670 2657 736 2738 θπὲρ
763 2659 933 2733 θυμιάματος
954 2657 1108 2734 νομίσματα
1130 2656 1171 2731 β’·
1203 2657 1269 2737 ὑπὲρ
1292 2657 1324 2717 δὲ
1345 2661 1503 2737 προσφορᾶς

200 2777 247 2838 καὶ
270 2781 392 2855 νάματος
413 2783 459 2838 τοῦ
481 2779 548 2840 όλου
572 2779 702 2860 ἐνιαυτοῦ,
725 2779 769 2840 ἵνα
789 2781 967 2861 παρέχωνται
989 2778 1062 2840 σίτου
1085 2780 1176 2856 μόδιοι
1199 2778 1235 2854 ιη’
1256 2777 1304 2840 καὶ
1323 2777 1397 2840 οίνου
1413 2780 1503 2860 μέτρα
1602 2821 1603 2829 1

202 2899 248 2980 ιη’,
279 2896 356 2982 ἐφ’ῖφ
382 2899 429 2961 καὶ
455 2902 516 2972 τούς
546 2903 686 2980 μοναχούς
716 2901 941 2977 μεταλαμβάνειν
972 2901 1005 2961 ἐκ
1025 2901 1117 2962 τούτου
1141 2901 1186 2961 διὰ
1216 2902 1340 2977 κλυσμσῦ
1362 2898 1410 2960 καὶ
1433 2901 1502 2980 ὑπὲρ

199 3021 291 3084 ἀελίου
322 3024 441 3100 νόμισμα
464 3025 502 3083 έν.
549 3025 597 3085 οῦκ
627 3023 811 3099 ἐπιλέλησμαι
834 3021 922 3082 δὲτὰ
950 3021 1012 3102 περὶ
1035 3029 1087 3082 τῶν
1116 3027 1254 3104 συγγενῶν
1277 3042 1329 3099 μου
1351 3043 1501 3084 καταοτοι-
1597 3099 1598 3102 ¹

199 3147 361 3224 χειούμενος
391 3143 484 3228 εῖπῶν,
516 3145 561 3206 ἵνα
590 3148 605 3206 ό
636 3145 718 3206 δόλον
747 3149 766 3220 ἢ
796 3145 931 3220 ἀμέλειαν
963 3145 1092 3224 μεγάλην
1123 3145 1368 3220 ἐνδεικνύμενοςῆ
1401 3143 1501 3216 άλλως

199 3273 294 3338 κακῶς
317 3267 507 3347 διαγινόμενος
529 3261 646 3346 περὶτὰ
669 3266 707 3345 τῷ
731 3266 904 3346 μοναστηρίῳ
926 3264 1034 3345 καὶτῷ
1056 3267 1266 3348 πτωχοτροφείῳ
1282 3286 1333 3342 μου
1350 3267 1499 3346 ἀνήκοντα,
1593 3345 1594 3352 γ

199 3391 292 3461 καθὼς
320 3391 488 3468 πλατύτερον
511 3391 540 3450 ἐν
572 3388 669 3467 ἐκείνῳ
691 3388 730 3467 τῷ
759 3389 853 3468 χωρίῳ
876 3391 923 3448 καῖ
954 3387 1048 3460 ῖδικῶς
1069 3388 1119 3460 τὰς
1149 3387 1235 3459 αἰτίας
1266 3385 1452 3470 ἀνεταξάμην,
1485 3389 1500 3448 ό

199 3515 318 3584 τοιοῦτος
341 3511 501 3586 ἀποκινῆται
522 3517 572 3586 τῆς
594 3509 718 3589 ἐφορείας
740 3509 786 3571 καὶ
809 3511 965 3589 κυριότητος
987 3509 1033 3570 καὶ
1061 3510 1189 3591 προνοίας
1213 3511 1307 3589 αύτῶν,
1335 3509 1382 3570 καί
1406 3513 1500 3592 ἕτερος

199 3635 281 3709 αύτὴν
313 3632 474 3711 διαδέχηται
500 3631 742 3713 πφοβαθμιῶτερος
770 3635 913 3712 συγγενής,
946 3633 1190 3713 μεμαρτυρημένος
1218 3629 1263 3690 ἐπὶ
1290 3631 1425 3714 εὐλαβείᾳ
1450 3633 1499 3692 καὶ

199 3756 274 3836 φόβῳ
297 3757 360 3816 θεοῦ
382 3753 428 3814 καί
454 3755 666 3830 κατατιθέμενος
688 3756 777 3814 πάντα
799 3758 884 3814 ποιεῖν
906 3750 979 3814 κατά
1000 3761 1049 3828 τἠν
1071 3755 1208 3832 ἡμετέραν
1232 3750 1362 3825 διάταξιν.
1402 3754 1498 3828 ἐπειδὴ

200 3877 231 3936 δὲ
263 3879 394 3958 αὐστηρόν
416 3899 475 3950 πως
505 3875 649 3937 δοκεῖκαὶ
679 3877 887 3956 ἀφιλάνθρωπον
918 3878 948 3935 τό
975 3873 1062 3956 χωρὶς
1093 3869 1286 3954 διαμαρτυρίας
1308 3872 1355 3934 καί
1377 3875 1446 3954 πρός
1467 3876 1498 3934 τό

200 3997 262 4058 δέον
284 3997 466 4079 παραθήξεως
487 4000 550 4072 τοῦς
573 4000 778 4080 ἁμαρτάνοντας
800 3997 943 4078 τιμωρίαις
965 3997 1235 4077 καθυποβάλλεοθαι,
1259 3998 1328 4056 ὥστε
1350 3993 1399 4055 καὶ
1419 3997 1499 4056 αὐτόν

198 4121 244 4180 τόν
267 4125 365 4201 σπόρον
387 4129 437 4197 τῇς
459 4125 532 4196 ζωῆς
554 4121 773 4200 ἀποβάλλεσθαι,
803 4121 962 4199 διορίζομαι,
993 4119 1037 4178 ἵνα
1058 4120 1127 4198 πρός
1148 4119 1194 4176 τόν
1218 4118 1256 4194 μὴ
1279 4117 1368 4197 ἀρθῶς
1390 4137 1498 4198 κεχρη-

199 4245 281 4318 μένον
304 4247 360 4316 τοῖς
383 4245 460 4318 ἐμοῖς
483 4243 649 4322 διατάγμασι
672 4241 797 4314 καὶτοῖς
819 4248 873 4301 τῶν
899 4242 1004 4318 εθαγῶν
1028 4240 1109 4301 οἴκων
1124 4243 1268 4320 πράγμασι
1282 4234 1411 4318 γίνωνται
1427 4244 1498 4318 τρεῖς

198 4363 385 4446 παραγγελίαι
409 4367 540 4445 ἔγγραφοι
564 4365 607 4424 ἐπὶ
631 4367 771 4444 μαρτύρων
793 4365 865 4424 κατὰ
886 4365 1030 4444 περιόδους
1052 4361 1233 4444 τριμηνιαίας,
1257 4359 1304 4422 καὶ
1326 4362 1388 4420 τότε
1413 4359 1497 4438 εἰμὴ

197 4489 357 4570 διορθοῦται,
383 4485 406 4546 εἰ
429 4487 480 4561 μὲν
502 4487 629 4566 περίεισιν
653 4489 739 4567 ἕτεροι
761 4491 808 4545 τοῦ
830 4488 927 4565 γένους
950 4506 1011 4566 μου,
1034 4485 1079 4544 ἵνα
1093 4490 1257 4564 προτιμᾶται
1272 4485 1365 4563 έτερος
1381 4483 1397 4540 ό
1412 4483 1497 4562 ἀπερ-

198 4612 271 4692 έχων
296 4609 324 4668 ἐν
349 4607 431 4688 ἀρετῇ
454 4607 500 4667 καὶ
523 4609 582 4683 βίου
604 4609 786 4691 λαμπρότητι,
810 4608 1005 4668 ἐπιλειπόντων
1029 4607 1061 4667 δὲ
1084 4613 1136 4666 τῶν
1161 4606 1291 4685 ἀρρένων,
1314 4605 1376 4664 τότε
1391 4604 1436 4663 ἵνα
1451 4603 1498 4663 καὶ
