3222 5284
1310 381 1375 446 325

91 573 130 650 ρία
150 570 199 649 νζ’,
221 571 256 630 τά
279 573 418 653 ἀμφότερα
434 573 538 654 ἀργυρᾶ
554 573 695 651 διάχρυσα.
713 574 951 652 τετραευοίγγελσν
966 575 1140 653 λιτὰγραρον,
1166 575 1231 652 ἔχον
1247 574 1375 653 σταυροὺς

92 693 131 754 θύσ
152 692 217 768 μετὰ
245 694 410 770 γαμματίων
441 689 522 772 ὀκτώ,
554 694 693 774 ἀμφύτερα
723 694 861 771 ὁλόχρυσα
890 697 1033 772 χειμευτά,
1065 690 1200 780 ἔχονψτοςψ
1209 692 1231 776 ¹)
1254 699 1300 754 τοῦ
1323 695 1374 770 μὲν

90 815 143 885 ἑνύς
162 818 272 892 σταυροῦ
294 816 344 889 τὴν
367 816 523 896 σταύρωσιν,
546 820 592 875 τού
616 815 648 874 δὲ
672 815 763 893 ἑτέρου
785 815 834 890 τὴν
858 814 1006 894 ύπεραγίαν
1022 813 1170 894 Θεοτὰκον,
1194 814 1226 886 τά
1249 815 1280 875 δὲ
1296 837 1373 894 γαμ-

90 937 161 1009 μοίτια
180 935 242 1007 τούς
265 936 359 1014 ἁγίους
375 936 557 1008 Ἀποστύλους
578 934 625 996 καί
649 936 757 1016 ἑτέρους
781 935 922 1015 θιαρύρους
943 934 1050 1014 ἁγίους·
1076 936 1134 1014 ἔχει
1155 934 1185 994 ἀὲ
1204 937 1235 994 τ“ο
1256 939 1373 996 τοιούτου

89 1058 313 1135 τετραευάγγελον
333 1058 434 1136 κσρρία
457 1058 540 1138 μικρά
564 1055 615 1136 σθ’,
639 1052 709 1132 μετὰ
732 1055 857 1127 τζσυνίων
874 1057 942 1116 ἑττά
959 1052 1083 1138 ἀργυρῶν
1100 1056 1261 1136 διαχρύσων,
1288 1057 1371 1135 ἔχον-

90 1173 165 1262 [ταψί]
187 1177 233 1238 καί
258 1178 326 1238 αύτά
347 1179 448 1259 καρφίοι
471 1175 509 1254 ις’
533 1177 580 1238 καὶ
603 1178 769 1256 ἀμυγδάλας
791 1175 830 1252 η’.
857 1181 951 1258 ἕτερον
975 1177 1137 1257 εύαγγέλιον
1160 1179 1278 1238 παλαιὸν
1293 1179 1371 1238 λιτό-

88 1320 177 1376 γραρσν
201 1301 266 1378 ἕχον
289 1301 403 1380 σταυρὸν
426 1301 543 1380 ἀργυρθν
567 1303 615 1359 ἕνα
637 1298 684 1360 καί
699 1303 850 1380 γροίμμοιτα
866 1299 895 1358 ἐν
910 1297 949 1375 τῷ
965 1299 1071 1380 σταυρῷ
1086 1301 1237 1379 γράψοντα·

179 1422 287 1480 Ἰύπον
309 1421 472 1500 προτείνω
494 1420 550 1482 καὶ
574 1422 679 1482 θανὼν
701 1420 764 1480 τῶν
786 1421 961 1502 πρακτέων
1025 1465 1030 1472 .

179 1541 234 1614 Είς
258 1539 428 1617 ἐξίλασμα
449 1545 531 1622 πρὸς
554 1545 630 1606 θεον
652 1541 709 1602 καὶ
731 1543 905 1617 δεσπότην.

177 1664 290 1739 Βιβλίαν
315 1666 407 1745 ἕτερον
430 1665 607 1744 Ἀπὰστολος,
638 1667 668 1724 το
690 1665 755 1744 ύψος
778 1666 883 1745 μικρὸν,
920 1666 1059 1744 προφήτης
1083 1666 1254 1743 μονθκαιρος.
1287 1664 1372 1724 θκτά-

86 1806 145 1862 ηχος
167 1785 316 1857 θικὰνονσς.
348 1788 510 1866 στιχεράριν.
542 1785 693 1866 ψαλτήριον
716 1790 764 1861 τῆς
785 1785 970 1864 στιχολογίας.
1003 1786 1105 1861 μηναῖα
1125 1788 1170 1844 τού
1187 1785 1253 1844 ὅλου
1274 1787 1373 1864 χρόνον

86 1905 126 1964 καί
145 1901 265 1987 τριῴθιον
294 1906 375 1986 σῷον.
422 1901 620 1984 ἀναγνωστικοί.
653 1906 801 1986 θεολόγος·
831 1907 902 1965 κατὰ
926 1907 1055 1981 Ἰωάννην
1078 1907 1108 1964 το
1136 1910 1251 1985 πρῶτον.
1283 1925 1371 1980 μετα-

87 2031 181 2106 ρρὰσεις
202 2029 288 2105 τεύχη
313 2025 353 2088 δ’·
378 2031 482 2104 μηναῖα
501 2026 536 2107 δ’,
560 2027 749 2109 σεπτέμβριος,
774 2027 932 2107 ἀκτύβριες,
955 2027 1101 2106 νοέμβρισς
1124 2024 1171 2085 καί
1196 2025 1370 2105 θεκὲμβριος.

87 2151 165 2228 ἕτερον
186 2149 337 2230 ψαλτήριον
359 2149 430 2225 μετὰ
444 2156 493 2226 τῆς
510 2148 656 2227 ἑρμηνείας
671 2149 761 2210 αύτού.
790 2148 896 2223 βιβλίον
912 2149 1004 2228 ἕτερον
1020 2149 1035 2206 θ
1051 2147 1221 2223 Πανθὲκτης.
1249 2150 1268 2225 ἡ
1284 2145 1371 2221 Ἑξα-

85 2271 176 2350 ίμερος
196 2273 242 2330 τού
258 2271 450 2351 Χρυσοοτύμου
473 2272 502 2330 τίν
519 2269 653 2351 δεύτερον,
676 2269 723 2330 καὶ
738 2271 756 2348 ἡ
773 2267 947 2350 Ἓξαήμερος
961 2272 1007 2328 τού
1023 2270 1100 2348 ἁγίου
1120 2270 1277 2350 Βασιλείου,
1302 2270 1372 2346 μετὰ

85 2396 125 2464 της
148 2392 359 2470 ’ἀποκαλύψεως
385 2390 433 2452 καὶ
461 2391 595 2473 διαφόρων
621 2393 725 2470 λύγων,
772 2394 864 2470 ἕτερον
892 2390 999 2466 βιβλίον
1025 2392 1209 2471 πανηγυρικὸν
1239 2392 1390 2472 διαφόρων·

84 2517 199 2592 ποιητῶν,
227 2512 274 2572 καί
298 2515 389 2593 ἕτερον
414 2512 520 2588 βιβλίον
542 2520 588 2572 τού
610 2514 802 2593 Χρυσοστύμου
826 2513 851 2572 οἱ
867 2511 1047 2593 Ἀνάριὰντες,
1075 2511 1121 2598 καί
1146 2515 1238 2594 ἕτερον
1263 2514 1371 2590 βιβλίον

84 2634 232 2713 θεολογικσν
253 2639 301 2694 τού
324 2633 402 2710 ἁγίου
425 2635 552 2694 Ἰωάννου
574 2637 621 2694 τού
643 2635 836 2709 Δαμασκηνοῦ.
869 2635 961 2714 ἕτερον
986 2633 1092 2709 βιβλίον
1118 2635 1262 2714 Προρητης
1286 2637 1370 2710 μονό-

84 2775 178 2834 καιρον·
214 2753 259 2814 καί
291 2758 383 2836 ἕτερον
414 2755 521 2830 βιβλίον
553 2755 580 2814 αί
611 2757 788 2834 Κατηχησεις
817 2758 864 2816 τού
886 2755 1038 2816 Στουδίτου.

176 2878 231 2937 Ἐκ
251 2884 479 2958 προσαγωγῆς
501 2880 556 2936 τού
579 2879 676 2937 αύτού
699 2879 853 2937 Ἰυνοίννου
875 2876 1106 2957 πραιποσίτου·
1135 2877 1247 2953 Βιβλίον
1271 2881 1369 2954 σωμά-

83 3017 130 3056 τιον
151 3001 321 3078 μονὰκαιρον,
345 2999 411 3077 ἕχον
426 2999 645 3078 Χρυσοστσμικθν
668 2999 836 3078 ἀνάγνωσμα
857 2997 904 3057 καί
927 2999 972 3057 τθν
988 2999 1046 3073 βίον
1062 3003 1107 3057 τσῶ
1124 2999 1201 3078 ἁγίου
1218 2999 1369 3078 Ἀρτεμίου,

82 3118 121 3178 καί
142 3121 238 3202 ἑτέρων
261 3121 347 3199 ἁγίων
371 3120 454 3196 βίους.
502 3123 594 3202 ἕτερον
617 3123 752 3196 σωμάτιον
776 3121 841 3198 ἔχον
864 3120 925 3192 τούς
949 3119 1123 3192 θεοτοτικοίις
1145 3123 1264 3192 κανόνας
1280 3123 1369 3202 ἑρμη-

83 3243 225 3322 νευμὲνους,
248 3240 296 3302 καί
318 3242 618 3322 σειομοβροντολθγιον.
665 3245 757 3322 ἕτερον
781 3241 887 3316 βιβλίον
911 3241 1077 3317 βαμβύκινον
1102 3241 1166 3319 ἔχον
1187 3244 1237 3317 την
1260 3243 1367 3320 σύνοψιν

83 3365 121 3421 τού
143 3362 217 3442 ἁγίου
240 3363 415 3442 εύαγγελίσυ,
438 3362 485 3424 καὶ
506 3365 552 3422 τον
569 3361 751 3443 Ἀλέξανδρον
774 3363 821 3423 καὶ
841 3363 926 3424 λοιπὰ
941 3359 1156 3442 ἀναγνώσματα·
1184 3365 1276 3443 ἕτερον
1292 3364 1368 3440 βαμ-

82 3481 187 3562 βύκινον,
209 3485 337 3566 χρονικθν
361 3485 471 3545 ἐκτεθὲν
493 3485 568 3566 παρὰ
590 3489 636 3545 τού
658 3489 799 3566 κτήτορος.

172 3605 236 3666 Καὶ
265 3606 303 3665 τά
333 3608 602 3686 προσενεχθέντα
632 3613 669 3688 τῇ
693 3607 773 3689 ἁγίᾳ
802 3608 902 3688 ταύτῃ
934 3615 1016 3688 μονῇ
1046 3607 1130 3666 κατὰ
1151 3609 1206 3666 τὀν
1229 3612 1367 3688 μοίρτιον

82 3732 157 3800 μῆνα
178 3733 236 3804 τῆς
250 3727 278 3803 η’
303 3725 514 3800 ίνθικτιῶνος
533 3729 620 3807 παρὰ
640 3733 695 3788 τού
716 3734 864 3807 μοναχού
880 3730 1023 3807 Μιχαὴλ
1042 3728 1097 3788 καὶ
1112 3731 1368 3806 καθηγουμένου

81 3852 130 3921 τῆς
150 3850 246 3925 αύτῆς
270 3857 375 3926 μονῆς
396 3853 513 3910 ταῦτα·
542 3850 648 3926 βιβλίον
673 3851 839 3926 βαμβύκινον
862 3853 877 3910 θ
902 3847 1132 3930 [Ιραξαπύστολος
1156 3853 1366 3930 ἑρμηνευμένος,

84 3967 138 4044 ἔχον
157 3969 202 4030 καὶ
223 3971 272 4042 τάς
295 3971 364 4030 ἑπτθι
393 3972 545 4044 καθολικάς
578 3969 725 4043 ἐπιστολὰς
747 3973 794 4032 καί
825 3972 907 4044 αύτάς
939 3973 1159 4052 ἑρμηνευμένοις·
1191 3973 1236 4031 σύν
1265 3974 1367 4044 τούτοις

83 4088 138 4164 ἔχον
165 4091 209 4152 καί
237 4095 283 4178 τὀν
314 4093 389 4175 Ἰὼβ,
425 4093 571 4174 παροιμίας
602 4095 794 4173 Σολομῶντος,
831 4094 1060 4173 Ἐκκλησιαοτην,
1092 4090 1195 4168 Ἄισμα
1227 4091 1365 4173 ᾀσμάτων,

83 4208 169 4288 Σοφίαν
184 4213 271 4288 Ἰησοῦ
286 4213 343 4274 υίού
358 4216 476 4292 Σειράχ
501 4215 536 4272 τὰ
551 4216 691 4294 ἀμφύτερα
706 4216 777 4290 μετὰ
792 4215 951 4295 ἑρμηνείας·
969 4214 1145 4295 καλύγραφον
1161 4216 1238 4274 θλον.
1272 4219 1365 4296 ἕτερον

84 4328 176 4402 βιβλίον
195 4333 372 4414 βαμβύκινον,
396 4337 546 4416 ψαλτήριον
564 4337 774 4416 ἑρμηνευμὲνον.
806 4338 898 4416 ἕτερον
915 4335 1022 4409 βιβλίον
1039 4339 1174 4411 σωμάτιον
1190 4337 1365 4416 λιτύγρτρον,

84 4449 226 4526 ἡἍλωσις
252 4461 301 4530 τῆς
325 4456 518 4536 Ἰερουσαλήμ.
566 4459 657 4536 ἕτερον
685 4457 793 4532 βιβλίον
824 4459 970 4537 σωμάτιον,
998 4457 1190 4535 Νομοκὰνονα,
1218 4463 1264 4516 τοῦ
1288 4458 1365 4536 ἁγίου

175 4713 194 4776 ¹)
212 4713 354 4780 Supplevit
372 4715 397 4765 S.
469 4715 490 4780 ί)
510 4715 652 4781 Supplevit
670 4716 696 4765 S.
