3486 5282
398 301 464 366 200

400 493 439 566 είς
468 497 540 574 τρεῖς
571 498 686 574 χρόνους
717 495 788 554 κατὰ
817 497 969 572 συνέχειαν.
1016 491 1046 566 ἐξ
1078 494 1200 565 ἐναντίας
1222 492 1265 572 δέ,
1296 493 1344 553 ἐάν
1367 493 1394 553 οί
1414 494 1559 570 κακοῦργοι
1587 491 1674 567 τίχωα

400 617 533 697 άδίινατοι,
562 619 634 697 τρεῖς
664 619 758 697 ροραῖς
788 617 821 675 νά
843 616 990 698 δέρνωνται
1020 613 1059 687 είς
1080 615 1130 690 τήν
1151 615 1286 674 πλατεῖαν
1308 619 1354 674 τσιῖ
1376 614 1457 674 τάττου
1479 611 1526 672 καὶ
1546 613 1675 692 τερισῃήν,

399 735 446 798 καί
472 739 506 798 νδ
533 737 704 820 ἐξορίζωνται
733 738 764 798 ιε’
789 739 868 814 μιλια
895 737 1002 819 μακρὰν
1027 745 1081 797 τῶν
1107 739 1224 817 συνάρων
1247 737 1291 796 διὰ
1314 736 1369 796 διἰω
1396 737 1454 814 ἔτη,
1476 733 1523 795 καί
1543 737 1575 794 ἐν
1596 754 1676 812 ταρα-

400 860 497 942 βισσθῄ
519 861 586 936 αὕτη
608 862 626 936 ἠ
650 859 735 936 ζημία
757 859 804 920 καί
825 860 1010 938 σολληρθῶσι,
1034 861 1067 918 νά
1081 853 1281 939 ρυλακίζωνται
1296 859 1342 918 διὰ
1357 861 1406 918 ἐνα
1421 857 1576 938 ὁλόκληρον
1590 858 1677 936 χρέντν

399 979 446 1042 καί
467 981 502 1041 νθι
525 982 699 1062 ἐτιστρέρωσι
721 981 805 1043 πάλιν
828 981 867 1054 είς
888 983 938 1058 τἠν
961 979 1067 1061 ἐξορίαν
1089 1003 1152 1062 των,
1180 979 1226 1042 καὶ
1248 986 1334 1058 τοῦτο,
1363 983 1458 1052 ὁσάκις
1481 979 1517 1055 μέ
1537 979 1586 1051 τὰς
1608 979 1678 1045 αάῖς

399 1105 569 1184 περιστάσεις
595 1105 700 1180 ήθελαν
723 1102 929 1184 συλληρθιῖνσιν·
959 1103 982 1164 οί
1007 1103 1037 1164 δέ
1060 1103 1237 1178 ὁπωσδήποτε
1266 1101 1373 1162 δυνατοί
1396 1099 1428 1175 ἐξ
1450 1103 1538 1162 αθτῶν
1558 1100 1592 1159 νέι
1613 1100 1680 1172 τλη·

400 1227 506 1304 ρωνωσι
526 1223 574 1284 καὶ
597 1226 694 1285 ἐκατδν
716 1226 812 1306 λίτρας
828 1226 926 1306 μικράς
949 1226 983 1286 ἐκ
1003 1231 1053 1300 τῆς
1077 1223 1242 1301 ίδιοκτησίας
1263 1245 1326 1304 των,
1351 1224 1399 1284 ἐὰν
1423 1225 1532 1302 ἔχωσιν,
1554 1221 1640 1297 ήάτδ
1653 1221 1680 1279 τὰ

401 1349 532 1425 χρήματα
553 1351 599 1407 τοῦ
621 1348 832 1428 ἀναφερομένου,
854 1345 901 1406 καί
921 1349 991 1419 ὅστις
1007 1347 1194 1426 ἐκατηγόρησε
1208 1345 1271 1418 τοὺς
1286 1347 1457 1424 κακούργους
1473 1345 1576 1424 αῖιτσίις,
1600 1345 1681 1413 δτως-

402 1467 504 1544 δήτοτε
526 1469 622 1550 εὑρεθῇ
644 1471 661 1544 ή
685 1469 813 1552 ἀλήθεια,
836 1468 871 1526 νδι
893 1468 1078 1550 άτολαμβάνῃ
1101 1467 1150 1539 τὰς
1164 1465 1187 1526 ν’
1211 1467 1310 1548 μικρὰς
1332 1467 1437 1547 λίτρας,
1460 1467 1510 1539 τὰς
1529 1466 1682 1547 τληρωτέες

402 1592 440 1662 ὡς
471 1591 536 1672 άνω,
566 1589 612 1650 καὶ
641 1589 676 1649 νά
705 1597 837 1671 κρατῆται
868 1596 1011 1666 μυστικῶς.
1057 1589 1124 1650 ἀλλ’
1144 1590 1192 1650 ἐὰν
1215 1589 1241 1650 οί
1262 1594 1408 1671 κακοῦργοι
1439 1589 1486 1649 δέν
1510 1589 1636 1666 δυνηθοῦν
1655 1588 1683 1645 νὰ

402 1712 591 1792 συλληρθῶσιν
603 1713 653 1772 ὑπὸ
672 1718 722 1788 τῆς
738 1713 868 1788 δημοσίου
884 1713 1037 1788 δυνάμεως,
1059 1713 1093 1771 νδι
1107 1709 1170 1793 ήναι
1186 1713 1440 1791 άτοκεκηρυγμένοι
1454 1711 1502 1772 καί
1518 1713 1631 1783 ἀπόντες
1644 1707 1684 1770 καὶ

402 1833 553 1894 ἐννοοῦνται
569 1833 744 1914 ἐξωρισμένοι
765 1833 812 1894 καί
835 1835 884 1894 &ab
906 1833 1059 1914 περίστασιν
1079 1833 1274 1914 ταραβιάσεως
1289 1840 1340 1912 τῆς
1356 1832 1475 1914 ἑξορίας,
1494 1832 1543 1893 καί
1559 1837 1591 1892 ἐν
1607 1832 1645 1903 είς
1659 1831 1684 1902 ἐξ

402 1957 564 2015 αὐτῶντῶν
588 1956 800 2035 ἐγκληματικῶν
823 1958 974 2036 συντράρων
996 1957 1084 2030 ἤθελε
1108 1959 1264 2037 μαρτυρήσῃ
1286 1955 1347 2027 τοθς
1370 1954 1529 2034 συναιτίους,
1554 1955 1579 2016 οί
1602 1955 1683 2014 συναί-

401 2075 453 2137 τιοί
474 2097 521 2138 του
542 2079 603 2136 τότε
625 2078 659 2136 νά
681 2076 869 2156 ταιδεθωνται,
900 2079 973 2147 ὅπως
1004 2079 1057 2160 ἐχῃ
1079 2079 1097 2152 ἡ
1120 2078 1248 2156 ἀλήθεια,
1279 2075 1326 2137 καί
1349 2079 1429 2150 αθτδς
1451 2077 1485 2136 νίι
1506 2077 1619 2158 κερδίζῃ
1644 2077 1685 2149 τἠν

403 2197 574 2280 ονγχώρησίν
600 2219 647 2258 του
672 2197 719 2258 καί
745 2199 794 2274 τὴν
822 2199 980 2279 ἐλευθερίαν
1007 2219 1052 2259 του
1083 2198 1130 2259 καί
1156 2200 1190 2259 τὰ
1221 2197 1304 2272 ἐξοδα
1326 2198 1372 2259 καὶ
1398 2199 1448 2272 τὰς
1470 2199 1493 2258 ν’
1522 2201 1620 2281 λίτρας
1644 2199 1685 2267 τὰς
1722 2277 1723 2280 γ

403 2323 511 2400 μικράς,
536 2320 562 2380 αἱ
585 2322 675 2381 ὁποῖαι
697 2321 731 2379 νά
752 2319 790 2400 τῷ
812 2320 1000 2400 πληράνωνται
1023 2323 1061 2392 ὡς
1085 2323 1150 2402 άνω,
1173 2320 1220 2382 καὶ
1240 2321 1274 2380 νδι
1293 2328 1424 2402 κρατήται
1446 2325 1524 2382 τοῦτο
1539 2325 1646 2402 κρυρόν.
1670 2321 1685 2392 ή

405 2442 544 2514 ἐκτέλεσις
567 2443 665 2516 ταίιιης
686 2447 737 2517 τῆς
758 2441 891 2520 διαταγῇς
911 2441 1090 2523 παραδίδοται
1113 2442 1153 2515 είς
1174 2443 1235 2514 τοθς
1257 2443 1438 2518 θπαλλήλους
1460 2449 1510 2518 τῆς
1529 2443 1687 2524 ήγεμονείᾱς

404 2585 469 2644 μσς,
504 2561 544 2636 είς
566 2565 644 2635 ὅσους
666 2563 771 2642 ἀνήκει,
805 2563 853 2624 καί
883 2562 922 2636 είς
952 2564 1014 2637 τοὺς
1037 2565 1183 2643 διαδόχους
1204 2586 1267 2643 των,
1305 2566 1373 2646 πρὸς
1394 2565 1456 2638 τοὺς
1478 2565 1587 2638 ὁκοίους
1608 2564 1687 2640 ήθελε

403 2685 466 2768 γίνῃ
495 2687 602 2764 γνωστὴ
632 2687 650 2760 ἡ
678 2684 762 2761 ζημία
790 2687 865 2766 παρὰ
894 2692 947 2746 τῶν
977 2687 1194 2766 ἀναφερομένων.
1240 2685 1287 2746 καὶ
1311 2687 1405 2762 ἐπειδὴ
1437 2688 1503 2762 σάντὴ
1531 2690 1550 2763 ἠ
1578 2689 1686 2763 διατσγί.

404 2829 459 2882 μσς
483 2808 556 2886 ἐγινε
579 2807 649 2867 κατὰ
672 2806 784 2882 θέληοίν
807 2829 872 2884 μας,
895 2811 1092 2888 προστάξομεν,
1121 2810 1159 2881 ὡς
1181 2809 1229 2868 καί
1256 2811 1369 2888 άνωθεν,
1396 2809 1439 2868 ἵνα
1468 2811 1538 2890 μένῃ
1562 2807 1687 2885 μοναδικίΙ

403 2926 449 2989 καί
473 2927 513 3002 είς
535 2928 590 2989 ὅλα
612 2949 660 3004 της
690 2929 723 2989 τὰ
753 2931 823 3010 μέρη
853 2931 887 2988 νά
917 2931 1042 3012 θεωρηθῇ
1072 2929 1118 2990 καί
1149 2929 1299 3012 ἐκτελεσθῇ
1326 2929 1374 2990 καὶ
1396 2931 1532 3013 ἐνεργηθῄ
1555 2929 1604 2991 καί
1624 2929 1688 3009 ταρὰ

402 3049 511 3112 πάντων
533 3051 566 3110 νά
589 3051 709 3134 σεβασθῇ
735 3050 782 3111 καί
813 3053 927 3124 ἕκαστος
957 3047 991 3111 νά
1021 3053 1069 3127 τἠν
1098 3053 1268 3134 παρατέμιιῃ
1297 3054 1365 3132 τρδς
1393 3054 1439 3112 τὀν
1470 3053 1561 3114 α’λλον
1591 3051 1638 3113 καί
1661 3049 1689 3108 νῖ

403 3176 480 3256 κάμῃ
503 3173 537 3232 νά
564 3171 729 3256 δημοσιευθῇ
757 3171 796 3246 είς
823 3175 944 3245 άνταντας
971 3178 1024 3234 τιάν
1048 3175 1062 3232 ὅ
1085 3195 1108 3233 τι
1136 3175 1202 3249 αὕτη
1224 3176 1243 3249 ή
1267 3173 1383 3253 διαταγή
1407 3173 1603 3254 διαλαμβάνει,
1632 3173 1688 3244 αθτὴ

405 3294 436 3354 δὲ
458 3295 492 3352 νὰ
513 3297 705 3377 καταχωρισθῇ
727 3293 774 3354 καὶ
797 3295 830 3354 νά
853 3295 1002 3376 ἐπιστραφῇ
1026 3293 1065 3367 είς
1087 3296 1117 3354 τδ
1141 3292 1341 3376 ἀναρεράμενον
1369 3299 1557 3377 μοναστήριον.
1599 3297 1689 3368 ἐδόθη

406 3417 439 3476 ἐν
461 3416 505 3494 τῷ
527 3415 721 3495 ἡγεμονικῷ
742 3415 899 3496 παλατίῳ
921 3423 960 3498 τῇ
981 3415 1010 3494 γ’
1033 3415 1160 3478 ίουλίου
1183 3415 1241 3476 ίνδ.
1265 3416 1306 3493 ς’,

1056 3573 1213 3650 Ἰωάννης
1236 3575 1410 3656 Φράγκης,

1058 3697 1250 3778 Κορνήλιος
1273 3699 1449 3778 ἐπίτροπος
1471 3693 1653 3783 θτήέγραψοιή.

511 3872 557 3952 Τῇ
581 3868 620 3949 ιγ’
645 3867 837 3950 ἰανουαρίον
863 3868 945 3932 1713
969 3872 1061 3943 ἔτους
1084 3872 1166 3932 νέου.

514 3993 731 4072 Ἐταρουοιάσθη
764 3989 803 4064 είς
833 3996 929 4073 χεῖρας
956 3997 1002 4052 τοῦ
1034 3991 1204 4072 ἐξοχωτάτου
1232 3993 1375 4053 Ἀντωνίου
1398 3996 1563 4074 Λορετάνου,
1594 3997 1692 4074 γενικεῦ

314 4139 319 4146 ·
410 4117 530 4194 ἐπάρχου
553 4120 606 4174 τῶν
629 4113 722 4173 ὃπλων
745 4121 794 4190 της
820 4115 1041 4194 Πελοποννήσου,
1071 4115 1145 4196 παρὰ
1174 4121 1220 4176 τοῦ
1250 4117 1402 4196 ἡγουμένου
1431 4121 1481 4192 τῆς
1509 4116 1591 4195 άγίας
1615 4123 1692 4192 μονῆς

407 4241 453 4297 τοῦ
477 4237 611 4315 Μεγάλου
634 4235 786 4318 Στηλαίου,
810 4237 882 4307 ἐστις
905 4235 969 4296 ίθθιν
984 4237 1065 4311 αὐτην
1083 4231 1192 4316 διώρισε
1207 4237 1240 4296 νά
1255 4239 1447 4320 καταχωρισθῇ
1472 4237 1516 4296 διὰ
1536 4239 1585 4314 τὴν
1602 4236 1691 4318 ἀκριβῆ

409 4359 548 4420 ἑκτέλῑῦθ
570 4380 628 4434 τῆς·
1060 4395 1215 4468 Ἰωάννης
1237 4393 1406 4467 Σσυκάτος
1427 4397 1655 4475 γραμματεΰς·
