3246 5288
240 353 305 418 416

240 545 355 626 προσθεν
387 544 434 605 καὶ
463 545 578 622 πλησίον
609 549 656 606 τοῦ
686 544 844 626 βήματσςί)
868 546 883 603 ό
906 543 946 616 είς
968 543 1126 619 σίαιδήτινα
1153 543 1293 604 διακονίαν
1321 543 1543 622 ἐκλελεγμένος,
1612 623 1613 630 φ

242 661 301 726 εἶτα
316 660 363 726 καί
379 669 446 727 αὐτὰ
460 667 494 726 τὰ
509 668 570 728 θεῖα
589 665 637 728 καί
656 665 717 748 ἱερὰ
740 665 915 742 εἰκονίσματα
937 664 984 726 καὶ
1007 665 1143 741 σεβάσμια
1166 670 1213 726 τοῦ
1234 665 1325 745 κυρίου
1347 667 1428 742 ἡμῶν
1451 666 1544 738 ’ίησσῦ
1612 659 1613 690 ³

241 789 357 869 Χριστοῦ
372 787 483 865 καὶτῆς
505 789 672 870 θεομήτορος
688 787 815 862 εὐλαβῶς
831 788 992 860 ἀσπιζέσθω
1007 786 1054 848 καί
1071 782 1103 846 αὐ
1119 787 1204 848 πάλιν
1224 789 1370 862 μετάνοιαν
1387 787 1544 867 ἔμπροσθεν

242 915 295 970 τῶν
326 910 412 987 ἁγίων
441 909 593 990 κιγκλίδων
622 911 732 970 ποιείτω
762 909 808 970 καὶ
838 908 877 982 είς
904 911 950 970 τδυ
971 910 1034 970 καθ’
1048 911 1096 969 ένα
1117 910 1202 990 χορδν
1225 909 1362 987 ὡσαύτως,
1387 903 1438 968 εἶθ’
1453 909 1544 978 οὐτως
1613 910 1614 936 ³

241 1032 410 1108 λαμβανέτω
441 1031 608 1112 αὐτοχείρως
634 1031 683 1104 τάς
709 1032 788 1104 κλεῖς
812 1031 845 1092 ἑκ
866 1037 916 1107 τῆς
938 1031 1087 1112 ύπεραγίας
1109 1032 1237 1092 θεοτόκσυ
1260 1029 1306 1090 καὶ
1329 1027 1367 1108 τῷ
1389 1035 1545 1110 προεστῶτι

241 1156 286 1214 τὀν
313 1153 382 1214 ἴδιον
410 1155 514 1231 αὐχένα
537 1155 720 1234 ύποκλινοίτω,
748 1151 914 1232 εὐλογείσθω
937 1154 1001 1233 παρ’
1018 1155 1098 1213 αὐτοῦ
1120 1150 1167 1213 καὶ
1188 1151 1228 1231 τῷ
1249 1151 1330 1232 τιμίῳ
1352 1155 1545 1234 σφραγιζέσθω

242 1275 357 1356 σταυρῷ,
376 1277 425 1350 τὴν
446 1277 531 1352 εὐχὴν
547 1276 725 1354 ἐπιλέγοντος
739 1276 851 1351 ταύτην·
876 1276 915 1353 ,,ή
930 1277 1011 1354 χάρις
1026 1278 1072 1334 τοῦ
1087 1274 1222 1352 παναγίου
1236 1274 1400 1352 πνεύματος,
1424 1273 1545 1352 ἀδελφέ,

242 1397 276 1457 δι’
289 1398 379 1474 εὐχῶν
393 1403 447 1456 τῶν
462 1399 587 1477 πατέρων
606 1399 685 1474 ἡμῶν
709 1397 842 1475 ένισχύσει
865 1417 895 1455 σε
918 1397 1015 1467 καλῶς
1037 1394 1084 1455 καί
1107 1397 1145 1466 ώς
1168 1395 1240 1467 αὐτῷ
1263 1395 1341 1475 φιλον
1363 1397 1413 1470 τὴν
1437 1396 1544 1455 ἀνατε-
1614 1419 1615 1484 φ

242 1519 333 1578 θεῖσαν
364 1539 403 1578 σοι
434 1519 623 1600 ἐκπληρώσεις
654 1516 825 1579 διακονίανίί.
872 1518 941 1594 μετά
971 1522 1054 1578 ταῦτα
1086 1518 1236 1598 ἔμπροσθεν
1259 1522 1305 1577 τοῦ
1328 1517 1453 1592 βήματος
1477 1519 1547 1590 στὰς

241 1640 334 1715 κοινὴν
349 1644 405 1712 τοῖς
420 1639 551 1721 ἀδελφοῖς
574 1641 685 1716 βαλέτω
709 1643 854 1716 μετάνοιαν
877 1641 962 1712 ούτως
984 1640 1072 1715 ήιιίως
1096 1637 1297 1714 ἐπιβοώμενος·
1321 1637 1459 1720 ,,εύξασθέ
1485 1661 1545 1715 μοι,

241 1764 359 1843 πατέρες
373 1760 421 1822 καὶ
437 1761 561 1844 ἀδελφοί,
583 1763 681 1835 καλῶς
696 1763 790 1822 ἀνύσαι
804 1761 851 1822 καί
867 1763 1003 1841 θεοφιλῶς
1017 1761 1066 1836 τήν
1083 1761 1112 1820 έν
1127 1756 1145 1844 ᾖ
1159 1761 1367 1842 προεχειρίσθην
1389 1761 1545 1840 διακονίαν,
1615 1772 1616 1786 ’

242 1883 288 1944 καὶ
311 1890 365 1946 τῶν
389 1884 517 1964 ἀδελφῶν
539 1888 647 1945 πάντων
669 1884 822 1964 λεγόντων·
847 1883 883 1964 ,,ό
905 1884 968 1954 θεδς
991 1883 1175 1960 ἑνδυναμώσει
1197 1905 1240 1964 σε,
1264 1884 1401 1963 ἀδελφέίί,
1425 1886 1545 1963 γινέσθω
1615 1863 1616 1878 ί

176 2073 179 2076 ,
242 2005 403 2078 ἀπόλυσιςίί.

346 2127 401 2203 κβ.
415 2129 484 2200 Ταῖς
498 2130 590 2204 μέντοι
603 2128 640 2204 μὴ
655 2127 781 2206 ἐχούσαις
792 2125 902 2188 κλειδία
918 2124 1065 2198 διακονίαις
1081 2127 1160 2188 ότῶν
1176 2125 1256 2186 θείων
1269 2125 1382 2188 εἰκόνων
1398 2127 1546 2203 ἀσπασμός

242 2247 290 2308 καὶ
311 2250 329 2323 ή
352 2253 399 2309 τοῦ
420 2249 573 2326 ἡγουμένου
596 2247 710 2329 σφραγίς
732 2249 803 2324 μετὰ
824 2249 961 2328 τρισαγίου
984 2249 1141 2329 ἀρκέσουσιν
1165 2246 1204 2320 είς
1226 2247 1400 2328 πρόχείρισιν.
1438 2249 1543 2324 ἀμέλει

242 2371 305 2443 τούς
328 2371 369 2450 ἐφ’
383 2373 499 2448 ἑκάστην
518 2376 572 2432 τῶν
595 2371 738 2431 διακονιῶν
760 2371 1035 2451 προκεχειρισμένους
1058 2377 1242 2451 προσεκτικῶς
1261 2370 1313 2445 μέν
1331 2369 1378 2430 καὶ
1400 2372 1543 2450 θεσφὲβως

244 2493 326 2564 αὐτὰς
350 2495 492 2568 μετιόντας
512 2493 560 2553 ἐᾶν
581 2493 794 2569 ἀμετακινήτους
810 2492 914 2554 δίκαιον
937 2492 1018 2573 ἄχρις
1033 2487 1064 2552 οὗ
1079 2493 1186 2565 τούτους
1207 2495 1354 2572 προσήκειν
1369 2494 1384 2552 ό
1400 2494 1544 2574 προεστὼς

244 2614 387 2695 διακρίναι,
411 2615 583 2691 ἀμελοῦντας
599 2613 691 2676 δὲκαὶ
707 2618 950 2694 καταφρονοῦντας,
973 2613 1038 2687 ἴσως
1054 2613 1146 2674 δὲκαὶ
1162 2613 1371 2692 δολιευσμένους
1396 2615 1425 2674 ἐν
1449 2617 1545 2688 αὐταῖς

244 2737 371 2810 μεθιστᾶν
404 2735 451 2797 καί
485 2737 594 2818 ἑτέρους
627 2737 818 2797 ἀποκαθιστᾶν,
865 2735 892 2796 εἴ
918 2757 958 2808 τις
988 2735 1018 2794 δέ
1048 2737 1148 2796 τούτων
1179 2738 1368 2815 νοσφιζόμενσς
1399 2733 1467 2818 ἄχρι
1497 2741 1544 2798 τοῦ

243 2860 371 2935 τυχόντος
400 2863 481 2940 φανῇ,
512 2859 547 2918 ύπ
563 2857 639 2930 δικσς
669 2859 739 2918 ἔστω
769 2856 808 2936 τῷ
838 2857 921 2937 κυρίῳ
950 2859 1029 2934 ήμῶν
1060 2859 1150 2932 Ἰησοῦ
1180 2857 1290 2938 Χριστῷ
1318 2857 1364 2918 καὶ
1394 2864 1429 2939 τῇ
1462 2860 1544 2918 αὐτοῦ

245 2979 371 3060 ἀχράντιρ
395 2979 485 3061 μητρί,
516 2979 561 3060 ἀφ’
577 2974 616 3040 ὧν
639 2981 693 3060 ἀρα
714 2978 761 3040 καί
784 2979 833 3054 τήν
856 2977 994 3040 διακονίαν
1016 2979 1187 3059 παρέλαβεν,
1215 2979 1403 3058 ύπσσχόμενσς
1431 2979 1546 3050 ἀδόλως

244 3098 291 3160 καί
315 3102 437 3176 εὐθύμως
461 3101 628 3177 διακονῆσαι.
1272 3076 1276 3084 ’

347 3221 404 3301 κγ’.
429 3223 510 3282 Μετὰ
538 3223 587 3300 τὴν
615 3221 782 3303 προχείρισιν
812 3225 858 3282 τοῦ
889 3222 1094 3303 έκκλησιάρχου
1124 3222 1230 3282 ἅπαντα
1256 3223 1290 3281 τὰ
1316 3227 1366 3298 τῆς
1389 3223 1547 3299 ἐκκλησίας

245 3345 479 3426 παραδοθήσονται
510 3343 582 3424 αὐτῷ
614 3343 768 3424 ἐγγράφως.
815 3343 909 3419 ἐπειδὴ
933 3343 965 3404 δέ
988 3343 1035 3404 καὶ
1057 3342 1138 3424 ἰερῶν
1161 3349 1275 3422 σκευῶν,
1307 3343 1493 3420 ἀναθημάτων
1517 3366 1549 3404 τε

246 3466 326 3526 θείων
356 3464 403 3526 καὶ
434 3463 549 3540 βιβλίων
581 3465 680 3541 ἐδέησε
709 3470 743 3546 τῇ
770 3472 840 3541 μονή
865 3464 905 3537 εἰς
927 3466 989 3525 θεοῦ
1013 3461 1095 3537 δόξαν
1117 3463 1165 3524 καί
1187 3466 1323 3544 φωτισμδν
1345 3471 1400 3525 τῶν
1424 3465 1454 3525 ἐν
1477 3466 1549 3550 αὐτῇ

247 3588 422 3663 ἀσκουμένων
438 3587 625 3666 ἀφιερώθησαν
645 3591 738 3668 ταῦτα,
762 3588 812 3646 όσα
834 3583 967 3668 χρειώδη,
990 3589 1080 3666 χάριτι
1095 3587 1222 3667 Χριστοῦ.
1254 3585 1300 3646 καὶ
1324 3586 1369 3646 διὰ
1391 3587 1550 3668 πρεσβειῶν

245 3715 296 3785 τῆς
311 3707 460 3788 ὐπεραγίας
482 3709 621 3786 θεοτόκου,
645 3709 695 3768 όσα
712 3708 740 3768 ἐν
756 3707 893 3789 ἀργυρίοις
908 3708 1014 3768 σκεύεσι
1036 3706 1083 3768 καὶ
1106 3710 1217 3788 σεπταῑς
1239 3706 1324 3767 εἰκόσι
1345 3706 1393 3768 καὶ
1418 3707 1550 3782 έιτίπλοις

245 3828 292 3888 καί
323 3829 416 3904 βίβλοι
444 3829 558 3908 πολλαί,
592 3826 638 3888 καὶ
669 3830 719 3888 ὅσα
748 3849 777 3888 τε
809 3829 839 3889 ἐν
868 3829 970 3910 χαλκῷ
1002 3829 1195 3910 ἐθεωρήθησαν
1225 3827 1272 3888 καὶ
1301 3829 1403 3888 τούτων
1434 3829 1549 3908 βρέβισν

245 3952 346 4028 γέγονε
365 3950 429 4031 παρ’
441 3953 521 4027 ήμῶν
542 3949 694 4030 ύπογραφὲν
718 3949 805 4033 οἰκείᾳ
828 3971 879 4026 μου
901 3950 1016 4033 χειρίῖ),
1039 3948 1101 4032 περί
1124 3945 1162 4010 ὧν
1185 3949 1336 4030 διορίζομαι
1359 3945 1430 4010 εἶναι
1453 3950 1493 4024 εἰς
1517 3953 1548 4012 τύ

245 4070 381 4142 παντελὲς
411 4072 580 4148 ἀνεκποίητα
609 4069 656 4131 καί
686 4067 853 4153 ἀναφαίρετα
881 4069 928 4132 καὶ
950 4072 965 4129 ό
988 4043 1141 4147 τολμήσων
1167 4067 1198 4144 ἐξ
1221 4072 1309 4131 αὐτῶν
1333 4071 1492 4151 ἀφελεῖσθαι
1516 4077 1548 4133 τδ

246 4193 356 4272 οἱονούν,
388 4194 427 4266 ώς
457 4193 597 4273 ἱερόσυλος
627 4192 821 4271 λογισθήσεται
851 4190 898 4252 καί
928 4193 973 4252 οὐν
1002 4192 1042 4271 τῷ
1065 4192 1157 4275 Ἰούδᾳ
1187 4191 1217 4251 έν
1246 4191 1394 4252 κολάσεσιν
1424 4191 1549 4267 αἰωνίαις

247 4317 479 4394 καταταγήσεται,
509 4316 560 4395 πρδ
592 4313 703 4374 ἐκείνων
734 4311 766 4372 δέ
794 4311 842 4372 καὶ
868 4319 918 4389 τῆς
945 4313 1048 4375 ἐκείνου
1078 4315 1202 4392 ἀγχόνης
1231 4313 1405 4394 κληρονόμος
1431 4317 1549 4394 γένοιτο.

246 4434 325 4496 ἀλλὰ
347 4435 420 4512 μηδέ
436 4435 475 4506 εἰς
490 4438 551 4494 νοῦν
574 4435 753 4514 μελετηθείη,
776 4435 876 4516 Χριστέ
900 4455 962 4514 μου,
985 4439 1052 4496 ποτέ
1067 4457 1127 4512 τινι,
1151 4436 1190 4512 μὴ
1212 4435 1339 4518 δυνάστῃ,
1363 4437 1403 4513 μή
1424 4436 1547 4518 ἄρχοντι,

245 4591 453 4602 ——q

351 4695 370 4762 ¹)
389 4695 513 4764 μνήματος
531 4695 562 4746 Β.
635 4695 656 4760 ²)
676 4695 737 4745 Non
754 4700 851 4746 exstat.
