3194 5298
1265 373 1323 438 121

24 571 176 628 ισνσέπτσυ
204 574 308 629 σεπτσϋ
330 567 429 629 οἰκείου
450 575 484 650 τῇ
508 568 635 650 βασιλείᾳ
657 589 717 646 μου,
741 571 790 648 κῡρ
814 569 966 650 Νικηφόρον
988 573 1034 630 τοῦ
1057 569 1203 648 Μαρτίνου,
1244 569 1271 627 ἐν
1295 567 1326 627 δὲ

23 689 47 768 ᾧ
69 688 169 770 καιρῷ
195 697 254 767 τῆς
276 691 432 770 συγχύσεως
456 690 591 770 ἐκρατήθη
614 691 697 751 ποίλιν
721 691 785 750 αὐτδ
806 689 853 750 καί
877 689 959 766 ἐδόθη
981 692 1048 771 πρδς
1063 693 1108 750 τ’σν
1123 695 1239 751 τοιοῦτον
1255 694 1325 751 ποίν-

20 833 108 872 ιεπτον
135 815 250 873 σεπτὸν
266 814 402 894 Μαρτῐνον
424 813 469 874 διὰ
491 815 653 892 γράμματος
674 817 720 872 τοῦ
742 812 814 872 θείου
836 819 885 889 τῆς
908 812 1050 888 βασιλείας
1073 835 1134 892 μου,
1156 816 1202 872 τοῦ
1226 813 1254 872 ἐν
1271 835 1325 888 μο-

19 937 108 1012 ναχσῖς
134 935 245 1016 κυρίου
267 936 425 996 Καλλίστου
447 939 494 996 τοῦ
517 937 724 1016 Παλαιολόγου,
748 936 782 996 δι’
797 937 898 1012 ἄμυναν
921 934 968 996 καί
989 936 1098 1014 κακίαν,
1120 937 1154 1010 ἣν
1178 931 1238 1013 είχε
1259 937 1326 1015 προς

19 1057 53 1116 ss
77 1058 310 1136 θεοφιλέστατον
334 1058 478 1118 ἐπίσκοπον
493 1059 610 1136 Ζιχνῶν,
635 1060 673 1130 ὡς
696 1059 733 1133 μὴ
758 1056 950 1134 ἐνδειξάμενον
967 1055 1006 1129 εἰς
1020 1057 1069 1132 τἠν
1085 1058 1167 1131 αθιὴν
1184 1055 1326 1130 βασιλείαν

17 1199 62 1254 μου
85 1181 316 1256 εδγιωμοσθνην
338 1179 396 1240 τινὰ
419 1181 448 1238 έν
470 1178 508 1259 τῷ
530 1181 640 1258 τοιούτῳ
662 1181 757 1259 καιρῷ.
783 1175 842 1240 είτα
864 1178 961 1253 λαβὼν
982 1181 1061 1252 αἶπος
1076 1174 1114 1264 [δ]
1130 1180 1226 1250 σεπίος
1241 1179 1325 1258 Μαρ-

18 1305 83 1373 υἶνσς
98 1300 152 1362 καί
170 1302 340 1380 ἀποκρύψας
354 1303 384 1361 τδ
400 1305 516 1362 τοιοῦτον
532 1301 662 1380 ἀγρίδιον,
680 1300 771 1380 ἐδέθη,
795 1303 833 1371 ὡς
849 1301 961 1382 εἴρηται,
986 1301 1031 1361 διὰ
1042 1301 1248 1391 χρυσοβοθλλου
1259 1301 1326 1380 πρδς

17 1425 59 1496 τὴν
83 1422 251 1503 εἰρημένην
275 1423 424 1499 σεβασμίαν
447 1425 542 1503 μονήν,
566 1419 646 1509 [ἥτις]
667 1422 811 1503 ἐπορίσατο
832 1425 994 1504 πρόσταγμα
1017 1421 1063 1482 καὶ
1084 1423 1158 1503 παρὰ
1179 1425 1226 1483 τοῦ
1249 1423 1326 1500 ἁγίου

20 1545 148 1604 ἀθέντσυ
174 1544 230 1605 καί
251 1545 399 1622 βασιλέως,
422 1548 468 1604 τοῦ
487 1547 597 1605 πάππου
611 1550 661 1620 τῆς
677 1543 818 1618 βασιλείας
835 1563 895 1624 μου,
918 1542 965 1604 καί
981 1544 1081 1619 ἐδεήθη
1098 1543 1159 1624 περὶ
1173 1545 1265 1604 τούτου
1279 1541 1327 1603 καί

23 1667 276 1744 παρεκλητείυσατο
298 1667 346 1741 τὴν
370 1667 511 1740 βασιλείαν
534 1688 585 1741 μου
600 1668 615 1726 δ
631 1664 789 1746 διαληφθεὶς
804 1667 1011 1745 θεοφιλέστατος
1029 1668 1182 1748 ἐπίσκοπος,
1205 1669 1265 1742 ἥτις
1279 1665 1328 1728 καί

21 1795 64 1862 τῆς
86 1790 228 1865 δεήσεως
243 1791 323 1850 αὑτοῦ
338 1789 512 1850 ἐπακούσασα
528 1790 587 1867 ἔχει
602 1790 714 1864 θέλημα
728 1788 774 1848 καί
791 1788 933 1868 διορίζεταί
948 1811 999 1870 σοι,
1023 1791 1061 1860 ὡς
1078 1787 1152 1860 αὖθις
1166 1791 1327 1869 ἡγουμένως

26 1911 191 1992 ίποτπείαῃς
215 1911 270 1970 ἀπδ
292 1915 339 1971 τοῦ
360 1911 477 1971 τοιούτου
498 1913 649 1970 πανοέπτου
671 1915 767 1970 σεπτοῦ
789 1915 835 1970 τοῦ
851 1909 987 1990 Μαρτίνου
1010 1913 1040 1971 τδ
1061 1912 1124 1971 αθτδ
1144 1911 1264 1990 ἀγρίδιον
1279 1910 1327 1971 καί

26 2032 198 2115 παραδὼσῃς
231 2036 307 2092 τοῦτο
336 2031 419 2092 πάλιν
449 2035 516 2112 προς
538 2033 569 2092 τδ
592 2034 675 2112 μέρος
696 2039 746 2110 τῆς
769 2031 961 2112 διαληφθείοης
984 2033 1134 2108 σεβασμίας
1156 2039 1251 2112 μονῆς,
1279 2031 1327 2094 καί

28 2157 132 2237 κατέχῃ
157 2154 210 2216 καὶ
234 2157 351 2231 νέμηται
372 2157 449 2215 τοῦτο
472 2155 665 2234 ἀνενοχλητως
687 2153 734 2215 καί
756 2153 931 2228 ἀδιασείστως
953 2154 1093 2214 καὶκατὰ
1115 2156 1163 2230 σἠν
1180 2153 1326 2235 περιληψιν
1359 2186 1361 2192 ν

29 2281 69 2335 τοῦ
97 2277 356 2358 έπιχσρηγηθέντος
383 2275 454 2355 αὐτῷ
481 2277 689 2356 χρυσοβοθλλσυ
716 2279 762 2336 τοῦ
784 2275 862 2356 ἁγίου
886 2298 937 2353 μου
960 2279 1085 2338 αδθέντου
1107 2276 1154 2336 καί
1178 2277 1326 2357 βασιλέως,

29 2401 70 2455 τοῦ
91 2400 211 2458 ποίππσυ
233 2405 282 2474 τῆς
305 2398 449 2473 βασιλείας
472 2420 532 2479 μου,
556 2397 602 2459 καί
626 2399 704 2460 οίιδὲν
727 2400 835 2482 εὑρίσκῃ
857 2400 887 2459 τδ
908 2401 992 2480 μέρος
1014 2401 1096 2486 αὑτῆς
1112 2399 1155 2459 ἐπὶ
1171 2405 1204 2482 τῇ
1221 2404 1326 2480 μετοχῇ

17 2517 73 2592 καί
103 2527 178 2602 νομῇ
210 2518 258 2580 καί
287 2526 352 2581 πᾶσι
381 2523 437 2592 τοῖς
467 2519 580 2593 δικαίοις
611 2522 689 2580 αὐτοῦ
717 2519 777 2580 οὔτε
804 2520 878 2600 παρὰ
904 2525 950 2582 τοῦ
977 2521 1149 2598 δηλωθέντος
1175 2524 1326 2582 πανσέπτου

34 2645 127 2700 οεπτοῡ
149 2647 197 2703 τοῦ
215 2642 361 2722 Μαρτίνου,
386 2642 445 2703 οὔτε
468 2644 531 2723 παρ’
541 2643 630 2702 ἀλλον
653 2645 722 2714 τινὀς
742 2649 795 2702 τῶν
812 2644 935 2702 ἁπάντων
952 2631 991 2715 εἰς
1006 2648 1083 2704 τοῦτο
1098 2643 1325 2703 καταδυναστείαν

34 2763 52 2834 ἢ
79 2761 254 2842 διενὸχλησίν
284 2784 343 2824 τινα
372 2763 419 2824 καί
450 2765 576 2845 ἐπίθεσιν,
609 2767 676 2845 τρδς
707 2763 738 2824 δὲ
768 2767 813 2824 τδν
839 2769 958 2826 τοιοῦτον
984 2768 1134 2826 πάνσεπτον
1162 2768 1258 2826 σεπτδν
1280 2767 1326 2825 τὀν

17 2951 18 2968 ¹
38 2882 171 2962 ,λίαρτῖνσν
187 2885 371 2968 σίκυνομησης
386 2885 431 2946 καί
448 2886 514 2968 δοθῇ
530 2887 582 2947 ἀπο
600 2885 839 2964 ἑξαλειμματικῶν
854 2887 901 2948 καὶ
917 2888 1069 2968 ἐλευθέρων
1084 2893 1162 2947 τινῶν
1180 2882 1324 2972 [στάσεων]
1400 2909 1405 2921 ·

40 3002 166 3070 ίαέποσον.
192 3011 237 3069 τδν
259 3007 320 3090 περὶ
343 3010 434 3070 τούτου
458 3006 502 3070 οὖν
524 3011 623 3070 σνοπδν
645 3007 693 3070 καί
714 3011 744 3070 ιδ
760 3010 871 3086 θέλημα
885 3016 934 3087 τῆς
951 3008 1093 3082 βασιλείας
1109 3031 1160 3085 μου
1175 3010 1324 3084 καταλαμ-

41 3125 124 3200 βοίνεις
146 3129 195 3190 καί
219 3131 404 3207 ἐπεμελήθητι
426 3128 473 3190 καί
496 3131 693 3212 ἀποπλήρωσον
716 3132 787 3192 κατὰ
806 3133 851 3192 τον
866 3135 987 3212 παρόντα
1002 3131 1119 3212 δρισμὸν,
1143 3133 1172 3190 δν
1186 3129 1234 3190 καί
1249 3131 1324 3190 ἀντί-

44 3255 146 3326 πρείγον
167 3255 237 3333 πρδς
260 3255 289 3312 τδ
314 3255 398 3334 μέρος
418 3259 468 3330 τῆς
491 3253 684 3334 διαληφθείσης
707 3255 857 3331 σεβασμίας
880 3260 965 3330 μονῆς
989 3253 1031 3315 ἐπί
1053 3253 1092 3334 τῷ
1107 3256 1242 3336 προσεῖναι
1258 3255 1324 3336 αὐτῇ

44 3367 72 3426 δι’
84 3370 230 3450 ἀσφάλειαν
253 3379 278 3450 β.

137 3491 254 3574 ίΕίχε
269 3496 324 3557 καὶ
341 3497 528 3580 δι’ἑρυθρῶν
544 3501 747 3578 γραμμάτων
763 3506 822 3576 τῆς
837 3500 1016 3576 βασιλικῆς
1030 3497 1086 3559 καί
1102 3499 1194 3571 θείας
1209 3499 1325 3579 χειρδς

48 3612 87 3682 ἴθ’
118 3618 285 3698 Στέφανος
306 3621 451 3701 κρείλης,
476 3619 553 3696 μηνί
575 3622 745 3700 αθγοίυοτῳ
767 3619 794 3698 η’
818 3627 844 3696 †.

139 3749 283 3803 Ιοαιιιιάίιιε
298 3749 349 3802 Nr.
369 3753 396 3804 8.

297 3983 425 4048 XXIII.
450 3984 526 4050 Sine
549 4007 642 4067 anno,
666 3987 696 4048 4.
720 3986 840 4050 mensis
863 3985 1062 4071 septembn's.

58 4137 103 4194 Rex
115 4145 263 4220 Stephamss
278 4149 378 4204 Dusan
396 4151 531 4204 ιιιυιεασίιίε
555 4151 711 4205 manassem·
727 4149 754 4205 S.
774 4151 885 4205 Ioannis
904 4153 933 4205 ἀι
952 4157 1037 4205 monle
1054 4152 1193 4205 Menoeceo
1209 4151 1326 4204 concedit

195 4253 362 4323 facultatem
377 4255 527 4309 collocandi
539 4255 655 4309 homines
670 4255 766 4309 liberos
782 4257 811 4308 ἀι
825 4257 1039 4326 possessionibus
1055 4273 1154 4310 eorum.

292 4438 449 4518 Ὁρισμος
471 4443 527 4500 τοῦ
549 4439 660 4519 κροίλη
683 4439 737 4500 διὰ
758 4441 833 4512 τοὺς
858 4441 1067 4520 ἐλευθέρους.

137 4595 246 4670 ’γῈπεί
272 4595 298 4655 οί
321 4594 437 4674 μοναχοί
460 4601 510 4672 τῆς
532 4596 682 4672 σεβασμίας
705 4602 791 4672 μονῆς
809 4601 856 4656 τοῦ
871 4598 957 4672 τιμίου
973 4595 1233 4678 ἐνδόξου-προφήτου
1249 4597 1324 4676 Προ-

60 4699 134 4782 δρὲμη,
157 4711 205 4778 sz't
228 4719 379 4778 Βαπτιστσῦ
403 4717 529 4776 ’ίωοίννου
556 4723 605 4792 τῆς
633 4716 727 4795 ἐντῷ
750 4719 894 4797 Μενοικέῳ
918 4719 1091 4794 διακειμένης
1115 4720 1253 4799 ἀνέφερον,
1284 4720 1323 4777 ὅτι
