3240 5286
826 925 899 1000 XI.

500 1115 664 1209 privilegia
687 1116 835 1192 Theodoro
858 1118 1043 1194 Scutariotae
1070 1138 1222 1196 συιυεσνο.

479 1343 505 1406 I.
534 1341 784 1431 [6778-1270]‚
807 1365 919 1409 mense
942 1346 1035 1429 maio,
1058 1345 1125 1410 ind.
1148 1345 1244 1412 xm.

237 1528 390 1597 Imperator
405 1527 525 1582 Μίσθαὲό
540 1527 720 1600 Ραίαοοθιρασ
734 1513 856 1584 diacono¹
869 1529 1005 1585 Τόοσόοτυ
1021 1530 1193 1588 Scamnum
1213 1531 1315 1602 οοιιίενι
1330 1533 1494 1605 &quitatem

750 1633 975 1704 θίοσοσρίιγίσοίυ.

216 1835 372 1916 Ὁρισμός
405 1837 460 1894 τοῦ
494 1832 662 1907 βασιλέως
694 1829 989 1924 [ΜιχαὴλγΔοῦκα
1020 1833 1196 1923 Ἂγγέλου]
1233 1839 1411 1918 Κομνηνοῦ
1445 1836 1517 1926 [τοῦ

216 1951 471 2042 Παλαιολόγου]
499 1957 579 2036 πρός
603 1951 803 2042 [Θεόδωρον]
831 1959 886 2016 τ’σν
909 1959 1164 2038 Σκουταριιθτην
1186 1962 1353 2042 γεγονότα
1376 1958 1515 2048 [μητρσ·

214 2073 367 2162 πολίτην]
383 2077 536 2150 Κυζίκου.
567 2079 704 2159 ὁρισμός
726 2081 953 2160 προσκυνητός
975 2085 1031 2141 τοῦ
1052 2087 1211 2162 κραταιοῦ
1230 2081 1286 2143 καί
1308 2085 1516 2162 θεοστεσοῦς

215 2199 310 2280 ἁγίου
339 2201 430 2278 ἡμῶν
459 2202 615 2261 αῦθέντου
646 2199 699 2260 καὶ
730 2199 907 2281 βασιλέως,
939 2203 994 2262 ότε
1025 2224 1065 2278 με
1094 2203 1137 2284 τῷ
1166 2209 1221 2266 τοῦ
1248 2205 1516 2286 δικαιορθλακος

683 2322 844 2399 ἐτίμησεν
867 2321 1041 2400 ἀξιώματι.

319 2497 482 2572 γΜιμεῖται
504 2493 551 2556 καί
568 2497 687 2572 Μωῦσῆν
711 2497 814 2558 ἐκεῖνον
837 2499 855 2574 ἡ
878 2497 1004 2572 βασιλεία
1028 2519 1080 2572 μου
1103 2501 1148 2560 τόν
1170 2501 1349 2583 δημαγωγόν,
1372 2503 1419 2562 καὶ
1443 2490 1525 2585 πρός

215 2621 260 2678 τόν
290 2625 339 2694 τῆς
369 2619 531 2694 νομοθεσίας
562 2618 667 2678 ἐκείνου
696 2619 782 2694 ζῆλον
815 2621 854 2691 ὡς
884 2619 989 2699 ἐφικτόν
1018 2621 1206 2682 ἀπευθύνεται·
1243 2625 1281 2696 ὡς
1315 2624 1369 2705 γὰρ
1406 2625 1516 2698 ἐκεῖνος

215 2741 261 2800 τὀν
292 2739 418 2821 ᾗακτῦλῳ
448 2743 510 2802 θεοῦ
539 2742 676 2820 γραφέντα
704 2743 787 2816 νόμον
818 2740 998 2822 ἐγχειρισθεὶς
1028 2742 1072 2802 διὰ
1102 2749 1147 2804 τοῦ
1171 2743 1285 2827 Ἀαρών,
1313 2751 1516 2824 σεμνυνομένου

215 2866 245 2924 τό
267 2869 412 2939 τηνικαῦτα
434 2863 473 2942 τῷ
495 2861 622 2944 ίερασικῷ
642 2860 785 2942 ἀξιώματι,
808 2863 846 2944 τῷ
862 2863 1038 2944 ἰσραηλιτικῷ
1053 2864 1116 2944 λαῷ
1132 2866 1321 2947 διεπόρθμευε,
1343 2871 1415 2930 κατὰ
1428 2876 1516 2930 ταῦτα

215 2985 262 3046 καὶ
290 2987 308 3060 ἡ
339 2985 467 3060 βασιλεία
495 3005 546 3060 μου
576 2987 606 3046 τό
635 2987 735 3058 παντός
756 2989 910 3062 τιμώμενον
932 2993 981 3063 τῆς
1004 2987 1150 3063 βασιλείας
1171 2997 1268 3069 χρῆμα
1291 2990 1416 3065 λαβοῦσα
1438 2995 1515 3072 παρόι

215 3110 287 3189 θεοῦ,
322 3112 354 3184 ἣν
389 3109 502 3184 ἔννομον
537 3108 625 3190 ἀρχὴν
655 3107 680 3168 εί
709 3109 798 3170 πάλαι
828 3109 967 3190 ὡρίσαντο,
1001 3108 1147 3170 κάντεῦθεν
1178 3107 1244 3171 οίισα
1275 3115 1359 3188 νόμος
1389 3113 1517 3192 ἔμψυχος

214 3231 348 3310 ἀτεχνῶς,
371 3233 409 3303 ὡς
431 3229 477 3291 καί
499 3232 530 3290 τ“ο
553 3229 635 3304 δόξαν
654 3232 737 3313 τοιίτη
757 3233 882 3312 καθάπερ
897 3233 980 3306 νόμον
996 3232 1115 3312 γραπτόν
1130 3228 1179 3292 καὶ
1194 3233 1326 3312 λέγεσθαι
1341 3233 1388 3294 καὶ
1403 3238 1516 3296 πιστεῦ-

216 3354 300 3435 εσθαι,
331 3354 388 3413 τὀν
408 3353 578 3428 ἐντιμότατον
610 3353 639 3413 ἐν
668 3355 874 3434 πατρισρχικοίς
904 3354 1030 3432 ἄρχουσιν
1062 3352 1106 3415 ἐπὶ
1134 3359 1188 3415 τιῦν
1220 3353 1342 3430 δεήσεων
1364 3361 1414 3436 κῦρ
1438 3356 1517 3418 Θεό-

216 3474 302 3554 δωρον
333 3474 456 3534 διάκονον
485 3481 539 3534 τῶν
562 3476 767 3555 Σκουταριώτην
798 3475 884 3555 ἄνδρα
913 3476 1026 3555 εὑροῦσα
1055 3475 1127 3536 κατὰ
1154 3478 1202 3552 τὴν
1224 3477 1519 3558 παλαμηφορουμένην

215 3595 270 3675 θεῷ
293 3595 408 3676 καρδίαν
435 3597 528 3674 αὐτῆς,
551 3594 598 3656 καὶ
619 3596 687 3676 πρός
713 3599 772 3669 ταῖς
799 3597 901 3671 ἄλλαις
923 3597 1051 3677 λογικοῖς
1074 3597 1235 3674 ἐπιστήμαις
1256 3598 1304 3660 καί
1327 3600 1389 3673 τοὺς
1411 3601 1519 3680 λόγους

215 3717 335 3797 ἀκριβῶς
362 3717 561 3800 μελετήσαντα,
589 3716 637 3778 καί
658 3715 697 3798 τῷ
719 3717 784 3800 ἱερῷ
806 3718 854 3780 καί
876 3719 941 3798 θείῳ
963 3720 1113 3800 καταλόγῳ
1137 3719 1320 3800 ἐμπρέποντα,
1343 3729 1375 3804 τῇ
1399 3728 1445 3782 τοῦ
1468 3723 1518 3784 δι-

214 3840 400 3920 καιοφίιλακος
423 3837 487 3922 ἀξίᾳ
508 3845 601 3916 τιμᾶν·
630 3839 721 3921 χρείαν
743 3839 798 3921 γὰρ
819 3841 865 3901 τόν
889 3842 922 3901 ἐκ
943 3861 973 3900 τε
995 3839 1075 3902 θείων
1098 3840 1144 3902 καί
1168 3842 1357 3904 ἀποσιολικῶν
1379 3849 1517 3924 κανόνων,

216 3963 249 4022 ἐκ
274 3981 304 4021 τε
330 3967 384 4021 τῶν
407 3966 507 4042 νόμων,
536 3963 582 4034 οθς
606 3962 680 4042 σοροί
703 3963 803 4044 ἄνδρες
827 3959 961 4040 ἐξέθεντο,
989 3967 1088 4042 γνῶσιν
1111 3963 1151 4036 είς
1173 3964 1207 4024 τό
1229 3965 1350 4040 μάλιστα
1372 3964 1518 4038 συλλεξά-

215 4104 296 4161 μενον
319 4077 426 4164 καὶτῷ
450 4083 664 4163 δικαιρυλακικῷ
689 4084 895 4160 ἐνσεμνίινεσθαι
919 4079 1060 4161 ἀξιώματι.
1093 4087 1154 4146 όθεν
1170 4084 1222 4145 καί
1233 4085 1376 4167 διορίζεται
1397 4085 1520 4162 ἠβασι-

214 4205 279 4265 λεία
309 4226 360 4280 μου
390 4205 435 4265 διὰ
461 4211 511 4282 τῆς
538 4207 674 4285 παροῦσης
703 4207 785 4281 αὐτῆς
808 4203 994 4286 προστάξεως,
1028 4206 1221 4286 όιενεργεῑσθαι
1247 4207 1322 4287 παρὰ
1342 4213 1389 4268 τοῦ
1412 4209 1520 4286 διαλη-

215 4327 325 4407 ρθὲντος
353 4327 524 4403 ἐντιμοτάτου
554 4328 583 4386 ἐν
609 4330 815 4408 πατριαρχικοίς
843 4327 970 4406 ἄρχουσιν
998 4326 1041 4388 ἐπί
1071 4334 1124 4388 τῶν
1152 4328 1274 4404 δεήσεων
1296 4334 1345 4410 κῦρ
1368 4328 1521 4412 Θεοδώρου

216 4449 342 4510 διακόνου
363 4454 409 4510 τοῦ
425 4449 624 4530 Σκουτοιριώτου
640 4451 670 4510 τό
691 4449 930 4529 όικαιορυλακικόν
952 4447 1080 4531 όρρίκιον,
1104 4450 1174 4526 μετὰ
1188 4453 1296 4512 πάντων
1311 4457 1364 4532 τῷν
1381 4453 1522 4514 ἀπονενε-

215 4573 346 4649 μημένων
377 4571 448 4652 αυτῷ
478 4570 589 4632 δικαίων
619 4570 666 4632 καί
695 4571 788 4644 καθὼς
821 4571 956 4652 ἐνεργεῑτσ
978 4570 1024 4631 καὶ
1051 4571 1125 4652 παρὰ
1151 4579 1205 4634 τῶν
1227 4573 1320 4634 -ποίλαι
1343 4577 1522 4650 κεκτημένον

216 4696 289 4776 αίντό,
312 4693 358 4758 καί
380 4702 429 4773 τῆς
453 4695 534 4771 αῦτῇς
552 4693 658 4770 ἐκείνης
675 4695 801 4774 μετέχειν
817 4699 908 4756 τοῦτον
924 4700 1005 4772 τιμῆς
1019 4715 1049 4755 τε
1064 4693 1240 4776 καὶτσίξεως,
1266 4695 1294 4754 ἐν
1309 4715 1339 4756 τε
1354 4696 1521 4779 καθέδραις,
