3208 5310
1277 362 1321 426 45

37 556 118 630 ἔχομεν
142 554 197 614 ἁπδ
224 557 277 614 τού
299 553 451 629 Κουβαλέοι
477 547 534 638 [ἐκ]
546 550 566 635 1)
594 554 798 632 συγχωρήσεως
825 549 921 627 μοδίου
937 551 974 614 α’.
1004 555 1131 634 χωρὰρια
1156 559 1208 630 τῆς
1233 559 1321 630 μονῆς

36 679 71 734 τοῦ
92 675 166 752 ἁγίου
189 674 343 756 Θεοδώρου
369 679 416 735 τοῦ
441 675 604 755 ἠρεισμένου
626 675 656 732 ἐν
678 672 718 752 τῷ
740 671 872 754 Λιμενίῳ.
895 676 1022 756 χωρὰρια
1047 675 1081 734 τὰ
1103 675 1245 754 λεγόμενα
1266 674 1320 736 τῶν

37 796 194 876 Πειρονὰδων
216 797 255 858 τὰ
277 798 381 858 ἁνωθεν
403 800 450 857 τοῦ
472 795 626 872 Κουβαλέα
648 795 750 871 μοδίων
764 794 800 870 β’.
828 795 948 856 ἵστανται
971 794 997 856 δ’
1011 796 1040 856 έν
1063 795 1184 880 αδτσίςί)
1211 800 1319 876 γλυκισ-

37 917 112 990 ξιλέαι
127 919 160 980 δ’.
184 923 331 1002 χωρὰριον
352 922 384 980 τδ
406 919 561 998 λεγόμενον
583 921 631 978 τοῦ
646 917 812 999 Κτίσματος,
835 914 929 990 καθώς
948 915 1013 978 εἰσιν
1027 919 1226 1000 περιωρισμένα
1242 915 1319 1003 (sic)

36 1039 119 1114 μοδίων
132 1040 173 1114 ς’.
202 1043 286 1121 ἕτερα
307 1041 342 1100 τὰ
363 1037 468 1101 ἄνωθεν
489 1045 536 1103 τοῦ
551 1040 697 1120 Βουχήλου
718 1040 753 1102 τὰ
767 1041 884 1118 πλησίον
898 1041 1037 1122 χωρορίου
1051 1047 1105 1102 τών
1121 1043 1207 1122 ἁγίων
1221 1042 1319 1123 Ἀναρ-

36 1165 106 1244 γέρων
130 1162 236 1239 μοδίων
257 1161 294 1238 β’.
325 1166 464 1244 χωράριον
491 1169 541 1240 τῆς
572 1164 676 1244 Πετρδς
704 1162 799 1240 μοδίου
820 1162 847 1223 α’
875 1163 929 1223 ἁπδ
954 1165 1072 1244 περὰτου
1100 1163 1261 1244 δεκὰλιτρον
1282 1185 1318 1228 α.

35 1286 152 1364 χωρὰηιον
174 1289 226 1346 τοῦ
248 1285 345 1345 Κακού
360 1285 521 1364 Λαγκοιδίου
544 1285 641 1362 μοδίου
657 1284 692 1345 α’.
717 1283 820 1369 ἐστίνί)
843 1285 890 1345 καί
912 1288 1086 1366 ποριορισμδς
1108 1289 1155 1347 τοῦ
1177 1287 1320 1366 περιγύρου

37 1413 77 1464 τῶν
100 1405 258 1483 οἰκημάτων
281 1414 331 1484 τῆς
346 1407 499 1484 σεβασμίας
513 1410 613 1484 ταύτης
629 1415 715 1485 μονῆς
729 1409 783 1468 ἁπδ
797 1409 828 1468 :b
842 1409 946 1488 πηγὰδι
961 1407 1009 1468 καί
1023 1407 1170 1490 ἀνέρχεται
1183 1407 1237 1468 ἁπδ
1253 1402 1321 1493 [τοῦ]

38 1525 179 1605 Λαγκοδίσυ
203 1527 252 1590 καί
274 1531 328 1589 ἁπδ
351 1533 397 1592 τοῦ
413 1531 525 1590 Παύλου
544 1532 578 1591 τὰ
592 1525 750 1609 χαλώπεδα
773 1533 872 1612 μέχρις
894 1531 928 1591 ἂν
950 1535 997 1592 τοῦ
1019 1534 1085 1591 ναοῦ
1106 1529 1154 1591 καὶ
1175 1531 1321 1612 περιαύλια

39 1651 100 1710 ποτοῦ
125 1651 281 1731 ἁμπελίων,
309 1651 467 1734 χωραρίων,
499 1652 629 1734 δένδρων,
660 1653 757 1723 ἁπλῶς
780 1651 864 1714 εἰπεῖν
885 1655 974 1714 πάντα
997 1653 1073 1713 ἔνθεν
1099 1657 1145 1714 τοῦ
1166 1652 1254 1734 περίτι
1274 1657 1321 1714 τοῦ

37 1778 95 1850 ναοί,
116 1775 165 1833 ὅσα
187 1773 237 1834 καί
262 1766 306 1834 οίὰ
329 1773 403 1855 εἰσιν,
427 1775 612 1856 ἁπερικὸπως.
639 1772 778 1856 χωρὰριον
801 1779 846 1836 τοῦ
861 1775 1060 1856 Ἀγναραλέως
1081 1777 1111 1836 τ“ο
1126 1773 1243 1851 πλησίον
1257 1795 1320 1852 χω-

39 1895 113 1972 ροςίσι
133 1895 189 1956 τῶν
212 1895 300 1977 ἁγίων
319 1898 491 1980 Ἀναργύρων
514 1897 608 1973 μοδίου
623 1896 660 1959 α’.
683 1901 823 1978 χωρὰριον
845 1902 890 1959 τοῦ
905 1898 1017 1977 Γυψέως
1038 1898 1069 1958 τδ
1091 1895 1208 1974 πλησίον
1222 1917 1320 1976 χωρα-

39 2015 83 2093 ρίιυ
106 2023 149 2079 τοῦ
171 2019 264 2100 Ψσρὰ
291 2017 395 2095 μοδίων
411 2019 445 2082 ε’.
479 2021 572 2100 ἕτερον
597 2023 735 2102 χωρὰριον
762 2023 792 2082 τδ
815 2021 970 2101 λεγόμενον
993 2022 1127 2082 Παλαιών
1149 2021 1180 2079 τδ
1201 2020 1320 2096 πλησίον

38 2139 156 2218 χωρορίου
182 2145 230 2200 τοῦ
252 2141 385 2216 Σουπίτζη
415 2141 511 2218 μοδίου
525 2141 577 2218 ς”.
610 2145 703 2224 ἕτερον
729 2145 867 2224 χωρὰριον
890 2145 920 2204 τδ
942 2144 1096 2223 λεγόμενον
1118 2142 1269 2218 Καλομίου
1290 2144 1321 2202 τδ

40 2263 151 2340 τέρσνθεν
177 2267 225 2324 τοῦ
251 2260 351 2343 τροίφου
378 2263 424 2324 καί
451 2262 567 2340 πλησίον
594 2263 734 2346 χωραφίου
759 2267 806 2324 τοῦ
829 2263 981 2339 Φουβὰλου
1005 2262 1099 2339 μοδίου
1114 2263 1151 2324 α’.
1182 2265 1321 2344 χωρὰριον

40 2385 74 2439 τοί
86 2383 280 2460 Ξηροκαμπίσυ
303 2385 349 2443 σὺν
372 2389 424 2444 τῶν
447 2387 570 2446 καίτωθεν
593 2386 641 2446 δύο
657 2385 799 2467 ἁρμακίων
815 2386 918 2462 μοδίων
932 2385 963 2460 ς’
986 2384 1033 2446 καί
1049 2387 1166 2462 πλησίον
1181 2386 1322 2468 χωραρίου

40 2507 75 2560 τοῦ
98 2504 224 2584 Κοργίου.
257 2508 351 2586 ἕτερον
380 2509 519 2588 χωρὰφιον
548 2509 579 2567 τδ
606 2507 679 2568 κατὰ
705 2507 844 2580 ἀνατολὰς
874 2509 965 2568 τούτου
992 2507 1039 2568 καί
1067 2509 1245 2569 ἁποκὰτωύεν
1273 2514 1322 2584 τῆς

42 2623 113 2697 οἰκίας
133 2631 178 2687 τοῦ
199 2626 356 2708 Δημητρίου
380 2628 475 2704 μοδίου
490 2628 525 2688 α’.
558 2633 696 2710 χωρὰφιον
717 2634 764 2690 τοῦ
787 2627 960 2712 Ἧμεροβίγλ
991 2630 1161 2707 τδ·πλησίον
1182 2629 1323 2711 χωραρίου
1356 2618 1357 2621 ¹

41 2751 77 2804 τοῦ
91 2748 223 2828 Μακρίτου
241 2748 344 2826 μοδίων
360 2749 397 2824 β’.
417 2753 556 2832 χωρὰφιον
571 2755 617 2812 τού
634 2751 795 2831 Λαγκαδίου
805 2753 836 2812 τδ
852 2753 955 2813 ἄνωθεν
971 2753 1109 2828 ἁμπελίου
1123 2757 1169 2814 τοῦ
1185 2751 1325 2832 Ἀξαλίτρι

43 2867 126 2939 μοδίων
142 2870 176 2930 δ’.
197 2874 339 2952 χωρὰριον
361 2878 412 2949 τῆς
433 2875 537 2954 Δρὰχις
558 2875 589 2934 τδ
611 2873 727 2950 πλησίον
749 2875 888 2954 χωραφίου
909 2877 957 2934 τοῦ
976 2874 1144 2956 Πηλαρηνοῦ
1166 2871 1269 2950 μοδίων
1284 2871 1321 2948 β’.

44 2989 118 3067 ἕτερον
137 2991 279 3072 χωρσίριον
301 2999 354 3054 τῶν
377 2995 494 3076 Καρέων
516 2997 546 3056 ιδ
561 2995 679 3072 πλησίον
696 2993 784 3068 οἰκίας
798 3000 844 3066 τοῦ
861 2996 1023 3056 Γουλολέων
1047 2996 1142 3071 μσδίου
1156 2995 1206 3070 ς’·’.
1224 2997 1323 3075 Ιἕτερον

46 3108 74 3180 εἰς
91 3113 135 3187 ’.ὴν
152 3115 281 3174 Πεονὰδα
302 3116 333 3176 το
353 3116 527 3192 καλούμενον
547 3125 601 3176 τῶν
617 3115 702 3197 ἁγίων
719 3117 889 3178 Ἀποστὰλων
905 3119 951 3177 σὺν
966 3117 1004 3198 τῷ
1020 3117 1206 3196 ἁποκὰτωύεν,
1229 3118 1322 3186 καθώς

45 3231 87 3291 ἐπι
105 3239 323 3318 περιωριομένον,
344 3239 375 3297 τδ
397 3237 513 3314 πλησίον
535 3240 675 3320 χωραρίου
696 3240 787 3322 κυρίου
802 3239 949 3320 Θεοδώρου
970 3243 1017 3300 τοῦ
1034 3235 1159 3312 Μεταξὰ.
1184 3241 1275 3319 ἕτερον
1292 3239 1321 3298 ἐν

45 3360 70 3433 τῇ
88 3357 149 3438 αύιῄ
162 3365 279 3442 περιοχῇ
294 3361 325 3420 τδ
340 3360 494 3441 λεγόμενον
509 3365 556 3422 τοῦ
573 3363 741 3442 Ἀλωποῡί),
756 3363 851 3434 καθὼς
866 3361 1011 3444 ἀνέρχεται
1026 3361 1079 3422 ἁπδ
1095 3365 1141 3422 τοῦ
1155 3363 1322 3422 Σνιωπαστοῦ

46 3473 87 3535 ίτο
105 3481 133 3540 τί
154 3480 256 3558 ἀμπέλι
277 3483 309 3542 τδ
325 3483 468 3562 Βλὰχικον
489 3482 537 3544 καί
559 3484 613 3545 ἁπδ
634 3491 685 3561 τῆς
707 3483 794 3557 οἰκίας
810 3484 958 3568 Θεοδώρου
980 3489 1026 3546 τοῦ
1041 3485 1179 3565 Καυνύτα,
1202 3482 1248 3544 καί
1269 3505 1322 3563 γυ-

48 3600 98 3672 ριζει
118 3601 167 3663 ἁτδ
186 3607 218 3664 τὀ
241 3604 347 3680 ἁμπέλι
369 3610 416 3666 τοῦ
430 3604 557 3679 Μετσξὰ
581 3607 667 3687 ἤγουν
693 3611 740 3668 τοῦ
762 3608 937 3684 Κομπολέων
963 3605 1011 3668 καί
1038 3607 1161 3667 ἀποδίδει
1190 3606 1255 3687 ἁχρι
1276 3611 1324 3666 τοῦ

48 3729 141 3804 παυροίι
160 3725 206 3786 καί
227 3727 331 3808 γυρίζει
352 3728 398 3787 τδν
421 3729 487 3788 ναδν
508 3701 554 3790 τού
577 3729 655 3808 ἁγίου
671 3729 783 3790 Παύλου
805 3731 851 3789 σύν
873 3728 921 3790 καὶ
936 3733 983 3790 τοῦ
997 3730 1200 3811 χωραρίουτίγς
1214 3729 1323 3807 κόγχης

48 3847 82 3902 τιῠ
106 3846 177 3924 ἁγίου
201 3848 312 3910 [Ιαύλου
341 3847 389 3910 καί
412 3850 516 3930 ἁτέραν
546 3851 601 3911 ἁπδ
622 3853 672 3928 τὴν
695 3849 781 3912 οἰκίαν
803 3856 850 3912 τοῦ
872 3851 1000 3928 Σθλὰβου
1022 3851 1069 3912 καί
1093 3849 1215 3912 ἁποδίδει
1239 3852 1323 3930 μέχρι

49 3967 239 4050 τύνΤουρσίων,
262 3971 314 4030 ὅσα
334 3970 382 4031 καὶ
405 3964 450 4032 οίὰ
472 3969 550 4036 είσιν.
573 3974 608 4034 τὰ
630 3973 708 4034 ἔνδον
730 3974 822 4034 τούτου
844 3977 981 4055 χωρὰφια,
1004 3975 1128 4051 ἀμπέλια
1149 3971 1196 4033 καὶ
1211 3972 1326 4054 δένδρη·

50 4082 163 4162 thim
189 4091 237 4152 καὶ
269 4091 297 4152 εἴ
320 4087 346 4153 τί
374 4093 445 4155 ἔστιν
473 4095 552 4158 ένδον
573 4100 620 4158 τού
641 4098 761 4157 τοιούτου
782 4099 956 4178 περιορισμού
978 4098 1060 4178 μέχρι
1087 4099 1133 4158 τοῦ
1156 4095 1254 4176 ῥύακος
1275 4098 1323 4154 τοῦ

51 4205 161 4276 Um.
191 4217 283 4296 ἕτερον
310 4218 449 4296 χωρὰρισν
472 4215 512 4291 είς
533 4219 579 4278 τδν
602 4219 681 4278 αδτδν
702 4221 787 4280 τύπον
809 4219 839 4279 τδ
862 4219 966 4278 ἁνωθεν
987 4216 1127 4298 χωραρίου
1149 4220 1195 4276 τοῦ
1216 4217 1323 4298 Ἀψαρᾶ

52 4329 132 4400 λ’ώίυν
153 4339 211 4410 ένος
231 4339 323 4414 ἣμισυ.
348 4339 441 4420 ἕτερον
463 4343 601 4421 χωρὰριον
624 4347 674 4418 τῆς
689 4341 846 4422 Γυσιερνύς,
870 4343 936 4420 ὅπερ
960 4341 1063 4418 ἔχομεν
1086 4339 1139 4400 ἁπδ
1155 4343 1199 4398 τοῦ
1218 4338 1323 4398 ἁνωθεν

52 4449 176 4530 λεχθέντος
188 4460 279 4542 κυρίου
294 4458 443 4542 Θεοδώρου
457 4465 504 4524 τού
520 4460 646 4545 Μεταξὰ,
670 4462 773 4539 μοδίων
790 4463 826 4540 β’.
851 4466 943 4543 ἕτερον
958 4464 1098 4542 χωρὰφιον
1113 4465 1159 4520 τού
1175 4462 1323 4540 Μαρὰνύου

56 4610 228 4627 ‘'Q-&m

138 4723 155 4782 ί)
174 4723 267 4790 Apogr.
286 4719 322 4774 τὰ.
396 4722 533 4789 ⁷)Ap0gr.
553 4721 629 4792 αύτῷ.
703 4724 726 4792 ³)
748 4726 845 4792 Apogr.
866 4719 933 4774 εἰσίν.
1007 4725 1027 4789 ⁴)
1046 4723 1141 4790 Apogr.
1162 4721 1278 4772 ’λλσποῦ.
