3486 5282
325 355 389 422 222

325 549 472 622 συνοδικῶς
502 550 574 626 μετὰ
602 555 656 610 τῶν
685 547 747 631 περί
776 552 850 628 ημᾶς
880 550 1033 630 ίερωτάτων
1061 547 1212 632 ἀρχιερέων
1238 550 1286 612 καί
1315 552 1474 632 ύπερτίμων,
1509 557 1572 610 τῶν
1606 551 1631 608 ἐν

325 673 396 752 α’γίιρ
417 672 548 748 πνεύματι
571 671 720 752 ἀγαπητῶν
743 674 822 748 ἡμῶν
846 672 974 753 ἀδελφῶν
997 671 1044 734 καί
1067 673 1295 755 συλλειτουργῶν,
1324 673 1370 734 ίνα
1390 674 1421 734 τό
1443 673 1630 751 μσνσιστήριον

325 798 401 856 τοῦτο
432 793 502 869 μετὰ
531 799 585 854 τῶν
616 794 743 875 ἀνωτέρω
772 795 1004 874 ἀπηριθμημένων
1036 796 1172 873 μετοχίων
1204 797 1283 856 αύτοῦ
1305 793 1352 855 καὶ
1376 795 1446 871 μετὰ
1466 799 1517 855 τοῦ
1545 794 1577 854 ἐν
1601 801 1632 874 fir,

242 983 245 990 ,
325 919 399 996 νήσιμ
422 917 574 995 Ἀντιγόνου
604 915 782 998 μονασσηρίου
810 921 857 978 τοῦ
887 915 965 995 ἀγίου
988 904 1135 998 Γεωργίου,
1167 917 1274 997 Καρύπι
1305 915 1516 996 ἐπιλεγομένου,
1555 916 1631 986 ἐντος
1661 909 1662 924 ³

325 1039 452 1101 κάκείνου
483 1039 611 1117 μετόχιον
636 1041 683 1100 τοῦ
711 1039 890 1119 μονασσηρίου
912 1040 1004 1100 τούτου
1025 1013 1097 1100 κατά
1118 1041 1149 1099 τό
1172 1037 1216 1098 ἐπὶ
1237 1043 1284 1099 τοῦ
1306 1039 1633 1121 προπατριαρχεύσαντσς

327 1155 463 1241 Νεοφύτου
484 1163 679 1242 πάτριαρχικδν
702 1161 840 1222 ουνσδικόν
863 1161 1040 1240 σιγιλλιῶδες
1062 1163 1179 1241 γράμμα
1200 1159 1248 1221 καί
1270 1161 1341 1238 μετὰ
1362 1167 1412 1234 τῆς
1435 1161 1463 1222 ἐν
1484 1158 1529 1240 τῷ
1546 1159 1633 1237 Βλάχ

327 1284 452 1365 Σεραγίιμ
474 1289 523 1362 ιής
545 1284 859 1356 Κωνσταντινουπόλεως
880 1284 952 1344 κατὰ
973 1285 1019 1344 τόν
1042 1283 1140 1362 Ταχτά
1160 1283 1268 1364 Μιναρὲ
1291 1277 1442 1360 ἐκκλησίας
1464 1289 1514 1358 τῆς
1542 1283 1630 1362 ύπερ-

328 1407 409 1487 αγίας
439 1406 582 1482 δεσποίνης
611 1408 690 1483 ἡμῶν
720 1407 848 1466 θεστόκσυ
877 1401 948 1465 κατὰ
977 1405 1011 1465 τά
1040 1403 1102 1486 περί
1127 1407 1220 1466 τούτου
1248 1405 1453 1486 πανέκλαμπρα
1479 1403 1632 1464 αύθεντικά
1662 1437 1663 1470 ÷

326 1527 521 1609 χρυσόβουλλα
549 1525 595 1588 καὶ
622 1528 692 1604 μετὰ
713 1532 760 1588 τοῦ
782 1529 917 1605 νεωνήτου
940 1527 1070 1606 μετοχίου
1092 1532 1138 1588 τοῦ
1161 1527 1230 1604 Ἀλῆ
1253 1527 1385 1604 Τσελεπή
1407 1527 1478 1602 μετὰ
1498 1533 1556 1602 τῆς
1580 1527 1631 1586 ἐκ-

327 1650 445 1728 κλησίας
469 1651 548 1710 οάτοῦ
570 1649 617 1710 καὶ
640 1651 711 1725 μετά
731 1652 840 1710 πάντων
862 1655 915 1710 τῶν
938 1649 1042 1710 λοιπῶν
1065 1652 1210 1726 κτημάτων
1232 1647 1280 1709 καί
1298 1647 1466 1731 πραγμάτων
1482 1650 1569 1709 αὺτοῦ
1585 1645 1630 1708 καὶ

328 1773 523 1853 ἀφιερωμσίτων
545 1777 661 1849 κινητῶν
683 1793 712 1832 τε
734 1770 781 1832 καί
804 1772 947 1851 ἀκινήτων,
971 1777 1024 1832 τῶν
1038 1792 1069 1832 τε
1083 1771 1138 1847 ἤδη
1155 1771 1239 1832 όντων
1253 1770 1301 1832 καί
1315 1778 1368 1831 τῶν
1385 1769 1522 1832 είσέπειτα
1538 1791 1630 1851 προσ-

328 1898 521 1974 γενησομένων
545 1897 587 1976 ἀν,
610 1897 649 1966 ῶς
672 1892 804 1954 ἀνέκαθεν
825 1892 873 1953 καὶ
890 1891 921 1966 ἐξ
937 1893 1035 1974 ἀρχῆς,
1060 1894 1128 1954 σύτω
1143 1891 1192 1954 καὶ
1207 1892 1247 1966 είς
1262 1895 1308 1954 τόν
1323 1893 1389 1970 ἑξῆς
1405 1896 1511 1954 ἅπαντα
1526 1895 1630 1972 χρόνον
1663 1903 1664 1928 ¹

328 2019 438 2102 ὑπάρχῃ
460 2016 507 2078 καὶ
521 2019 639 2097 λέγηται
654 2017 701 2077 καὶ
716 2017 791 2096 παρὰ
806 2019 913 2076 πάντων
928 2018 1094 2094 γινῶσκηται
1108 2017 1242 2096 ἡμέτερον
1257 2017 1452 2097 πατριαρχικόν
1468 2035 1628 2094 σταυροπη-
1663 2039 1664 2042 ’

328 2141 435 2218 γιακόν,
458 2139 625 2219 ἀδούλωτον,
649 2139 857 2214 ἀκαταπάιητον
879 2136 926 2198 καί
949 2138 1023 2210 ὅλως
1043 2137 1230 2215 ἀνενόχλητον
1245 2138 1309 2218 παρ’
1319 2137 1467 2198 ούτινοσοῦν
1481 2139 1629 2218 προσώπου

328 2261 477 2342 ἱερωμένου
498 2265 517 2336 ἢ
540 2261 648 2340 λαῦιοῦ,
672 2261 911 2337 μνημονευομένου
935 2259 964 2319 ἐν
980 2258 1051 2338 αύτῷ
1067 2263 1113 2320 τοῦ
1128 2263 1272 2320 κανονικοῦ
1285 2263 1466 2341 παριαρχικοῦ
1481 2259 1627 2334 δνόμιοιτος,
1664 2309 1665 2358 γ

331 2384 396 2462 ἔχον
418 2381 465 2442 καὶ
486 2384 631 2462 προνόμιον
653 2380 700 2442 καὶ
722 2381 921 2463 πατριαρχικὴν
944 2379 1107 2461 φιλοτιμίαν,
1131 2383 1201 2442 ῶστε
1223 2381 1268 2440 τόν
1290 2381 1361 2441 κατὰ
1382 2381 1493 2460 καιρούς
1509 2381 1538 2440 ἐν
1557 2379 1628 2456 αύτῷ
1664 2431 1665 2456 ,

330 2506 482 2583 ἡγούμενον
510 2505 538 2564 ἐν
560 2505 619 2576 ταῖς
642 2502 813 2584 έορτασίμοις
836 2504 953 2584 ἡμέραις
979 2507 1069 2584 φορεῖν
1093 2502 1136 2563 ἐπ’
1148 2503 1299 2580 ἐκκλησίας
1321 2501 1453 2581 μανδύαν,
1481 2523 1627 2583 προχειρι-

331 2629 446 2702 ζόμενον
468 2623 515 2686 καί
538 2625 708 2706 πατερίτζοιν.
754 2625 958 2704 ἀποφαινόμεθα
982 2624 1013 2686 δέ
1035 2622 1082 2686 καὶ
1103 2624 1138 2684 τά
1161 2623 1273 2704 ἐφεξῆς·
1304 2625 1348 2684 ἵνα
1370 2629 1476 2704 πρῶτον
1499 2627 1552 2701 μὲν
1576 2625 1626 2682 ἔκ·-

332 2751 405 2830 άρχη
428 2747 646 2827 ἀπηλλαγμένον
661 2750 752 2822 πάσης
767 2743 917 2828 ἐξαρχικής
934 2744 1057 2819 ἐξουσίας
1071 2745 1120 2808 καὶ
1135 2744 1309 2820 δεσποτείας·
1333 2745 1458 2827 δεύτερον
1481 2746 1523 2824 δέ,
1548 2747 1626 2824 λόγῳ
1665 2765 1666 2836 γ

332 2871 480 2950 ὑποταγῆς,
504 2869 627 2948 ἀποδιδῷ
649 2870 711 2930 καθ’
725 2872 838 2929 ἕκαστον
862 2870 922 2942 ἔτος
945 2869 1134 2950 ἀπαραιτήτως
1156 2871 1253 2948 γρόσια
1274 2871 1414 2949 τριακόσια
1436 2867 1475 2939 είς
1489 2870 1521 2928 τό
1536 2869 1626 2928 κοινόν
1665 2841 1666 2886 ³

332 2997 381 3067 τῆς
410 2993 471 3052 κάλ’
484 2993 559 3068 ἡμᾶς
585 2995 631 3053 τοῦ
654 2992 768 3073 Χριστοῦ
796 2991 926 3070 μεγάλης
949 2991 1102 3066 ἐκκλησίας
1123 2991 1170 3052 καί
1192 2991 1324 3074 λαμβάνῃ
1349 2988 1533 3069 ἐξοφλητικὴν
1556 2990 1624 3050 ἀπό-

333 3111 424 3186 δειξιν.
452 3111 498 3174 καί
522 3113 607 3186 ούτως
629 3109 647 3195 ᾖ
671 3114 813 3193 διατηροῦν
835 3115 865 3172 τό
881 3113 995 3193 ἀρχαῖον
1009 3113 1127 3193 γεραρόν
1142 3118 1192 3189 της
1207 3119 1445 3194 σταυροπηγιοικῆς
1460 3108 1542 3186 ἀξίας
1555 3133 1623 3192 προ-

333 3237 424 3312 νόμιον
454 3235 501 3296 καί
530 3237 628 3308 καλῶς
659 3235 854 3315 διοικούμενον,
886 3237 924 3307 ὡς
955 3233 1043 3310 μέλος
1072 3238 1183 3314 γνήσιον
1213 3239 1259 3294 τοῦ
1289 3235 1352 3294 καθ’
1371 3235 1446 3310 ἡμᾶς
1476 3235 1625 3313 ἀγιωτάτου

334 3358 515 3417 ἀποστολικοῦ
545 3357 591 3418 καὶ
620 3362 816 3439 πατριαρχικοῦ
846 3359 954 3437 θρόνου·
986 3359 1001 3416 ό
1034 3357 1058 3417 δ’
1075 3357 1104 3416 ἐν
1131 3355 1203 3436 αύτῷ
1230 3357 1302 3417 κατά
1327 3357 1437 3438 καιρούς
1463 3357 1624 3435 ἡγούμενος,

334 3480 424 3558 ὥσπερ
451 3479 466 3535 ό
496 3476 649 3560 ἀρχιερεύς,
680 3481 749 3538 ούτω
778 3478 825 3538 καὶ
855 3480 934 3548 αὺτός
964 3482 1054 3561 γράφη
1085 3479 1195 3552 ἀμέσως
1224 3481 1292 3559 πρός
1320 3479 1369 3553 τὴν
1399 3480 1461 3538 καθ’
1478 3481 1553 3556 ἡμᾶς
1584 3485 1625 3538 τοῦ

334 3601 449 3680 Χριστοῦ
472 3598 601 3678 μεγάλην
630 3599 780 3677 ἐκκλησίαν
802 3599 849 3660 καὶ
872 3599 985 3672 ἀξιῶται
1006 3607 1056 3676 τῆς
1077 3601 1267 3680 προσηκούσης
1289 3599 1495 3680 ύπερασπίσεως
1518 3601 1547 3661 ἐν
1571 3603 1624 3671 ταῖς

335 3720 542 3796 συμβαινούσαις
563 3722 669 3801 χρείαις
691 3721 737 3781 καί
760 3723 913 3782 ὑποθέσεσι·
936 3723 1033 3802 τρίτον,
1056 3721 1100 3782 ἵνα
1123 3723 1353 3802 διαφυλάττωνται
1375 3725 1624 3802 κσταγεγραμμένα

336 3843 365 3902 ἐν
388 3843 427 3921 τῷ
450 3842 617 3922 διωρισμένῳ
638 3843 744 3919 κῶδηκι
766 3851 816 3920 τῆς
838 3835 966 3922 μεγάλης
990 3844 1141 3919 ἐκκλησίας
1164 3846 1269 3904 ἅπαντα
1292 3845 1327 3904 τὰ
1345 3847 1472 3919 κτήματα
1487 3844 1536 3904 καὶ
1552 3846 1622 3925 ἀφιε-

336 3969 450 4045 ρὼμοιτα
472 3965 552 4026 αύτοῦ
573 3964 620 4024 καὶ
641 3965 675 4026 τὰ
697 3968 767 4046 χρέη
791 3965 838 4026 καί
860 3961 913 4050 [τό]
934 3971 981 4026 τοῦ
995 3967 1147 4043 ἡγουμένου
1163 3967 1263 4041 δνομα·
1287 3968 1424 4046 τέταρτον,
1447 3967 1478 4025 τό
1494 3967 1622 4046 σιγίλλιον

336 4089 416 4148 αύτοῦ
444 4088 504 4165 ἔχει
528 4089 618 4163 μένειν
642 4084 848 4168 ἀπαράτρεπτον
870 4087 916 4147 καί
939 4087 1127 4169 ἀπαράβατον,
1150 4089 1188 4165 μὴ
1212 4089 1342 4164 δεόμενὸν
1364 4107 1430 4148 ποτε
1452 4089 1623 4158 ἀνανεώσεως

336 4208 383 4270 καὶ
400 4207 589 4290 ἐπικυρώσεως
605 4209 846 4286 ἐκκλησιαστικῆς·
862 4213 995 4290 πέμπτον,
1012 4210 1120 4270 ἐπειδὰν
1137 4211 1166 4272 ἐν
1181 4214 1306 4292 στερήσει
1320 4212 1474 4290 ἡγουμένου
1488 4214 1623 4292 γένωνται,

337 4332 541 4412 φυλαττομένης
564 4333 740 4414 ἀπαραβάτου
762 4339 812 4408 τῆς
834 4332 953 4413 ἀρχαίας
975 4339 1194 4413 μοναστηριακῆς
1215 4329 1330 4412 τάξεως,
1355 4333 1454 4411 ἔχωσιν
1469 4333 1565 4394 ἀδειαν
1580 4335 1621 4393 ἐκ·

337 4457 432 4534 λέγειν
455 4457 504 4515 ἕνα
527 4457 560 4515 ἐκ
581 4460 630 4531 τῆς
653 4454 777 4525 συνοδίας
800 4455 896 4532 αῦτῶν,
920 4457 965 4514 τδν
987 4461 1086 4528 κοινῶς
1109 4455 1277 4536 ἀναφανέντα
1299 4452 1376 4528 ἀξιον
1391 4453 1438 4516 καὶ
1451 4460 1546 4516 τοῦτον
1562 4457 1622 4516 ἀπο·

337 4581 467 4640 καθιστᾶν
490 4578 652 4658 ἡγούμενον,
684 4577 762 4648 ἐκτός
786 4575 809 4636 εἰ
832 4577 871 4652 μὴ
894 4577 937 4653 εἴη
961 4577 1092 4657 διαφωνία
1113 4583 1167 4638 τῶν
1189 4580 1403 4660 προκριτοτέρων
1423 4579 1552 4658 πατέριον
1571 4577 1622 4658 περὶ

337 4707 387 4778 τῆς
409 4701 532 4780 ἐκλογῆς
554 4705 600 4759 τοῦ
622 4701 683 4760 νέου
704 4701 872 4777 ἡγουμένου·
895 4701 955 4758 τότε
977 4702 1031 4779 γάρ
1054 4697 1088 4758 δι’
1103 4699 1294 4779 ένυπογράφων
1317 4699 1458 4780 ἀναφσρῶν
1482 4697 1621 4778 όφειλσυσιν
