3246 5288
243 369 308 436 460

243 565 307 646 όράν
331 563 378 625 καὶ
401 559 470 625 εἶναι
493 561 533 636 εἰς
555 565 635 624 τόπον
660 565 796 644 μετοχίου,
819 563 911 623 τούτου
933 565 1013 644 χάριν
1036 563 1247 642 ἀποφαινόμεθα,
1270 563 1315 624 ίνα
1336 563 1371 624 τό
1396 563 1560 642 μονηδρτον

242 689 320 748 τοῦτο
342 690 388 747 τοῦ
412 686 490 764 ἁγίου
506 685 642 766 Γεωργίσυ
666 685 708 760 εἴη
732 685 915 760 διοικούμενον
937 685 1004 764 πρός
1020 681 1129 760 αὔξησιν
1143 685 1217 764 παρὰ
1231 689 1278 745 τοῦ
1294 685 1498 764 μοναστηρίου
1514 691 1560 744 τε]

243 811 394 884 Δειμῶνος.
441 806 525 880 όςδέ
548 807 705 890 ἐναντιωθῇ,
734 809 848 886 ἀπάρχει
872 808 1056 887 ἀφωρισμένος
1078 805 1125 867 καὶ
1148 807 1353 888 ἀσυγχώρητος,
1378 814 1444 867 τῶν
1470 807 1560 886 ἱερω-

243 931 331 1006 μένων
355 930 385 990 δέ
410 927 469 1016 [ὢν]
492 928 538 990 καί
554 930 639 1010 ἀργός
662 931 781 1006 μενέτω·
807 929 892 1001 οότως
915 929 1120 1008 ἀπεφηνάμεθα,
1144 929 1204 988 όθεν
1220 927 1266 989 καί
1280 929 1312 988 τό
1326 930 1421 1010 παρὀν
1441 924 1561 1002 ἐξεδώ-

241 1073 329 1128 καμεν
351 1055 468 1134 γράμμα
491 1051 530 1124 εἰς
554 1051 711 1132 ἐπικόρωοιν
729 1051 801 1111 κατὰ
824 1051 853 1110 τό
877 1049 961 1134 ,ζπς’
983 1052 1055 1122 ἔτος
1079 1051 1111 1110 ἐν
1134 1049 1212 1128 μηνί
1236 1052 1411 1128 αὺγοὺστῳ
1430 1050 1491 1112 ένδ.
1511 1051 1558 1128 ς’.

346 1181 386 1235 ΙΙ.
422 1161 582 1254 Γαβριὴλ,
618 1173 705 1252 ἐλέῳ
735 1174 809 1233 θεοῦ
840 1172 1104 1252 ἀρχιεπίοκοπος
1136 1171 1561 1250 Κωνσταντινουπόλεως,

242 1297 331 1368 Νέας
354 1297 492 1373 Ῥώμης,
515 1293 570 1354 καί
595 1293 832 1369 οἰκουμενικός
854 1296 1065 1374 πατριάρχης
1086 1297 1109 1368 †.

345 1421 361 1492 †
387 1418 446 1492 Τῆς
475 1419 554 1492 ἡμῶν
585 1417 759 1496 μετριότητος
789 1415 935 1487 αυνοδικῶς
964 1415 1183 1495 προκαθημένης,
1214 1415 1450 1496 ουνεδριαζόντων
1485 1419 1561 1500 αὐτῇ

241 1538 287 1598 καί
310 1545 363 1598 τῶν
385 1540 602 1619 καθαιρεθέντων
625 1538 778 1619 ίερωτάτων
800 1538 1006 1618 μητροπολιτῶν
1029 1535 1075 1596 καὶ
1090 1537 1250 1617 όπερτίμων,
1274 1539 1509 1616 θεοφιλεστάτων
1528 1563 1561 1599 τε

241 1661 468 1742 ἀρχιεπισκὸπων,
492 1667 544 1720 τῶν
561 1661 590 1722 ἐν
607 1661 676 1740 ἀγίῳ
691 1661 822 1734 πνεύματι
838 1657 986 1737 ἀγαπητῶν
1004 1661 1085 1732 αὑτῆς
1101 1659 1227 1738 ἀδελφῶν
1243 1659 1290 1720 καὶ
1305 1660 1559 1742 συλλειτουργῶν.

241 1783 318 1844 ἀλλά
341 1784 374 1860 δὴ
398 1781 444 1843 καί
467 1783 682 1863 θεοφιλεστάτων
707 1783 868 1860 ἐπισκόπων,
894 1781 918 1840 οἱ
941 1782 1021 1854 όσίως
1044 1782 1236 1857 ἐνασκοιίμενοι
1259 1781 1297 1863 τῷ
1320 1784 1560 1864 οεβασμιωτάτῳ

241 1905 413 1986 μοναοτηρίῳ
440 1911 493 1964 τῶν
523 1905 602 1964 θείων
624 1901 790 1984 Ταξιαρχῶν
816 1909 869 1962 τῶν
894 1903 921 1962 ἐν
948 1900 986 1980 τῷ
1010 1905 1131 1980 Λειμῶνι
1162 1905 1232 1963 κατὰ
1253 1905 1302 1979 τὴν
1334 1905 1479 1984 ἐπαρχίαν
1504 1912 1559 1965 τοῦ

240 2027 385 2108 ίερωτάτου
416 2027 616 2108 μητροπολίτου
640 2028 789 2103 Μεθύμνης
820 2027 949 2107 ἀνέφερον
979 2027 1053 2106 ἡμῖν,
1085 2027 1124 2086 ότι
1151 2028 1181 2086 τό
1212 2027 1352 2107 μονύδφιον
1382 2031 1431 2086 τοῦ
1468 2029 1560 2106 ἁγίαν

241 2149 377 2230 Γεωργίου
399 2155 444 2209 τοῦ
460 2149 543 2228 ἐντῷ
560 2147 719 2232 Παραοιγίῳ
742 2149 889 2229 ἀφιερωθέν
913 2149 1033 2209 ἔκπαλαι
1050 2149 1125 2229 παρὰ
1140 2145 1206 2234 Ιτοΰί
1223 2149 1404 2226 Ῥιγοποίιλου
1421 2149 1558 2229 ἐκείνου,
1618 2129 1619 2132 ¹

241 2275 287 2330 τοῦ
319 2273 566 2347 μετονομασθέντος
597 2271 642 2331 διὰ
664 2275 709 2332 τοῦ
732 2272 804 2332 θείου
826 2269 872 2331 καί
903 2271 1054 2350 ἀγγελικοῡ
1083 2273 1225 2348 σχήματος
1248 2271 1373 2348 Γαβριὴλ
1403 2279 1557 2349 μοναχαῦ,

240 2395 484 2473 ὑπογεγραμμένον
511 2415 541 2454 τε
571 2394 648 2466 όντος
675 2393 713 2472 τῷ
744 2397 884 2474 γράμματι
911 2399 960 2468 τῆς
991 2391 1162 2472 ἀφιερώσεως
1185 2391 1232 2452 καὶ
1255 2395 1390 2452 Ζαννέτου
1412 2397 1463 2452 τοῦ
1489 2393 1558 2452 υἱοῦ

162 2565 164 2570 ,
240 2519 286 2574 τοῦ
309 2515 389 2574 αὺτοῦ
412 2516 602 2595 Ῥιγοποόλου,
625 2517 733 2595 ὓστερον
757 2515 997 2589 μεταμεληθέντος
1019 2512 1118 2573 καὶτὰ
1139 2513 1257 2594 πατρικέι
1280 2514 1445 2593 ἀφιερωτικά
1474 2515 1556 2574 ἀθε-
1619 2533 1620 2538 ’

241 2639 371 2711 νήφοντος
398 2639 550 2716 γράμματα
580 2638 728 2716 ἀφιέρωσεν
760 2639 822 2696 αθτό
852 2639 907 2706 τοῖς
939 2636 1146 2711 ἐναοκουμένοις
1168 2635 1206 2713 τῷ
1229 2637 1298 2714 άγίῳ
1322 2636 1379 2716 όρει
1402 2640 1450 2695 τοῦ
1477 2637 1556 2695 Emi

240 2764 333 2830 κακῶς
356 2757 402 2818 καὶ
423 2759 606 2838 παραλόγως·
629 2758 663 2817 τόι
678 2757 731 2836 γὰρ
752 2755 826 2829 ἅπαξ
841 2755 895 2834 θεῷ
919 2758 1091 2836 ἀφιερωμένα
1114 2757 1278 2834 ἀνεκποίητα
1302 2757 1441 2832 διαμένειν
1461 2759 1552 2836 όφεί-
1620 2801 1621 2820 ι

240 2881 328 2940 λουοι.
360 2882 420 2939 όθεν
444 2879 490 2939 καὶ
513 2879 659 2951 ουνοδικῶς
682 2878 819 2960 θεωρηθέν
841 2879 870 2937 τό
885 2877 947 2958 περὶ
969 2877 1122 2938 τούτουκαὶ
1143 2881 1243 2958 κριθὲν,
1267 2881 1305 2950 ὡς
1320 2878 1354 2938 τά
1376 2878 1549 2956 παλαιγενῆ

243 3005 404 3082 μαρτυροῦσι
420 3005 578 3080 γράμματα,
604 3001 685 3076 ἐδόθη
700 3003 783 3060 πάλιν
798 3003 828 3060 τό
846 3001 908 3059 αὐτό
925 3000 1064 3080 μονόδριον
1080 3005 1125 3060 τοῦ
1141 3000 1218 3078 ἀγίσυ
1234 3001 1254 3058 Γ
1256 3000 1371 3080 εωργίου
1386 2999 1432 3060 καί
1446 3022 1548 3080 προο-

241 3122 325 3199 ετίθη,
350 3125 388 3194 ώς
404 3124 549 3202 ἀφιερώθη,
572 3125 611 3196 ώς
627 3123 740 3204 εἴρηται,
760 3122 798 3201 τῷ
814 3122 955 3202 οεβααμίῳ
971 3123 1142 3203 μοναστηρίῳ
1156 3129 1211 3182 τῶν
1225 3119 1390 3202 Ταξιαρχών
1405 3127 1450 3182 τοῦ
1470 3125 1546 3182 Λει-

241 3249 341 3318 μῶνος.
367 3243 426 3304 ἐπεὶ
449 3243 540 3304 δὲκαὶ
556 3245 604 3319 τὴν
621 3247 715 3324 ἑορτὴν
738 3245 827 3320 ἐζήτει
842 3244 996 3319 λαμβάνειν
1012 3245 1026 3301 ό
1041 3241 1135 3324 πρῴην
1151 3245 1309 3324 Μεθόμνης,
1332 3246 1371 3315 ώς
1386 3243 1433 3303 καί
1450 3245 1546 3306 ἄλλοι

240 3366 292 3445 πρό
315 3367 394 3425 αὑτοῦ
416 3372 465 3441 τῆς
482 3366 630 3442 Μεθὺμνης
653 3367 788 3446 ἀρχιερεῖς
813 3365 945 3441 ἐζήτησαν
969 3367 1028 3444 μέν,
1053 3366 1130 3426 οίιδέν
1154 3365 1186 3424 δὲ
1210 3365 1322 3448 ἔλαβον,
1343 3369 1382 3438 ὡς
1397 3365 1444 3425 καὶ
1459 3367 1476 3424 ό
1493 3371 1543 3426 νῦν

240 3485 385 3566 ἱερώτατος
408 3488 610 3567 μητροπολίτης
634 3488 792 3567 Μεθόμνης,
822 3492 870 3566 κῦρ
895 3487 1030 3566 Ῥαφαηλ,
1054 3489 1069 3547 ό
1092 3487 1120 3546 ἐν
1144 3487 1215 3566 ἁγίῳ
1237 3489 1367 3561 πνεύματι
1392 3483 1544 3566 ἀγαπητός

241 3608 360 3688 ἀδελφός
382 3607 428 3668 καί
459 3609 667 3689 συλλειτουργδς
689 3616 738 3685 της
768 3611 847 3683 ἡμῶν
879 3611 1052 3688 μετριότητος
1084 3609 1223 3690 ἐζήτησεν,
1255 3611 1304 3668 οὐκ
1332 3609 1481 3684 ἐδικαιώθη
1510 3611 1543 3670 δὲ

241 3733 314 3802 όλως
337 3732 489 3807 λαμβάνειν
514 3733 557 3792 διά
579 3734 627 3807 τὴν
651 3733 745 3812 ἑορτὴν
770 3729 816 3791 καὶ
838 3735 985 3811 πανήγυριν
1007 3736 1053 3791 τοῦ
1077 3733 1204 3812 ῥηθέντος
1228 3730 1368 3808 μονυδρίου
1391 3737 1437 3791 τοῦ
1458 3733 1543 3809 ἀγίτυ

241 3852 375 3930 Γεωργίου
396 3857 442 3912 τοῦ
466 3855 494 3914 ἐν
517 3850 555 3932 τῷ
580 3853 738 3934 Παραοιγίῳ
761 3857 779 3928 ἢ
802 3855 881 3934 χάριν
904 3859 1046 3913 κανονικοῡ
1068 3857 1085 3927 ἢ
1111 3853 1198 3914 ἀλλον
1221 3854 1301 3930 τινός,
1333 3853 1409 3932 ἔχειν
1433 3855 1464 3912 δέ
1490 3855 1541 3914 καὶ

242 3973 323 4046 μόνον
345 3977 375 4033 τό
398 3977 566 4051 μνημόσυνον
590 3978 668 4035 αθτοῦ
691 3981 841 4047 κανονικῶς
863 3975 909 4035 καὶ
934 3975 1043 4055 ἔστερξε
1066 3973 1112 4034 καὶ
1137 3973 1285 4054 εἰρηνευοε·
1310 3973 1357 4034 καίΙ
1381 3975 1539 4049 ἐδεήθησαν

242 4095 380 4154 ουνοδικοίι
395 4099 485 4173 τυχεῖν
500 4098 693 4176 σιγιλλιώδους
707 4101 879 4177 γράμματος,
895 4099 986 4158 τούτου
1002 4101 1081 4178 χάριν
1098 4101 1247 4176 γράφοντες
1262 4095 1419 4171 συνοδιιιῶς,
1436 4101 1538 4179 γνώμη

240 4215 287 4274 καί
310 4215 363 4275 τών
386 4217 598 4298 θτογραψάντων
622 4221 773 4299 ίερωτάτων
791 4221 939 4300 ἀρχιερέων
956 4218 1002 4278 καὶ
1017 4218 1180 4298 ὑπερτίμων,
1203 4224 1256 4277 τῶν
1273 4219 1301 4276 ἐν
1318 4219 1388 4297 ἁγίῳ
1403 4221 1538 4294 πνεύματι

242 4335 389 4411 ἀγαπητῶν
412 4339 539 4418 ἀδελφῶν
562 4333 608 4399 καί
640 4340 857 4420 συλλειτουργών
879 4347 928 4416 της
950 4342 1028 4416 ἡμῶν
1056 4343 1229 4422 μετριότητος
1259 4341 1466 4418 ἀποφαινόμεθα
1488 4342 1536 4400 καὶ

243 4455 422 4540 διοριζόμεθα,
446 4459 490 4519 ίνα
512 4463 541 4520 τό
565 4461 704 4540 μονόδριον
728 4463 791 4522 αι’ντό
813 4467 859 4521 τοῦ
883 4461 959 4540 ἁγίου
976 4462 1110 4541 Γεωργίον
1133 4467 1179 4522 τοῦ
1202 4461 1283 4541 ἐντῷ
1301 4463 1471 4542 Παρασιγίιρ,
1496 4465 1536 4536 ὡς

243 4577 338 4650 καλῶς
361 4581 506 4660 ἀφιερωθέν
528 4584 601 4662 παρὰ
623 4588 669 4642 τοῦ
691 4603 756 4642 ποτε
772 4585 950 4662 Ῥιγοποίιλον
974 4587 1053 4644 αὺτοῦ
1074 4590 1108 4666 τῇ
1132 4585 1266 4666 σεβασμίφι
1290 4591 1359 4666 μονῇ
1376 4591 1430 4644 τῶν
1446 4585 1534 4658 Ταξι-

244 4707 336 4779 αρχῶν
358 4707 404 4762 τοῦ
428 4705 569 4778 Λειμῶνος
600 4704 709 4780 εἴηκαὶ
742 4705 856 4787 διαμένῃ
884 4707 966 4789 ταύτῃ
998 4705 1185 4787 ἀνεκποίητον,
1217 4708 1243 4768 οί
1262 4727 1293 4768 τε
1322 4707 1394 4768 κατὰ
1424 4707 1535 4788 καιροδς
