3208 5310
259 358 303 423 ὅθ

261 558 294 636 τῇ
317 548 461 634 τοποθεσίᾳ
484 555 529 612 τοῦ
544 547 693 611 Σκολσνίου
716 550 746 610 τδ
760 551 877 628 πλησίον
894 548 942 611 καί
957 552 1087 632 σύνεγγυς
1101 553 1148 610 τοῦ
1162 549 1301 632 χωραφίου
1316 551 1437 622 Λέοντος
1453 548 1549 610 ἐκείνου

260 675 390 751 Κομήτου
419 678 464 734 τοῦ
489 674 620 744 Πανθέως
647 672 700 731 άπδ
726 678 781 732 τῶν
810 673 980 749 άμπελάδων
1007 671 1055 733 καί
1085 672 1209 754 δρυάδων
1231 670 1278 732 καί
1301 671 1366 752 ἄχρι
1388 676 1434 730 τοῦ
1457 671 1551 752 δρόμου

261 796 364 873 μοδίων
381 794 435 869 ιβ’.
468 797 559 876 ἕτερον
585 796 616 854 τδ
638 795 811 870 καλούμενον
835 795 1017 875 Είιλογιτερδν
1040 795 1069 854 ιδ
1091 793 1207 870 πλησίον
1230 797 1276 854 τοῦ
1299 793 1433 874 Ὀρρανοῠ
1457 791 1551 867 μοδίων

260 916 297 992 β’.
322 919 415 997 ἕτερον
439 915 478 987 εἰς
500 917 544 976 τ“ον
569 917 648 976 σιδτδν
670 918 752 976 τόπον
774 917 804 975 τδ
827 916 983 995 λεγόμενον
998 916 1185 994 Μαγουλσίτον
1202 915 1304 992 μοδίων
1320 913 1346 974 α’
1359 912 1411 995 ς”,
1434 917 1464 974 τδ
1479 915 1551 989 πλη-

260 1039 317 1100 σίον
347 1039 378 1099 δὲ
405 1043 451 1098 τοῦ
474 1039 617 1119 Ὀρρανοθ.
649 1041 742 1119 ἕτερον
764 1041 903 1119 χωράριον
926 1042 972 1098 τοῦ
995 1037 1184 1116 Πηγαδιακίου
1206 1039 1237 1098 τδ
1261 1035 1397 1098 Ἐπίκοπα
1421 1037 1490 1113 μετὰ
1510 1041 1552 1096 τοῦ

260 1161 421 1240 Καλοτέρου
449 1161 496 1220 ἀπ’
509 1163 588 1222 αὺτοῦ
610 1162 641 1221 τδ
663 1159 715 1235 ς”.
748 1163 841 1242 ἕτερον
869 1163 899 1220 τδ
926 1162 1081 1239 λεγόμενον
1107 1165 1156 1234 τῆς
1180 1159 1283 1231 Γωνίας
1309 1161 1341 1219 τδ
1367 1158 1484 1234 πλησίον
1510 1163 1552 1219 τοῦ

259 1281 425 1358 κλείσματος
448 1282 549 1358 μοδίων
565 1281 602 1356 β’,
626 1285 718 1363 ἕτερον
735 1281 774 1353 εἰς
788 1285 834 1342 τδν
851 1283 929 1343 αδτδν
944 1284 1027 1344 τόπον
1042 1283 1135 1342 τοὺτου
1150 1279 1197 1342 καὶ
1212 1281 1329 1358 πλησίον
1344 1285 1391 1342 τοῦ
1407 1281 1552 1362 Περιβολι-

260 1406 350 1464 σιάνου
378 1403 472 1480 μοδίου
487 1400 537 1478 ς”,
571 1407 663 1485 ἕτερον
689 1405 720 1464 τδ
746 1405 919 1480 καλούμενον
942 1402 1057 1466 καὶτοῦ
1080 1403 1235 1481 Ῥουλαχοϋ
1258 1404 1360 1478 μοδίων
1377 1401 1411 1464 δ’.
1441 1401 1553 1478 πλησίον

258 1529 305 1586 τοῦ
329 1524 552 1605 Περιβσλισιάνου
580 1525 611 1585 τδ
641 1525 771 1604 σίνεγγυς
797 1529 935 1605 χωράριον
964 1532 1014 1601 τῆς
1038 1525 1119 1604 ἁγίας
1143 1523 1324 1605 Ἰερουσαλὴμ
1347 1523 1449 1600 μοδίων
1466 1523 1492 1584 α’
1504 1521 1552 1598 ς”.

260 1649 351 1726 ἕτερον
373 1651 424 1722 τῆς
445 1647 570 1726 Βατερᾶς
591 1647 708 1722 πλησίον
731 1652 781 1723 τῆς
798 1647 908 1721 Λάμιας
931 1647 1033 1722 μοδίων
1049 1645 1084 1710 δ’.
1107 1644 1244 1728 χωράριον
1266 1651 1312 1706 τοῦ
1334 1646 1450 1726 Στρίπτη
1474 1647 1504 1705 τὶν
1528 1646 1553 1704 έν

259 1767 297 1847 τῷ
312 1767 441 1846 Λιβανθῷ
461 1767 507 1827 σὺν
521 1773 568 1828 τοῦ
582 1770 681 1847 τράφον
696 1768 813 1843 πλησίον
828 1768 967 1848 χωραρίου
982 1773 1028 1828 τοῦ
1043 1767 1158 1844 Κλουδῆ
1175 1765 1278 1844 μοδίων
1291 1765 1327 1843 β’.
1352 1769 1443 1847 ἕτερον
1459 1769 1552 1847 χωροί-

259 1912 317 1970 ρισν
347 1891 450 1950 άνωθεν
481 1894 527 1951 τοῦ
549 1887 742 1970 Ξυλοκεράτου
764 1889 881 1966 πλησίον
909 1894 955 1951 τοῦ
978 1891 1131 1966 Κουβαλέα
1153 1889 1247 1966 μοδίου
1262 1887 1313 1964 ς”.
1346 1887 1386 1961 είς
1406 1889 1442 1948 τὰ
1465 1889 1553 1968 Βαρέα

257 2015 288 2074 τδ
305 2014 473 2093 Καλσγηροῦ
495 2012 612 2089 πλησίον
633 2017 679 2073 τοῦ
695 2011 821 2090 Λεωνίδη
846 2013 939 2089 μοδίου
955 2011 991 2074 α’.
1017 2011 1056 2084 είς
1078 2017 1124 2074 τοῦ
1140 2013 1253 2094 Σβσρθνι
1270 2006 1431 2096 [χωράριον]
1446 2012 1492 2072 σὺν
1506 2017 1553 2086 τῆς

259 2133 345 2207 οἰκίας
368 2134 471 2210 μοδίων
484 2134 519 2195 δ’.
544 2139 637 2216 ἕτερον
660 2139 706 2196 τοῦ
728 2136 898 2215 Μαρενθέως
919 2135 1036 2209 πλησίον
1057 2129 1198 2217 χωραρίου
1219 2139 1266 2195 τοῦ
1281 2136 1480 2215 Σπληναράτου
1502 2153 1554 2207 μο-

259 2256 323 2316 δίων
339 2255 375 2330 β’.
400 2259 492 2336 ἕτερον
513 2259 652 2338 χωράριον
673 2261 720 2317 τοῦ
745 2257 903 2335 Λαγκαδίου
925 2258 955 2316 τδ
977 2256 1093 2332 πλησίον
1116 2261 1162 2317 τοῦ
1185 2258 1263 2336 Γαγᾶ
1286 2255 1380 2332 μοδίου
1397 2253 1433 2315 α’.
1464 2257 1553 2336 ἕτερον

257 2375 395 2457 χωράριον
422 2383 476 2438 τῶν
498 2378 679 2457 Βερβεράδων
703 2379 805 2457 άρμάκι
828 2381 885 2439 ἕνα.
916 2381 1043 2459 χωράρια
1064 2378 1098 2438 τά
1121 2379 1150 2438 έν
1173 2383 1206 2460 τῆ
1229 2379 1302 2438 θέσει
1325 2375 1373 2437 καί
1397 2376 1490 2459 ἐνσρίᾳ
1511 2381 1554 2436 τοῦ

257 2499 389 2570 Λίνλῶνος
410 2498 495 2578 ἤγουν
517 2503 564 2559 τοῦ
587 2498 664 2577 ἁγίου
685 2498 799 2578 Ἀνδρέα
821 2499 855 2560 τὰ
879 2500 1030 2580 ἔμπροσθεν
1052 2503 1099 2560 τοῦ
1122 2499 1202 2560 αὺτοῦ
1223 2503 1288 2559 ναοῦ
1310 2497 1357 2560 καί
1379 2498 1414 2558 τά
1436 2497 1553 2576 ὄπισθεν,

257 2621 308 2680 ὅσα
335 2620 382 2680 καί
410 2612 454 2680 οίά
482 2618 557 2698 εἰσιν,
589 2619 691 2694 μοδίων
705 2618 744 2697 γ’.
776 2623 868 2700 ἕτερον
895 2622 925 2681 τδ
948 2623 1072 2682 κάτωθεν
1094 2625 1141 2682 τοῦ
1163 2621 1241 2700 άγίου
1263 2620 1405 2680 Νικολάου
1427 2621 1458 2679 τδ
1480 2620 1554 2693 πλη-

258 2741 313 2801 σίον
340 2745 386 2800 τοῦ
410 2740 551 2820 Πηγαδίου
579 2740 681 2816 μοδίων
697 2739 734 2816 β’,
766 2744 846 2820 ἕτερα
868 2744 995 2823 χωράρια
1018 2749 1067 2818 τῆς
1089 2742 1229 2820 Μεγάλης
1252 2743 1359 2821 Πέτρας
1383 2740 1485 2816 μοδίων
1502 2739 1552 2814 ιβ’,

259 2859 385 2939 ἀμπέλια
414 2868 464 2938 τῆς
486 2861 676 2937 Πενταμοδίας
705 2862 739 2921 τὰ
767 2861 885 2938 πλησίον
914 2861 962 2924 καὶ
992 2865 1121 2941 σίινεγγυς
1148 2863 1284 2940 άμπελίου
1313 2867 1360 2924 τοῦ
1386 2862 1554 2924 Μαδαλενοῦ

259 2984 353 3061 μοδίου
370 2982 406 3046 α’.
436 2985 527 3064 ἕτερον
555 2983 660 3059 ἀμπέλι
682 2985 712 3042 τδ
735 2985 858 3044 κάτωθεν
888 2989 933 3045 τοῦ
958 2985 1131 3066 Περιστιοίνσυ
1153 2987 1184 3046 τδ
1207 2987 1290 3061 μέσον
1312 2985 1440 3062 κείμενον
1464 2993 1554 3066 άμπε-

257 3106 318 3168 λίου
341 3110 386 3166 τοῦ
402 3105 517 3182 Κλουδῆ
532 3104 580 3165 καὶ
601 3109 647 3165 τοῦ
663 3106 836 3186 Περιστιάνου
860 3106 955 3182 μοδίου
968 3107 1004 3168 α’.
1028 3108 1134 3184 ἀμπέλι
1149 3109 1180 3168 τδ
1195 3109 1368 3184 καλοθμονον
1384 3116 1434 3186 τῆς
1451 3113 1553 3191 Λυγίας

257 3221 305 3289 καί
332 3228 395 3288 αλτδ
421 3227 548 3303 κείμενον
576 3223 682 3313 [μέσον]
706 3224 871 3313 άμπελί[ου]
898 3234 943 3289 τοῦ
966 3229 1082 3305 Κλονδῆ
1108 3227 1155 3289 καί
1180 3233 1227 3290 τοῦ
1250 3230 1426 3310 Περιστιάνου
1456 3233 1554 3308 μοδίων

258 3347 284 3407 α’
297 3347 348 3422 ς”.
381 3349 485 3424 ἀμπέλι
512 3351 542 3408 τδ
565 3350 736 3424 καλούμενον
764 3358 809 3409 τοῦ
832 3351 993 3429 Χαρακστοῦ
1015 3352 1046 3410 τδ
1067 3349 1182 3426 πλησίον
1205 3351 1344 3432 χωραρίον
1366 3358 1412 3414 τοῦ
1435 3355 1554 3435 Περιβο-

257 3469 379 3530 λισιάνου
409 3468 456 3530 καί
486 3471 590 3545 άμπέλι
618 3474 663 3530 τοῦ
686 3470 829 3549 Σβοριίινου
857 3471 902 3530 σὺν
924 3476 969 3530 τοῦ
993 3471 1126 3551 άρμακίσυ
1149 3471 1251 3548 μοδίων
1266 3471 1304 3552 γ’.
1336 3475 1427 3555 ἕτερον
1452 3476 1555 3552 άμπέλι

257 3594 303 3652 τοῦ
319 3591 485 3670 Βαδαράγου
507 3593 538 3651 τδ
560 3590 675 3668 πλησίον
699 3591 834 3668 άμπελίου
850 3597 895 3652 τοῦ
911 3595 1066 3672 Χρυσάνθου
1083 3593 1177 3670 μοδίου
1189 3594 1226 3657 α’.
1251 3595 1386 3670 άμπέλιον
1402 3602 1449 3657 τοῦ
1464 3599 1553 3679 Βαρυ-

257 3713 328 3788 πὸδη
350 3715 381 3772 τδ
403 3713 519 3788 πλησίον
541 3713 681 3792 χωραρίου
703 3719 749 3774 τοῦ
773 3715 997 3795 Περιβολισιάνσυ
1021 3715 1121 3791 μοδίων
1138 3715 1164 3774 α’
1177 3714 1228 3790 ς”.
1253 3715 1359 3792 ἀμπέλι
1380 3721 1430 3793 τῆς
1447 3719 1554 3799 Ὀρνιάς

258 3833 360 3911 μοδίων
376 3833 411 3914 δ’,
434 3835 466 3895 τδ
487 3834 603 3912 πλησίον
626 3836 731 3910 άμπέλι
752 3840 798 3895 τοῦ
814 3836 985 3912 Γοστιλίιβων
1008 3837 1039 3895 τδ
1060 3837 1177 3912 πλησίον
1200 3836 1336 3912 άμπελίου
1356 3843 1401 3899 τοῦ
1418 3839 1554 3901 Λεωνίδου

258 3955 353 4032 μοδίου
369 3956 406 4018 α’.
437 3957 543 4032 άμπέλι
570 3962 614 4016 τοῦ
639 3958 845 4036 ’Λσκανθαρέως
874 3959 902 4016 τδ
929 3957 1045 4033 πλησίον
1069 3958 1205 4034 άμπελίου
1227 3963 1272 4018 τοῦ
1297 3960 1430 4036 Λεωνίδη.
1465 3963 1554 4042 ἕτερον

256 4083 302 4140 τοῦ
318 4079 449 4160 Βορβέως
470 4079 501 4138 τδ
523 4079 638 4154 πλησίον
657 4061 797 4160 χωράρίου
811 4085 857 4141 τοῦ
872 4079 988 4156 Κλουδῆ
1004 4081 1107 4156 μοδίων
1123 4079 1149 4140 α’
1161 4080 1213 4155 ς”.
1239 4081 1343 4156 ἀμπέλι
1358 4087 1407 4158 τῆς
1422 4083 1555 4162 Λεχαλῆς

257 4201 374 4274 πλησίον
397 4201 533 4277 άμπελίου
555 4206 601 4262 τοῦ
616 4201 769 4276 Κουβαλέα
791 4201 838 4262 καὶ
860 4207 906 4262 τοῦ
923 4203 1048 4263 Ιίαλαιοῦ
1071 4201 1173 4278 μοδίων
1189 4203 1225 4264 δ’.
1249 4200 1354 4278 ἀμπέλι
1374 4209 1424 4278 τῆς
1441 4204 1555 4274 Ἐλαίας

256 4320 372 4396 πλησίον
396 4318 532 4398 άμπελίου
555 4328 600 4383 τοῦ
616 4324 743 4398 Λεωνίδη
767 4323 861 4398 μοδίου
884 4323 920 4382 α’.
946 4324 1050 4398 ἀμπέλι
1073 4326 1103 4384 τ“σ
1125 4324 1242 4401 πλησίον
1257 4330 1304 4384 τοῦ
1319 4325 1397 4404 ἁγίου
1411 4325 1555 4407 Τρύφωνος

256 4441 304 4502 καί
325 4443 442 4519 πλησίον
464 4448 509 4504 τοῦ
532 4444 672 4504 Λεωνίδου
695 4444 790 4520 μοδίου
807 4443 843 4504 α’.
867 4444 971 4520 άμπέλι
993 4446 1024 4504 τδ
1047 4445 1201 4524 λεγόμενον
1223 4451 1269 4507 τοῦ
1289 4447 1363 4526 Βαρίυ
1385 4448 1416 4506 τ“ο
1437 4447 1554 4522 πλησίον

256 4569 302 4624 τοῦ
325 4561 443 4636 Μεταξά
470 4564 572 4641 μοίδων
588 4565 625 4644 γ’.
657 4566 762 4642 ἀμπέλι
788 4569 834 4625 τοῦ
857 4565 1026 4646 Βοίδοράγου
1054 4567 1084 4626 τδ
1106 4567 1221 4642 πλησίον
1245 4567 1382 4644 άμπελίου
1404 4573 1453 4645 τῆς
1476 4569 1555 4648 ἁγίας

258 4687 383 4768 Μαρίνας
412 4687 507 4762 μοδίου
524 4687 560 4746 α’.
593 4684 699 4764 άμπέλι
727 4691 758 4747 τδ
787 4687 959 4764 καλούμενον
982 4689 1176 4770 Καραίίοστάσι
1205 4689 1322 4766 πλησίον
1349 4689 1487 4766 άμπελίου
1509 4698 1555 4766 της
