3166 5298
1285 365 1389 430 95·

51 564 109 634 κὲως
129 561 303 639 διακειμένης
325 561 476 638 σεβασμίοις
499 567 586 638 μονῆς
607 564 654 621 τοῦ
676 559 764 635 τιμίου
785 563 921 640 προφήτου
936 560 1098 642 Προδρόμου
1116 559 1163 622 καὶ
1178 561 1329 622 Βαπιιστοῦ

52 683 85 743 ἐπὶ
104 689 164 744 πᾶσι
184 687 243 758 τοῖς
264 685 465 764 κατεχομένοις
486 682 562 763 παρὰ
583 687 632 760 τῆς
651 667 779 758 ’τοιαύτης
795 687 881 761 μονῆς
895 685 978 764 μέχρι
993 687 1040 744 τοῦ
1054 687 1109 762 νῦν,
1133 685 1327 760 διεμηνίιοαντο

50 805 87 864 καὶ
112 805 150 878 είς
174 807 225 881 τὴν
252 805 397 880 βασιλείαν
420 825 471 882 μου
498 805 569 881 μετὰ
590 806 637 864 τοῦ
663 805 821 878 τιμιωτάτου
843 805 1050 884 καθηγουμένου
1073 809 1122 881 τῆς
1144 805 1174 866 ἐν
1196 804 1235 886 τῷ
1258 808 1328 886 ἁγίῳ

51 927 95 1004 δρει
114 925 150 1006 τῷ
172 925 249 1008 Ἄθῳ
273 927 448 1002 διακειμένης
469 927 622 1002 σεβασμίας
644 931 730 1003 μονῆς
751 931 802 1002 τῆς
824 923 863 997 είς
885 925 972 1002 ὄνομα
993 929 1150 1004 τιμωμένης
1171 933 1221 1005 τῆς
1243 928 1327 1007 ὑπερ-

50 1047 117 1126 σγίας
130 1047 270 1110 Θεατόκου
291 1048 339 1110 καί
355 1050 579 1126 ἐπικεκλημένης
593 1052 640 1108 τοῦ
654 1047 854 1128 Χελανταρίου,
876 1047 1059 1129 ἱερομονάχου
1073 1055 1155 1130 κυροῦ
1169 1050 1328 1134 Γερβασίου,

49 1173 83 1229 ’.ύα
108 1173 220 1250 γένηται
247 1172 341 1232 τούτου
369 1174 451 1251 χάριν
480 1169 527 1231 καί
553 1169 761 1250 χρυσόβουλλον
790 1175 840 1246 τῆς
862 1169 1004 1258 βασιλείας
1032 1191 1084 1247 μου
1112 1171 1156 1232 ἐπὶ
1181 1177 1246 1232 πᾶσι
1271 1175 1329 1244 τοῖς

50 1296 243 1372 κατεχομένοις,
267 1295 307 1365 ὡς
329 1292 496 1368 δεδήλωται,
517 1291 592 1372 παρὰ
613 1297 663 1367 τῆς
683 1291 808 1366 τοιαύτης
830 1297 916 1368 μονῆς
932 1292 977 1353 διὰ
992 1292 1182 1370 δικαιωμάτων
1197 1293 1329 1375 διαφόρων

50 1417 118 1494 μέχρι
138 1418 186 1474 τοῦ
207 1418 253 1474 νῦν
276 1415 329 1476 ἀπό
350 1411 538 1494 προσενέξεως
559 1411 607 1472 καί
631 1409 662 1485 ἐξ
685 1413 835 1494 ἀγορασίας
855 1415 1043 1494 περιελθοῦσιν
1067 1417 1143 1498 αὐτῇ,
1174 1417 1251 1476 ἅτινα
1272 1415 1329 1492 καί,

49 1537 80 1606 ῦς
101 1536 228 1616 ἀνέφερον
257 1535 283 1595 οἱ
312 1533 429 1614 μοναχοί
452 1535 545 1615 αὐιῆς,
568 1533 619 1595 είσί
640 1539 737 1596 ταῦτα·
771 1533 894 1616 δγρίδιον
921 1537 952 1597 τδ
975 1538 1155 1613 Μονόοτιητον
1177 1539 1331 1618 λεγόμενον

49 1657 107 1731 μετὰ
125 1663 174 1734 τῆς
197 1663 285 1734 νομῆς
307 1656 355 1718 καί
376 1663 509 1738 περιοχῆς
531 1655 646 1718 καὶτῶν
662 1653 774 1718 δικαίων
791 1658 883 1718 αὑτοῦ·
908 1659 1104 1738 ζευγηλατείον
1120 1658 1160 1732 είς
1173 1662 1222 1734 την
1237 1681 1330 1741 παρα-

49 1778 144 1854 λιμνίαν
158 1784 206 1839 τοῦ
220 1783 345 1856 ποταμοῦ
359 1783 405 1840 τοῦ
416 1781 580 1860 Στρυμόνος,
596 1779 627 1838 τδ
642 1782 689 1839 τοῦ
702 1780 890 1859 Ἐσφαγμένου
905 1779 1069 1862 λεγόμενον,
1087 1782 1156 1856 μετὰ
1170 1789 1224 1841 τῶν
1240 1783 1331 1842 ἐκεῖσε

50 1900 164 1982 βιόορίων
187 1901 236 1962 καί
252 1901 392 1962 οίιλακύον
407 1899 454 1962 καί
470 1903 631 1963 ἁλιευτικῶν
646 1899 802 1962 σανδαλίων
816 1900 863 1962 καί
878 1901 983 1962 λοιπῶν
999 1901 1111 1964 δικαίων
1128 1905 1219 1963 αδτοῦ·
1245 1904 1330 1978 μονό-

48 2020 108 2100 δριον
130 2024 221 2083 ἐκεῖσε
247 2018 432 2107 [διακείμενον
455 2020 550 2110 καὶ]1)
574 2022 613 2095 είς
636 2024 723 2100 δνομα
744 2020 898 2100 τιμώμενον
920 2031 970 2102 τῆς
993 2025 1074 2104 ἁγίας
1097 2028 1231 2107 μάριυρος
1253 2027 1330 2106 Βαρ-

50 2143 123 2224 βύρας
137 2145 210 2221 μετὰ
223 2151 275 2221 τῆς
288 2151 376 2223 νομῆς
390 2136 438 2208 καί
459 2152 593 2227 περιοχῆς
616 2148 708 2207 αῦτοῦ·
732 2149 861 2225 μετόχιον
884 2145 924 2218 είς
945 2146 994 2221 τῆν
1009 2145 1167 2224 Ζελίχοβαν
1190 2145 1231 2219 εἰς’
1244 2147 1332 2222 δνομα

48 2267 186 2341 πμῦμενον
214 2270 263 2327 τοῦ
290 2267 379 2344 τιμίου
402 2268 636 2349 Ἀρχιοτρατῆγου
662 2273 716 2328 τῶν
740 2265 813 2328 Ἀνω
836 2268 985 2343 Δυνάμεων
1012 2268 1083 2344 μετὰ
1104 2273 1158 2328 τῶν
1179 2272 1331 2350 προσόντων

49 2386 107 2466 αἰιῳ
127 2389 209 2470 τριῶν
230 2389 433 2470 ῦδρομυλιόνων
454 2387 502 2450 καί
523 2394 570 2450 τοῦ
593 2390 684 2450 ἐκεῖσε
706 2393 772 2450 ναοῦ
793 2393 840 2449 τοῦ
857 2387 895 2460 εἰς
918 2389 1005 2465 ὄνομα
1024 2392 1179 2466 τιμωμένου
1194 2395 1240 2451 τοῦ
1255 2391 1333 2470 οίγίου

48 2510 284 2592 μεγαλομάρτυρος
299 2510 450 2592 Γεωργίου·
476 2509 515 2584 είς
533 2513 565 2572 τδ
579 2512 681 2592 χωρίον
696 2511 963 2592 Τακραβασμοῦντον
978 2517 1015 2591 γῆ
1032 2512 1134 2588 μοδίων
1151 2513 1333 2573 ἑπτακοσίων·

48 2626 171 2706 οἰκήματα
186 2632 392 2714 έργαστηριακδι
407 2631 469 2714 τρία
484 2633 560 2706 έντδς
574 2639 623 2710 τῆς
638 2633 749 2704 πόλεως
765 2631 889 2714 Σερριῖιν·
906 2635 987 2714 έτερα
1003 2633 1049 2693 δύο
1065 2632 1204 2710 οἰκήματα
1217 2633 1333 2709 πλησίον

47 2757 87 2824 τῆς
103 2753 206 2832 πόρπας
220 2758 268 2814 τοῦ
283 2755 378 2834 φόρου·
400 2752 540 2815 οἶκοτόπια
561 2754 677 2832 πλησίον
698 2759 745 2816 τοῦ
761 2755 931 2832 Συναδηνοῦ·
956 2753 1158 2840 μαγκυπικδνέ)
1175 2755 1279 2832 οίκημα
1294 2755 1334 2830 εἰς

47 2872 86 2946 τἠν
111 2875 247 2952 γειτονίαν
277 2875 327 2950 τῆν
353 2875 512 2956 λεγομένην
539 2880 586 2937 τοῦ
608 2875 686 2956 οίγίου
709 2875 867 2938 Βαοιλείου·
906 2879 997 2957 ἕτερον
1021 2876 1125 2952 οἴκημα
1146 2876 1263 2952 πλησίον
1285 2881 1334 2952 τῆς

48 2992 166 3071 Βούτζης·
192 2999 288 3075 ἕτερον
308 2995 412 3074 οἴκημα
425 2997 543 3073 πλησίον
558 3002 604 3060 τοῦ
620 2999 845 3079 Ἱερομνήμονος·
870 2999 964 3073 μύλων
980 2998 1149 3078 διόφθαλμος
1163 2999 1334 3078 όλοκαιρινδς

49 3111 80 3186 εἰς
99 3119 142 3176 τόν
165 3117 348 3198 διερχόμενον
368 3120 493 3195 ποταμόν
515 3119 633 3196 πλησίον
655 3124 701 3180 τοῦ
724 3117 850 3199 μεγάλου
864 3121 979 3200 πύργου·
1002 3121 1085 3195 ῆμιου
1100 3120 1193 3198 ἑτέρου
1208 3119 1333 3195 μύλωνος

51 3235 138 3298 δωδεν
154 3239 236 3300 οἰυτοῦ
252 3239 452 3319 εὑρισκομένου,
469 3241 507 3312 ῦς
521 3243 568 3300 τοῦ
583 3241 675 3321 ἑτέρου
690 3241 812 3317 ἡμίσεως
827 3241 906 3300 αῦτοῦ
920 3243 1110 3318 κατεχομένου
1121 3239 1170 3300 ύπδ
1181 3243 1227 3300 τοῦ
1239 3240 1333 3319 Πραν-

49 3357 133 3434 τουλῆ·
164 3363 262 3442 ἕτερος
288 3363 382 3436 μύλων
409 3362 577 3442 διόρδαλμυς
603 3360 650 3422 καὶ
679 3363 758 3434 αῦτδς
779 3361 895 3438 πλησίον
917 3365 964 3422 τοῦ
985 3367 1051 3422 ναοῦ
1072 3365 1126 3421 τιῦν
1149 3360 1233 3439 ἁγίων
1257 3360 1334 3422 Θεο-

50 3477 144 3558 δῦρων·
160 3485 258 3562 ἕτερος
273 3483 367 3559 μύλων
384 3483 553 3564 διόρδοιλμος
567 3483 615 3544 καὶ
630 3486 709 3557 αῦτδς
722 3485 841 3560 πλησίον
855 3487 902 3544 τοῦ
916 3483 1113 3566 παραπορτίου·
1131 3485 1224 3564 ἕτερος
1239 3484 1334 3559 μύλων

51 3603 232 3680 μονόφθαλμος
254 3604 372 3680 πλησίον
394 3609 440 3666 τοῦ
456 3605 713 3687 Σταυροικοπούλου·
738 3605 863 3682 ἀμπέλια
885 3605 915 3665 ἐν
938 3605 1073 3687 διαηόροις
1093 3609 1187 3678 τόποις
1204 3606 1336 3686 σύνεγγυς

50 3723 86 3778 τοῦ
103 3725 220 3806 κέστραν
243 3724 310 3786 ὡσεί
332 3724 435 3802 μοδίων
457 3725 543 3790 εἴκοσι
565 3731 718 3808 τεσσάρων·
753 3730 845 3808 ἕτερον
868 3728 1005 3804 ἀμπέλιον
1026 3729 1143 3804 πλησίον
1164 3734 1211 3789 τοῦ
1233 3728 1335 3808 Γερον-

50 3840 109 3919 τίτζη
129 3853 181 3922 τῆς
204 3847 314 3928 Πέτρας
336 3847 439 3924 μοδίων
462 3845 506 3922 ἕξ·
531 3851 624 3930 ἕτερον
646 3849 782 3926 ἀμπέλιον
804 3849 921 3928 πλησίον
942 3859 989 3911 τοῦ
1010 3855 1076 3912 ναοῦ
1098 3857 1147 3928 τῆς
1170 3850 1250 3930 ἁγίας
1266 3851 1334 3910 Μα-

54 3959 115 4041 ρίιης
135 3967 241 4043 μοδίων
265 3966 304 4042 έξ.
328 3976 366 4048 γῆ
389 3969 442 4030 διπδ
463 3967 652 4050 προσενέξεως
671 3969 718 4032 καὶ
733 3971 882 4052 ἀγορασίας
897 3970 936 4045 εἰς
950 3975 996 4033 τδν
1010 3976 1093 4033 τόπον
1106 3974 1151 4032 τόν
1166 3969 1336 4056 Μεριχίανί)

52 4083 151 4161 τλτρίον
172 4095 230 4149 τῶν
253 4089 451 4164 Κουβουκλίων
474 4092 576 4168 μοδίων
598 4091 741 4154 διακοσίων
765 4091 912 4170 ἑξήκοντα·
937 4094 1018 4173 ἑτέρα
1039 4100 1076 4172 γῆ
1101 4091 1140 4165 εἰς
1161 4093 1210 4168 την
1225 4093 1335 4153 Κόσναν

51 4204 150 4282 πλησίον
172 4215 225 4286 τῆς
248 4216 302 4290 γῆς
323 4215 370 4272 τοῦ
385 4212 533 4294 Πελαργοῦ
555 4213 602 4274 καί
624 4218 670 4274 τοῦ
692 4213 859 4290 δημοοιακοῦ
879 4216 989 4296 ουνόρου
1004 4215 1050 4274 σῦν
1065 4219 1099 4296 τῆ
1115 4220 1152 4297 γῆ
1171 4221 1205 4297 πῆ
1221 4214 1274 4274 δπδ
1289 4221 1336 4274 τοῦ

52 4323 130 4408 ἳυηέσ
150 4331 258 4407 μοδίων
281 4333 380 4394 ἑκατόν
401 4336 583 4412 πεντήκοντα·
607 4335 689 4416 ἑτέρα
710 4341 747 4415 γῆ
767 4335 884 4413 πλησίον
903 4341 949 4396 τοῦ
964 4335 1089 4417 Τριβόλη
1105 4335 1208 4412 μοδίων
1224 4337 1335 4396 ἑκατόν·

54 4445 119 4528 ἑτέρα
143 4459 180 4533 γῆ
210 4451 432 4536 ίδιοπεριόριοτος
459 4456 575 4534 πλησίον
603 4463 653 4536 τῆς
678 4462 732 4536 γῆς
758 4461 812 4518 τιῦν
838 4457 1035 4533 Κουβουνλίων
1062 4457 1109 4519 καί
1136 4463 1185 4534 τῆς
1211 4463 1265 4538 γῆς
1290 4461 1337 4517 τοῦ

56 4603 246 4619 M

143 4711 260 4779 ¹)ht'2'm
278 4711 312 4774 είς
331 4707 408 4782 ὄνομα
425 4713 575 4784 καλούμενον
594 4716 621 4769 S.
692 4716 714 4781 ί)
733 4715 868 4784 μαγκύπιον
886 4715 911 4767 S.
984 4717 1005 4784 ³)
1025 4715 1142 4785 Μεριλίαν
1160 4715 1223 4784 dipl.
1243 4715 1290 4766 1v.
