3222 5284
1320 351 1384 416 369

76 549 112 609 δὲ
138 551 281 632 χρήσεσθε
301 557 395 630 πᾶσαι,
428 549 495 630 φημί
518 549 552 625 δὴ
575 551 593 625 ἡ
616 551 767 629 ἡγουμένη,
797 550 1082 630 ἡὲκκλησιάρχισσα,
1110 549 1138 608 αἰ
1158 549 1322 630 προύχουσαι
1344 545 1383 627 τῷ

73 675 176 753 γρόνιρ
198 672 247 734 καί
267 679 302 756 τῇ
325 674 407 756 ἀρετῇ
430 673 478 734 καί
499 678 534 756 τῇ
556 678 602 734 τοῦ
625 672 685 748 βίου
706 667 866 755 περιφανείφι
886 671 934 732 καί
955 671 984 732 αἰ
1006 673 1106 734 τούτων
1128 672 1200 732 κατὰ
1219 677 1302 733 τοῦτα
1317 671 1382 732 λει-

72 795 216 870 πάμεναι·
249 797 334 869 μόνας
356 796 411 876 γάρ
435 795 543 868 ἐκείνας
565 796 746 876 θεραπευτέον
769 793 810 874 ἐφ’
821 795 905 855 ἅπασι
926 792 974 854 καί
995 795 1230 874 χειραγωγητέον,
1262 794 1323 854 θσαι
1346 793 1381 868 δὴ

72 915 127 976 καὶ
153 922 299 998 προφανεῖς
322 917 474 1000 ἀρρωστίας
495 913 661 998 περίκεινται
682 917 729 978 καί
752 917 797 978 διὰ
819 922 896 978 τοῦτο
920 916 1026 978 δέονται
1041 920 1123 996 τυχδν
1138 917 1290 998 κρείττονος
1305 918 1380 998 βρώ-

74 1035 159 1111 σεὼς
180 1061 208 1100 τε
231 1039 278 1100 καί
305 1043 414 1124 πύσεως
436 1043 504 1122 πρδς
525 1041 650 1102 σύστασιν
671 1044 717 1101 τοῦ
739 1041 914 1120 ταλαιπώρου
947 1041 1033 1100 αἰτῶν
1056 1043 1197 1116 σώματος·
1228 1044 1305 1100 τοῦτο
1327 1040 1380 1120 γάρ

73 1161 126 1220 καί
156 1161 326 1242 διακρίσεως,
357 1157 445 1245 οἶμαι,
475 1160 522 1222 καί
543 1163 592 1237 τὴν
614 1161 764 1239 συνείδησιν
786 1167 840 1222 τών
869 1162 974 1223 λοιπῶν
1005 1161 1127 1243 διατηρεῖ
1155 1161 1379 1222 άσκανδάλιστον.

188 1284 266 1362 Κεφ.
282 1281 337 1356 νζ’.
360 1281 441 1364 Περὶ
464 1287 519 1344 τοῦ
540 1283 779 1364 παραβάλλειν
802 1281 914 1364 ἰατρδν
938 1283 971 1343 έν
994 1290 1031 1366 τῇ
1055 1289 1138 1366 μονῇ
1160 1282 1216 1344 καί
1231 1283 1305 1366 περὶ
1321 1291 1380 1360 τῆς

73 1410 144 1463 τῶν
176 1403 418 1488 ἀσθενουσώνί)
449 1405 616 1486 προνοίας.
662 1406 826 1484 Ἀναγκαῖον
856 1405 888 1466 δέ
917 1405 1026 1488 ἐστιιῇ
1058 1411 1127 1488 μονῇ
1149 1407 1229 1483 ήμῶν
1253 1405 1380 1482 ἐνδημεῖν

73 1526 126 1585 καί
163 1547 222 1586 τινα
249 1525 339 1608 ἰατρδν
370 1527 415 1588 διὰ
437 1527 486 1602 τἠν
515 1533 568 1587 τῶν
599 1527 768 1588 άοθενουσῶν
799 1526 927 1607 ἀδελφῶν
958 1528 1120 1603 ἐπιμέλειαν
1151 1525 1199 1588 καί
1228 1527 1379 1608 ἐπίσκεψιν,

75 1649 211 1726 εῦνοίἰχον
233 1651 252 1722 ἢ
274 1651 399 1730 γηραιὸν,
428 1647 649 1730 παραβάλλοντα
670 1655 704 1730 τῇ
728 1655 798 1731 μονή
821 1647 868 1709 καί
891 1649 1121 1726 ἐπισκεπτόμενον
1144 1650 1193 1721 τὰς
1215 1650 1381 1722 άσθενούσας

74 1769 126 1828 καί
159 1770 329 1847 κατάλληλα
359 1773 416 1843 τοῖς
444 1773 577 1846 νοσήμασι
606 1771 640 1830 τίι
669 1777 719 1846 τῆς
748 1769 895 1850 θεραπείας
917 1769 1081 1852 εἰσφέροντα.
1128 1771 1171 1832 δεῖ
1193 1771 1224 1831 δὲ
1245 1774 1379 1832 ποιεῖσθαι

74 1889 126 1952 καί
160 1893 242 1968 αἰπήν
270 1895 320 1968 τήν
347 1894 558 1972 καθηγουμένην
585 1894 633 1968 τἠν
655 1899 710 1952 τῶν
732 1893 879 1973 ἀρρώστων
903 1893 1064 1968 ἐπιμέλειαν
1088 1895 1139 1972 ούχ
1161 1894 1268 1968 ἁπλῶς,
1301 1889 1380 1954 ἀλλὰ

74 2013 154 2073 κατὰ
181 2016 212 2074 σθ
242 2015 393 2094 ἀναγκαῖον
421 2013 469 2075 καί
499 2015 682 2093 ἐνδεχόμενον
712 2015 742 2074 ἐν
771 2021 804 2097 τῇ
833 2014 933 2095 βρώσει
955 2013 1002 2074 καί
1024 2017 1102 2075 πόσει
1124 2014 1171 2075 καί
1193 2018 1250 2087 τοῖς
1272 2017 1379 2088 λοιποῖς

75 2135 255 2216 χρειώδεσιν,
286 2136 411 2217 ἀφορίσαι
443 2136 479 2196 δὲ’
503 2136 619 2197 κελλίον
650 2134 750 2206 ἰδιάζον
781 2134 825 2197 ἐπί
852 2143 884 2218 ιή
908 2137 1057 2196 ἀναπαύσει
1080 2140 1166 2197 αὐτῶν
1189 2136 1236 2197 καὶ
1260 2136 1379 2218 ἰατρείας

76 2257 250 2338 ἐξωνεῖσθαι,
281 2261 326 2318 ὅτε
356 2259 452 2340 καιρδς
482 2258 646 2337 ἐπιτήδειος,
676 2257 724 2318 καὶ
750 2261 962 2330 κατασκευάζειν
988 2256 1035 2318 καί
1059 2259 1231 2320 ἀποτίθεσθαι
1255 2259 1283 2318 ἐν
1307 2257 1379 2336 αύτῷ

75 2377 127 2438 καὶ
143 2381 232 2438 πάντα
246 2379 281 2439 τδι
295 2381 489 2442 λυσιτελοῦντα
504 2383 564 2452 ταῖς
578 2380 754 2456 καμνούσαις.
785 2378 833 2439 καί
856 2379 883 2439 αἱ
906 2378 1025 2460 ἀδελφαί
1048 2379 1079 2439 δὲ
1101 2383 1181 2456 ήμών
1204 2379 1231 2440 αἰ
1248 2381 1378 2462 ἄρρωστοι

72 2502 115 2576 μὴ
146 2502 231 2582 τούτῳ
252 2503 443 2582 τεθαρρηκυῖαι
467 2503 641 2562 ἐκλυέτωσαν
664 2501 763 2573 ἑαυτὰς
786 2502 911 2578 ζητοῦσατ
933 2504 1044 2582 περιττά
1067 2501 1196 2562 τινακαὶ
1219 2503 1289 2583 άπερ
1312 2501 1377 2574 ἴσως

73 2623 136 2682 οὐδ’
153 2621 194 2696 είς
224 2621 311 2700 οἰκσήν
339 2645 406 2686 ποτε
437 2622 577 2704 ἐδέξαντο,
608 2626 647 2700 μή
677 2624 702 2684 τί
730 2645 765 2701 γε
796 2619 870 2684 είδον
899 2627 917 2698 ή
946 2624 1057 2704 ἔφαγον,
1088 2622 1166 2683 ἀλλὰ
1189 2627 1377 2703 συνεχέτωσαν

74 2745 178 2815 έοωτίις
193 2744 240 2806 καί
260 2747 489 2808 συστελλὲτωσοιν
513 2742 679 2827 ἀρκούμενοι
702 2746 817 2818 ἐκείνοις
839 2743 887 2806 καί
910 2747 1011 2824 μόνοις,
1035 2740 1075 2818 οῖς
1098 2731 1152 2824 ἄρα
1173 2746 1191 2820 ή
1214 2751 1260 2806 τοῦ
1282 2750 1377 2826 καιροῦ

72 2867 124 2926 καί
146 2874 196 2944 τής
219 2870 347 2950 εἰπορίας
369 2869 500 2950 περιφορὰ
521 2869 621 2941 ταύτας
644 2865 785 2941 δεξιοῦται.

182 2991 261 3070 Κεφ.
278 2989 335 3067 νη’.
361 2989 440 3071 Περὶ
462 2991 611 3071 λουτροῦ.
644 2991 748 3052 Λοιπὸν
772 2990 796 3049 δ’
810 2992 842 3048 δν
866 2987 908 3066 εῖη
931 2986 1061 3069 καὶπερὶ
1084 2988 1198 3070 λουτροῦ
1221 2989 1372 3064 διαλαβεῖν.

72 3111 230 3186 κελεύομεν
260 3110 306 3172 οὖν
337 3113 464 3172 λούεσθαι
493 3113 543 3184 τὰς
572 3112 743 3191 ύγιαινούσας
770 3111 939 3187 μοναζούσας
961 3111 1023 3170 καθ’
1040 3112 1154 3170 ἕκαστον
1178 3117 1262 3191 μῆνα,
1293 3111 1375 3171 αἰδὲ

71 3238 212 3314 νοσοῦσαι,
242 3234 337 3305 ὁσάκις
365 3234 399 3294 ἂν
426 3235 440 3292 θ
466 3240 517 3310 τῆς
538 3236 619 3294 νάσου
642 3232 805 3312 διαγνώμων
829 3231 920 3312 ἰατρδς
942 3235 1075 3312 συμφέρον
1099 3233 1229 3312 ὑπάρχειν
1252 3232 1321 3293 είττοι
1343 3235 1374 3293 εδ

71 3355 237 3434 λούσασθαι,
260 3356 333 3426 ὅστις
355 3353 402 3415 καί
423 3354 486 3437 περί
507 3361 556 3431 τῆς
578 3355 762 3430 καταλλήλου
784 3359 835 3430 τῆς
857 3355 936 3414 νάσου
958 3353 1078 3428 λαλήσει
1100 3359 1208 3434 τροφῆς.

181 3477 257 3556 Κεφ.
288 3474 343 3536 νθ’.
379 3476 460 3558 Περὶ
489 3483 547 3554 τῆς
576 3477 661 3537 κατὰ
691 3476 749 3552 τὴν
779 3475 937 3553 κοίμησιν
967 3481 1026 3552 τῆς
1056 3477 1215 3536 θεοτάκου
1246 3477 1372 3557 ἑορτῆς.

72 3599 123 3658 Ἐν
139 3599 207 3680 αύτῄ
226 3601 320 3681 πρώτη
340 3605 374 3681 τῇ
396 3601 522 3675 κοιμήσει
544 3604 594 3674 τῆς
616 3598 852 3679 Κεχαριτωμένης
876 3596 1019 3674 δεσποίνης
1040 3599 1120 3675 ήμών
1143 3598 1271 3658 θεοτύκσυ
1294 3597 1373 3679 αἰρο-

72 3723 166 3796 μένων
195 3728 249 3780 τών
279 3723 421 3802 κρατήρων
451 3723 649 3802 κρεμάσθωσαν
678 3720 784 3802 άργυρὰ
811 3719 1013 3796 πολυκάνδηλα
1040 3719 1074 3779 τὰ
1095 3713 1253 3800 πολυφώτια
1274 3719 1321 3780 καὶ
1346 3721 1374 3782 αἰ

72 3840 191 3924 ἀργυραί
213 3843 435 3924 χυτροκανδῆλαι
449 3843 497 3904 καί
512 3844 538 3906 οῖ
553 3842 663 3925 άργυροί
679 3847 815 3923 κρατῆρες
830 3841 878 3902 καί
894 3842 988 3902 ἐλαίου
1012 3842 1082 3918 μετὰ
1100 3841 1198 3914 ύδατος
1221 3842 1373 3922 ἀρτυθμενα

71 3967 250 4026 άτττέοθωσαν
265 3968 362 4026 πάντα.
394 3965 478 4047 κηρία
497 3966 529 4026 δὲ
548 3965 744 4044 πηγνύοθωσαν
768 3963 838 4039 μετὰ
861 3963 1042 4044 βαμβακηροῦ
1065 3967 1188 4039 νήματος
1210 3965 1239 4024 ἔν
1261 3985 1292 4024 τε
1314 3967 1373 4037 ταῖς

70 4086 194 4163 λάμναις
225 4095 278 4148 τῶν
308 4089 439 4164 τέμπλων
469 4087 517 4148 καί
538 4094 591 4148 τῶν
611 4088 818 4168 προσκυνήσεων
840 4085 875 4144 τὰ
896 4085 1053 4166 πληροῦντα
1077 4086 1169 4164 αὐτάς,
1199 4087 1318 4162 οταθμδν
1340 4083 1372 4158 ἓξ

72 4210 193 4289 οίιγγιῶν
213 4211 327 4270 ἕκαστον
351 4197 478 4290 ἕλκοντα,
502 4210 530 4269 ἐν
552 4208 584 4268 δέ
606 4211 662 4280 τοῖς
683 4209 735 4290 πρδ
757 4212 806 4282 τῆς
827 4207 1009 4287 προκειμένης
1032 4204 1072 4278 εἰς
1093 4208 1269 4286 προσκύνησιν
1291 4207 1372 4285 ἁγίας

71 4329 180 4403 εἰκόνος
208 4339 257 4408 τῆς
284 4333 413 4393 θεοτύκου
436 4331 589 4408 ἱσταμένοις
617 4327 836 4409 δωδεκαφωτίσις
859 4327 1035 4404 μανουαλίσις
1064 4329 1174 4409 λιτραῖα
1197 4329 1266 4404 μετὰ
1295 4329 1371 4404 βαμ-

72 4454 197 4534 βακηροῦ
224 4447 356 4530 νήματος.
400 4453 439 4528 εἰς
466 4454 496 4514 δὲ
519 4454 567 4530 τήν
592 4452 742 4528 ἐκκλησίαν
765 4451 932 4510 ἰστάσθωσοιν
958 4449 1001 4508 ἐπὶ
1025 4449 1199 4525 μανουαλίων
1223 4451 1371 4526 λαμπάδες

182 4715 200 4780 ¹)
218 4712 381 4766 ἀσθενούντων
400 4715 441 4780 (L,
459 4712 492 4766 ίσ.
512 4711 666 4764 άσθενουσῶν
684 4711 720 4762 Μ.
741 4711 769 4760 in
787 4724 869 4774 marg.
