3246 5288
1334 323 1400 388 405

64 517 190 594 μήριον
223 519 417 599 ἐναργέστερον
440 522 487 577 τοῦ
508 515 593 600 πρᾴου
615 517 662 578 καὶ
685 523 811 578 ταπεινοῦ
833 525 866 600 τῇ
889 518 1002 600 καρδίᾳ;
1030 523 1048 592 ἢ
1072 519 1158 594 δῆλον
1182 517 1226 577 ἐπὶ
1248 517 1287 598 τῷ
1310 520 1399 600 φέρειν

64 642 180 697 πᾶσαν
208 639 300 717 θλίψιν
328 639 461 718 γενναίως
483 638 530 699 καὶ
553 639 641 718 ἑαυτῷ
664 641 694 700 έν
716 640 797 700 παντὶ
820 640 1025 718 ἐπιμέμφεσθαι.
1071 641 1203 700 τοσούτων
1227 641 1280 720 ἀρα
1302 641 1398 700 καλῶν

66 757 160 818 αἰτία
188 763 209 836 ἡ
232 761 342 838 ἀληθὴς
364 763 532 838 καθέστηκεν
556 759 740 842 έξαγόρευσις,
764 757 799 837 ἧς
819 763 883 822 ἀνευ
899 761 949 823 οὑκ
964 758 1041 838 οἶμαί
1056 783 1115 822 τινα
1138 762 1274 842 σωτηρίας
1295 765 1396 840 τυχεῖν.

65 883 122 940 τὀν
153 884 248 944 τοίνυν
272 887 321 945 οὑκ
351 882 551 964 ἐξαγορεύοντα
580 885 761 961 ἀκοινώνητον
793 879 862 944 εἶναι
885 885 938 944 ἀπό
965 884 1057 966 κυρίου
1086 885 1150 944 θεοῦ
1179 887 1397 964 παντοκράτορος

69 1003 295 1086 ἐντελλόμεθα,
320 1009 373 1079 ἕως
396 1010 429 1065 ἀν
453 1007 547 1066 ἑαυτοῦ
568 1007 719 1086 γενόμενος
742 1005 788 1066 καὶ
811 1010 857 1066 τοῦ
879 1007 1033 1086 κρείττονος
1055 1007 1143 1066 πάντα
1164 1005 1198 1066 τὰ
1221 1006 1344 1087 οραλεροί
1366 1027 1397 1066 τε

67 1123 127 1184 καὶ
169 1100 309 1206 βλαβερά
332 1123 566 1206 ἐξομολογήσαιτο
590 1130 783 1203 μελετήματα.
830 1126 888 1187 ἔδει
911 1127 962 1202 μὲν
985 1123 1030 1187 οὑν
1053 1130 1145 1186 τοῦτον
1168 1125 1214 1186 καὶ
1237 1132 1287 1200 τῆς
1310 1133 1397 1204 μονῆς

70 1243 206 1318 ἐξωθεῖν
229 1247 277 1307 καί
300 1241 355 1308 οἷόν
378 1269 403 1308 τι
426 1251 547 1324 σεσηπδς
577 1249 740 1308 ἀποκόπτειν
763 1249 852 1325 μέλος
874 1247 921 1309 καὶ
943 1251 1035 1329 ῶσπερ
1057 1269 1081 1308 τι
1103 1251 1210 1327 τραῦμα
1233 1246 1355 1308 δυσίατον
1377 1252 1395 1323 ἢ

70 1367 130 1427 καὶ
158 1370 308 1442 παντελῶς
331 1368 437 1430 ἀνίατον
462 1367 578 1450 ἐξαίρειν
601 1391 631 1429 τε
654 1368 700 1430 καί
723 1369 904 1452 ἀπορρίπτειν.
935 1369 1033 1446 ἀλλ’ἡ
1049 1373 1094 1430 τοῦ
1115 1369 1270 1444 μέλλοντος
1292 1368 1397 1444 ἀδηλία

71 1489 131 1548 καὶ
158 1495 206 1550 τοῦ
237 1489 303 1562 ἴσως
332 1489 400 1550 ποτὲ
431 1493 575 1568 ἐπιγνῶναι
607 1492 686 1551 αὑτόν
716 1489 869 1571 προσδοκία
891 1495 937 1550 τοῦ
966 1492 1085 1550 τοιούτου
1116 1489 1292 1565 βουλήματος
1321 1493 1397 1567 ἡμᾶς

75 1607 265 1690 ἀνεχαίτισεν
275 1613 307 1692 ¹),
337 1611 494 1672 ὑποκεῖσθαι
525 1615 616 1688 μέντοι
647 1613 726 1672 αὑτόν
749 1619 781 1694 τῇ
803 1618 858 1671 τῶν
889 1611 1077 1687 ἀκοινωνήτων
1111 1611 1231 1694 ἐπιτιμία
1253 1610 1300 1671 καὶ
1329 1611 1393 1672 λίαν

77 1733 236 1812 ἐπωρελές
267 1733 344 1816 καίί)
376 1735 591 1809 ἀνυσιμώτατον·
623 1737 699 1794 ποῖον
729 1733 783 1814 γάρ
807 1732 878 1812 αὑτῷ
908 1734 1007 1818 κέρδος
1029 1739 1079 1810 τῆς
1103 1733 1218 1792 ἐνταῦθα
1240 1732 1393 1814 διατριβῆς,

74 1856 106 1914 τί
136 1855 169 1915 δὲ
191 1857 223 1915 τ“ο
247 1855 347 1935 όρελος
371 1855 403 1915 ἐκ
425 1861 471 1916 τοῦ
494 1857 532 1930 μὴ
566 1855 756 1936 ἐξαγορεύειν,
786 1854 848 1934 ούχί
879 1856 990 1931 μᾶλλον
1018 1854 1112 1930 βλάβη
1136 1851 1183 1916 καί
1210 1855 1325 1934 όλεθρος
1346 1853 1393 1915 καί

78 1977 221 2052 διηνεκὴς
244 1981 290 2037 τοῦ
305 1981 391 2036 κακοῦ
414 1978 535 2056 μελέτης
558 1977 605 2038 καί
621 1983 675 2037 πᾶν
691 1981 777 2038 ὁτιοῦν
797 1975 910 2059 ρέρονί)
933 1974 1075 2037 ἀπώλειαν
1090 1983 1123 2058 τῇ
1139 1981 1212 2058 ψυχῇ
1230 1977 1391 2055 ἐπιγίνεται·

78 2099 125 2170 ὡς
149 2099 240 2158 τοίνυν
271 2099 458 2178 ἀρρωστοῦντα
484 2120 542 2158 τινα
565 2102 583 2174 ῆ
606 2103 712 2179 τραῦμα
743 2099 852 2179 ἔχοντα,
883 2099 1034 2178 κρύσττοντοί
1056 2119 1087 2158 τε
1118 2101 1201 2158 ταῦτα
1223 2099 1269 2158 τὀν
1300 2097 1391 2178 ίατρὺν

80 2221 222 2280 ἀδύνατον
246 2220 407 2280 ἐπανελθεῖν
431 2223 498 2300 πρός
520 2221 623 2300 ὑγείαν,
648 2222 717 2282 οὑτω
741 2221 775 2296 δὴ
799 2221 910 2296 μᾶλλον
933 2219 980 2280 καὶ
1001 2219 1102 2299 πολλῷ
1125 2215 1323 2302 χαλεπώτερον
1342 2222 1392 2296 τὴν

79 2348 135 2417 ’.ἧς
167 2347 258 2419 ψυχῆς
289 2340 381 2422 ὑγείαν
411 2341 548 2420 λήψεσθαί
569 2364 634 2404 ποτε
657 2343 703 2403 τόν
727 2343 765 2418 μὴ
798 2341 1007 2422 ἐξαγορεύοντα.
1053 2341 1099 2402 καί
1129 2343 1221 2402 τούτου
1252 2344 1391 2423 μάρτυςό

81 2466 162 2534 θεῖος
186 2463 333 2536 Βαοίλειος
356 2465 425 2524 οὑτω
447 2484 507 2536 πως
529 2465 636 2544 λέγων·
661 2465 737 2545 ,χρὴ
760 2467 805 2524 τόν
828 2466 1053 2544 ὑποταττόμενον,
1079 2463 1158 2540 εἴγε
1182 2464 1285 2539 μέλλοι
1302 2465 1391 2543 ἀρμό·

81 2589 186 2656 ζουσαν
210 2587 350 2664 προκοπὴν
375 2583 561 2658 ἐπιδείξασθαι
584 2585 630 2646 καί
656 2584 694 2658 είς
717 2583 773 2658 ἕξιν
795 2587 921 2664 γενέσθαι
944 2591 994 2662 τῆς
1009 2585 1081 2646 κατὰ
1102 2587 1265 2666 πρόσταγμα
1279 2591 1328 2660 τῆς
1343 2591 1390 2645 τοῦ

82 2708 180 2788 κυρίου
204 2711 287 2789 ζωῆς,
316 2708 402 2783 μηδὲν
425 2709 567 2786 ρυλοίττειν
591 2709 743 2790 ἀπόκρυφον
766 2709 866 2783 κίνυμα
888 2713 937 2782 τῆς
959 2712 1059 2786 ψυχῆς,
1090 2707 1168 2767 ἀλλά
1190 2707 1280 2786 γυμνὰ
1302 2710 1390 2767 πάντα

81 2835 219 2909 παριστσῖν
241 2831 275 2888 τὰ
297 2837 347 2906 τῆς
377 2830 492 2910 καρδίας
514 2829 553 2908 τῷ
574 2837 723 2910 προεστῶτι
751 2832 875 2890 αὑτοῦ“.-
906 2831 975 2890 οὑτω
998 2835 1063 2908 γοῦν
1084 2833 1232 2908 ποιοῦντες,
1264 2825 1389 2909 ἀδελφοί,

83 2955 115 3011 οῦ
145 2954 306 3026 μόνοντῶν
329 2949 437 3011 οἰκείων
469 2953 635 3031 σραλμότων
659 2952 893 3032 ἀπολυτρσύμεθα,
925 2949 1071 3011 ἀλλὰκαὶ
1095 2949 1134 3022 εἰς
1156 2951 1187 3010 τδ
1210 2947 1276 3026 ἑξῆς
1299 2949 1388 3029 όσρα-
1452 2969 1457 2986 ·

83 3075 219 3153 λέστερον
243 3047 469 3147 διατεθησόμεθα.
515 3073 577 3152 φησὶ
600 3073 654 3153 γὰρ
677 3075 691 3131 ό
714 3079 764 3150 τῆς
786 3071 952 3148 Κλίμακος·
977 3072 1139 3152 ,μώλωπες
1161 3069 1390 3150 θριαμβευόμενοι

83 3197 115 3254 οὑ
138 3197 320 3274 προκόψουσιν
344 3194 387 3254 ἐπὶ
410 3198 440 3254 τό
462 3196 588 3276 χεῖρονόί.
633 3193 680 3254 καὶ
703 3193 793 3266 αὖθις·
826 3194 921 3274 ,ψυχὴ
947 3191 1120 3273 ἐξαγόρευσιν
1145 3192 1319 3271 ἑννοουμὲνη,
1350 3195 1389 3262 ὡς

83 3319 135 3376 ύπδ
159 3315 307 3398 χαλινοῦί)
331 3317 374 3376 ὑπ’
391 3317 474 3392 αὑτῆς
496 3317 645 3395 κατέχεται
670 3317 707 3392 μὴ
732 3314 960 3395 ἐξαμαρτάνεινίί.
1006 3314 1091 3385 οὑτως
1114 3315 1184 3392 ἄγαν
1208 3313 1346 3393 ὠφέλιμος
1368 3317 1386 3388 ἠ

83 3444 140 3497 τῶν
164 3437 241 3498 ἰδίων
265 3440 432 3517 σραλμοίτων
455 3441 613 3519 φανέρωσις.
658 3439 756 3498 λοιπόν
778 3439 910 3518 πρόθυμοι
932 3437 1077 3516 προθύμως
1101 3432 1144 3495 ἐπὶ
1166 3435 1265 3508 ταύτην
1287 3437 1388 3506 πάντες

83 3563 240 3640 τρέχωμεν.
286 3561 335 3635 τὴν
359 3562 410 3636 μὲν
433 3559 478 3620 οῦν
500 3561 624 3636 τοιαύτην
649 3559 822 3639 ἐξαγόρευσιν
846 3559 914 3618 οὑτω
938 3558 1136 3632 διαταττόμεθα
1158 3557 1290 3635 γίνεσθαι,
1315 3554 1387 3634 αὑτῷ

83 3704 113 3741 τε
138 3683 267 3757 δηλονότι
289 3681 329 3761 τῷ
350 3689 499 3762 προεστῶτι
520 3681 567 3742 καὶ
590 3685 646 3754 τοῖς
669 3684 743 3754 όσοις
767 3680 839 3760 αὑτῷ
863 3680 1015 3755 ἐπιτήδειον
1036 3681 1105 3760 πρδς
1126 3681 1157 3739 τό
1181 3678 1309 3756 δέχεσθαι
1332 3677 1386 3737 λο-

84 3805 198 3882 γισμούς
230 3803 344 3876 δόξοιεν.
390 3806 438 3880 τὴν
463 3805 493 3864 δέ
515 3825 550 3884 γε
587 3800 695 3883 πρῶτον
725 3801 772 3862 καὶ
803 3804 932 3882 μεγάλην
964 3799 1174 3880 ἐξομολόγησιν,
1205 3803 1238 3875 ἣν
1262 3800 1315 3880 ἀρα
1338 3800 1387 3874 τὴν

84 3927 220 4001 κοσμικὴν
236 3927 462 4002 ἀποβαλλόμενοι
478 3927 559 4006 τρίχα
582 3923 755 4006 ἐξαγορεὺευ
779 3924 936 4004 όρείλομεν,
959 3922 997 4004 τῷ
1019 3928 1167 4004 προεστῶτι
1192 3923 1267 4001 μόνῳ
1282 3919 1329 3981 καί
1346 3924 1385 3996 μή

85 4071 133 4109 τινι
157 4049 239 4127 ἀλλῳ
263 4049 419 4129 ἀναθετέον,
441 4048 476 4108 ἵν’
490 4049 543 4130 ἔχῃ
551 4045 577 4130 ⁵)
601 4051 705 4118 ποίντας
722 4046 801 4119 αὑτός
825 4045 926 4106 εἰδέναι
941 4045 988 4105 καὶ
1005 4043 1145 4124 ἁρμοδίως
1161 4045 1268 4123 ἑκάστῳ
1283 4064 1386 4124 κεραν-

84 4174 153 4231 νύειν
176 4170 211 4230 τὰ
234 4172 374 4250 φάρμακα.
418 4168 440 4229 εἰ
465 4169 495 4228 δέ
518 4189 551 4247 γε
575 4168 702 4243 βούλοιτο
726 4169 740 4227 ό
761 4165 932 4248 προεστὼςθ)
956 4166 1003 4226 καί
1024 4187 1076 4226 τισι
1098 4172 1151 4226 τῶν
1176 4165 1384 4245 εῦλαβεστέρων

85 4294 178 4374 ἱερέων
195 4292 220 4352 σί
235 4293 283 4367 τὴν
306 4293 441 4367 κοσμικὴν
464 4293 653 4368 ἀποτιθέμενοι
667 4291 749 4370 τρίχα
762 4291 823 4362 τούς
846 4289 995 4369 λογισμούς
1016 4291 1103 4349 αὑτῶν
1112 4287 1135 4370 ⁷)
1152 4288 1383 4367 ρανερούσθωοαν.

189 4581 207 4645 ¹)
231 4575 372 4646 οἷνεχέτησεν
395 4578 425 4628 Ε.
498 4577 518 4642 ²)
542 4573 576 4635 ὡς
599 4577 629 4626 Ε.
701 4577 722 4641 ³)
748 4575 827 4642 φέρων
849 4575 880 4625 Ε,
953 4573 974 4641 ⁴)
998 4572 1106 4644 χαληνοῦ
1129 4574 1160 4624 Ε.
1198 4592 1201 4596 ·
1233 4574 1253 4640 ⁵)
1276 4569 1327 4642 ἔχω
1343 4532 1382 4622 ⁸E.

85 4675 104 4742 Γι)
122 4667 238 4743 προεστὸς
257 4674 290 4724 Ε.
311 4667 315 4676 '
363 4673 383 4738 ⁷)
403 4669 482 4730 αὑτοῖς
501 4672 533 4723 Ε.
