3208 5310
1302 363 1342 426 71

69 556 137 632 εὑρεῖν
151 555 262 614 θιάσισίν
277 575 338 614 τινα
354 554 407 614 ἀπὸ
422 557 514 614 κανεῑν
537 556 627 634 μέγαν
650 555 748 616 δοῦλόν
772 575 834 636 μου,
858 553 915 616 οὐδ’
927 556 980 615 άπά
995 577 1054 616 τινα
1071 559 1208 636 ἕτεροντὸ
1224 557 1346 618 καθόλου

67 677 116 750 ἦτε
130 675 237 754 οἱονσῦν,
261 673 308 736 καὶ
325 675 409 752 οὓτως
426 675 528 755 θιορίζη
543 677 574 736 τέ
598 697 627 736 σε
643 678 660 752 ἡ
678 677 800 736 αθθεντέα
825 697 876 753 μου
898 679 944 737 τὀν
967 677 1158 758 εὑρισκόμενον
1181 683 1345 740 καπετάνιον

65 799 193 878 Ζακύνθου,
225 797 271 858 τὀν
295 797 374 877 μισὲρ
398 798 582 878 Φραγγέοκον
605 797 733 878 Δαριάνο,
763 797 810 858 καὶ
831 799 877 859 τον
903 801 1119 882 πρεκουροιτόρον
1143 821 1205 882 μου,
1228 801 1344 877 Ἰωάννη

66 921 88 979 δὲ
106 921 193 1001 Τράνι,
225 919 259 978 νά
288 921 394 995 κάμετε
421 919 455 978 νά
477 919 660 998 παραδὼθωσι
684 917 723 990 εἰς
744 921 790 980 τὀν
814 921 893 980 αὺτθν
914 922 1021 1001 πατέρα
1052 942 1107 997 μοις
1128 923 1174 982 τόν
1199 921 1344 984 ἐπίσκοτον

64 1041 100 1101 καὶ
120 1039 155 1114 εἰς
175 1041 205 1102 τὸ
229 1043 313 1122 μέρος
336 1063 381 1102 του
405 1039 450 1100 διὰ
471 1042 520 1116 την
545 1041 693 1117 ἑπισκοπην
716 1061 761 1102 του
786 1043 839 1103 όλα
862 1041 896 1102 τὰ
919 1041 1099 1124 ἀντειρημένα
1121 1045 1257 1125 κτήματα,
1281 1047 1344 1106 ὅθεν

65 1163 209 1242 ε’νρίσκοντοι
224 1164 323 1240 κινητὰ
337 1163 384 1224 καὶ
400 1163 524 1243 ἀκίνητα,
539 1164 697 1244 ποιεομένα,
720 1165 884 1244 χαρισμένα,
909 1163 1134 1246 ἐνοχειρασμέια,
1157 1167 1344 1248 παραπλακο-

63 1287 120 1360 μένα
132 1285 175 1346 καὶ
190 1287 252 1362 ἤτοι
268 1287 349 1366 έτεροι
365 1284 456 1346 εἴποι.
476 1334 482 1347 .
501 1334 507 1347 .
525 1287 564 1358 ὡς
587 1283 720 1357 εἰθίζεται.
751 1284 799 1346 καὶ
823 1286 894 1360 ἐσεῑς
916 1283 963 1346 καὶ
984 1289 1084 1358 πάντες
1107 1288 1132 1347 οἰ
1154 1288 1343 1368 όρρικιαλλέοι

63 1430 106 1482 μσς
126 1409 243 1488 μεγάλοι
258 1407 305 1468 καὶ
329 1405 419 1488 μικροὶ
435 1407 460 1468 οἱ
474 1409 542 1489 προς
561 1408 591 1468 τό
613 1413 707 1487 νεαρῶν
729 1405 776 1468 καὶ
799 1407 825 1468 οἱ
847 1409 982 1484 μέλοντες
1005 1409 1090 1482 οὓτως
1111 1409 1146 1468 νά
1167 1413 1275 1492 τηρεῖτε
1297 1409 1344 1472 καὶ

62 1525 88 1588 νά
114 1533 242 1610 στέργητε
274 1526 364 1615 [αὐτὰ]
397 1531 513 1590 πάντοτε
544 1529 640 1610 στερεά
671 1528 718 1590 καὶ
750 1530 963 1612 άπαρασάλευτα
994 1529 1080 1610 χωρίς
1107 1551 1179 1605 τινος
1201 1533 1345 1609 ἀναβολῆς

62 1651 98 1710 καὶ
122 1653 247 1732 λείψεως.
293 1651 341 1712 καὶ
364 1651 409 1712 διά
430 1653 460 1712 τό
488 1651 664 1732 βεβαιότερον
687 1651 833 1731 ὑπεγράρει
856 1653 975 1718 κάτοθεν-
994 1649 1149 1733 ἰδιοχείρως
1172 1659 1221 1730 τῆς
1244 1655 1342 1713 αὐθεν-

62 1774 122 1846 τείος
142 1821 148 1834 .
166 1821 196 1836 ..
221 1775 392 1855 μητρόπολις
413 1779 462 1850 τῆς
489 1773 609 1853 νησείας,
640 1772 688 1834 καὶ
712 1769 794 1834 ἐδώθι
817 1772 856 1844 εἰς
879 1774 927 1850 τὴν
950 1772 1097 1854 εἰρημένην
1122 1775 1271 1851 ἐπισκοπὴν
1294 1781 1343 1852 τῆς

63 1898 180 1958 Ζακύνθου
206 1895 254 1958 καὶ
282 1895 322 1970 εἰς
344 1898 390 1956 τὀν
414 1895 621 1976 θεοριλέστατον
645 1897 800 1976 ἐπίσκοπον,
823 1897 869 1956 τὀν
893 1895 971 1976 μισὲρ
993 1896 1149 1973 Ντζουάννη
1174 1893 1341 1982 [Ἀντώνιον.

66 2014 147 2104 ἐντῷ]
169 2021 277 2099 κάστρῳ
300 2040 357 2094 μοις
380 2017 491 2098 Ἀγίας
514 2018 651 2098 Μαύρας
675 2017 898 2099 σεπτεμβρίου
920 2015 960 2098 λ’,
984 2015 1033 2079 ἰνδ.
1050 2017 1078 2098 γ’
1102 2014 1195 2103 ,αυξθ’.

501 2181 698 2236 Leonardus
720 2183 885 2252 despoluu.

815 2312 941 2362 Dameam
959 2313 1076 2378 ἄστροισιν
1094 2313 1228 2364 mundavit
1244 2315 1309 2363 mila·

819 2398 920 2464 Aloyst'o
939 2399 1054 2450 Ronumo
1071 2416 1179 2450 νιιαυναεο
1197 2408 1221 2450 αι
1239 2400 1301 2450 vidi.

153 2547 224 2618 Οιάρ.
242 2547 329 2602 chart.
348 2547 376 2600 ίιι
399 2545 536 2600 tabulario
558 2547 730 2616 episcopatus
752 2546 833 2600 όαόίνιὶ
856 2545 998 2615 Zacynthi.

367 2797 424 2864 vl.
448 2796 674 2882 ωιτν-τινι,
701 2797 749 2862 15.
766 2798 852 2878 maii,
876 2797 942 2862 ind.
959 2795 1017 2862 εν.

65 2965 166 3036 Ιλωροια
178 2967 264 3021 Areae
278 2965 438 3020 [κοινωνείτω
450 2965 508 3019 ΙΙΙ.
528 2965 611 3018 Tocco
627 2965 698 3018 iubet
713 2965 790 3017 tradi
803 2965 927 3036 episeopo
943 2963 1081 3033 Zacynthi
1094 2963 1217 3018 ιῙυόνωνιιιί
1227 2963 1342 3018 Antonio

571 3069 657 3122 locum
670 3065 814 3139 'quenda-m.

149 3239 317 3314 Δεσπότης
340 3244 398 3314 τῆς
420 3233 541 3316 Ἄρκης
562 3233 620 3295 καὶ
642 3241 704 3296 τῶν
728 3234 814 3312 ἑξῆς.

151 3358 244 3420 Οἰκεῑε
259 3358 329 3420 κατὰ
344 3361 433 3419 πάντα
447 3355 495 3418 καὶ
513 3357 678 3434 ἠγαπημένε
692 3362 742 3433 τῆς
765 3355 905 3427 αθθεντίας
928 3376 979 3432 μου
1004 3350 1095 3440 [λίζιε]
1106 3354 1130 3438 ¹)
1152 3354 1341 3435 κουβερνάτωρ

67 3480 101 3538 καὶ
125 3482 240 3542 άντίτυπὲ
264 3502 316 3558 μου
340 3481 482 3560 Ἰοκίνθσυ,
512 3479 657 3550 Ντζοανὲλ
680 3475 711 3539 δὲ
734 3478 919 3555 Βηντεμέλια.
965 3476 1035 3538 κατὰ
1057 3475 1110 3536 τῶν
1135 3473 1343 3558 ἐξεκαθάρσεων

68 3609 107 3660 τῶν
125 3607 263 3684 γερόντων,
291 3605 357 3663 ὀποῦ
381 3602 500 3682 ἐγίνετον
524 3599 559 3677 μὲ
582 3603 672 3681 όρκον,
703 3601 775 3660 κατά
796 3605 855 3672 πῶς
879 3619 929 3676 μου
954 3595 1057 3672 ἔδειξεν
1081 3599 1145 3674 μίαν
1167 3599 1274 3678 γραρὴν
1296 3603 1343 3658 τοῦ

69 3722 182 3804 Γεωργίου
197 3725 396 3802 Παλαιολόγου
411 3726 426 3782 ό
441 3723 512 3784 κατὰ
526 3723 616 3804 κόριον
632 3723 851 3804 θεοφιλέστατος,
868 3723 1009 3802 ἀγαπητός
1025 3742 1076 3795 μου
1091 3723 1190 3800 πατήρ,
1212 3722 1343 3796 αθθέντης

70 3844 201 3928 έτθκυπος,
225 3849 240 3906 ό
260 3848 339 3927 μισὲρ
354 3846 460 3918 Τζουὰν
477 3845 628 3925 Ἀντώνιος,
652 3844 697 3906 διὰ
712 3845 803 3924 τόπον,
827 3845 892 3904 όποῦ
909 3843 1014 3922 εἴχασιν
1031 3842 1166 3912 διάσταζιν
1187 3841 1343 3920 λεγόμενον

70 3964 108 4025 inb
132 3969 176 4044 τἠν
199 3967 296 4048 Πηγην
327 3963 361 4027 νὰ
390 3968 481 4050 ὑπάγῃ
511 3967 572 4038 τοὺς
595 3963 698 4042 Ἄμους
728 3964 775 4026 καὶ
803 3964 842 4037 εἰς
864 3968 895 4026 το
918 3962 1065 4044 Ξενοράτω
1088 3966 1216 4045 χωράρια
1238 3963 1285 4023 καὶ
1308 3963 1343 4022 νά

70 4109 141 4173 νττγη
160 4093 189 4152 τθ
204 4089 394 4170 Μαυρίβουνον
409 4087 457 4149 καὶ
475 4089 509 4148 νά
533 4088 603 4172 ἔλθῃ
626 4087 665 4160 εἰς
686 4089 734 4163 τὴν
751 4086 867 4166 Βίγλιαν
890 4091 937 4147 τοῦ
960 4086 1037 4164 άγίου
1054 4087 1181 4146 Ἰωάννου
1203 4089 1249 4145 τοῦ
1273 4086 1341 4160 βου-

69 4215 102 4268 w]
117 4211 157 4271 καὶ
175 4211 214 4285 εἰς
236 4213 285 4287 τὴν
303 4210 518 4290 ΙΙαλαιάβιγλαν
541 4207 588 4270 καὶ
612 4208 651 4280 εἰς
673 4211 733 4280 ταῖς
749 4208 783 4268 Ψ
785 4209 857 4280 ιλαῖς
879 4208 913 4267 νά
936 4206 1089 4291 άκουμβίσῃ
1113 4205 1153 4279 εἰς
1175 4206 1223 4281 τὴν
1242 4207 1341 4284 ΙΙιγην,

69 4329 176 4408 όριῖωμεν
205 4333 277 4394 κατὰ
305 4334 350 4392 τόν
381 4334 462 4412 όρνον
485 4329 531 4391 καὶ
555 4327 731 4410 ἐξεκάθαρσιν
754 4336 807 4389 τῶν
830 4331 975 4410 γερόντων,
1007 4331 1074 4389 όποϋ
1097 4325 1202 4400 ἔδειξεν
1226 4327 1270 4387 διὰ
1292 4329 1338 4387 τὀν

69 4451 128 4512 α’ντθν
153 4457 242 4533 τόπον,
273 4456 313 4515 ότι
343 4450 406 4530 ἤναι
434 4455 481 4512 τοῦ
504 4453 714 4532 Καλογεράτου,
745 4454 849 4526 κάμετε
879 4451 913 4508 νά
942 4450 1092 4532 παραθωθῇ
1124 4447 1164 4521 εἰς
1190 4449 1236 4508 τὸν
1261 4448 1340 4508 αἰντθν

151 4715 171 4781 ¹)
188 4716 284 4766 Venio
302 4713 395 4766 italica
413 4713 505 4765 habet:
525 4711 636 4763 fidolo.
