3166 5298
254 351 317 417 120

251 545 290 616 εἰς
319 547 349 606 τδ
380 545 505 618 δηλωθὲν
531 544 650 624 ἀγρίδιον
672 545 806 619 ποσότητα
829 552 881 601 τῶν
904 541 931 602 λ’
956 543 1121 622 όπερπίρων,
1145 539 1191 602 καὶ
1213 537 1389 616 οἰκονόμησον
1412 541 1565 618 κατέχει

250 664 297 727 καὶ
320 665 458 737 δεσπόζειν
482 668 562 742 αθτὴν
587 666 620 740 δὴ
643 667 691 741 τἠν
714 669 851 742 ποσότητα
874 665 919 724 διὰ
933 665 981 740 τὴν
997 665 1141 745 περίληψιν
1156 662 1203 724 καὶ
1217 661 1291 742 ίοχθν
1306 665 1352 722 τοῦ
1368 663 1565 742 έπιχορηγη

252 788 344 859 θέντος
368 789 444 870 αἰτῇ,
468 788 506 858 ὡς
529 786 693 868 δεδήλωται,
716 787 922 867 χρυσσβοθλλου
944 792 993 862 τῆς
1009 785 1151 860 βασιλείας
1171 807 1232 866 μου,
1253 787 1320 866 πρδς
1336 783 1366 844 δὲ
1381 785 1427 843 τδν
1445 783 1566 860 δηλαν

250 911 331 970 θέντα
353 910 448 969 οεπτόν
472 909 596 987 Μαρτῖνα
619 909 799 988 παραδώσεις,
831 908 923 981 καθὼς
946 907 1059 989 είρηται,
1091 908 1143 969 ἀπό
1164 913 1214 984 τῆς
1237 905 1361 987 ῥηθείσας
1384 904 1566 981 οἰκονομίαι

251 1035 296 1092 τοῦ
320 1030 456 1106 Ῥωμαίου
479 1030 584 1090 ἐκείνου
605 1037 655 1106 τῆς
677 1036 730 1090 τῶν
753 1031 888 1110 ῥηθέντων
911 1027 938 1090 λ’
962 1029 1117 1110 θπερπίυρων
1138 1020 1296 1108 ποσότητος,
1327 1029 1388 1089 όθεν
1410 1027 1462 1088 καὶ
1502 1029 1566 1088 ἐπε

251 1152 295 1212 διὰ
318 1153 365 1227 τὴν
386 1154 467 1229 τιμὴν
489 1151 536 1212 καὶ
557 1154 587 1211 τό
610 1152 779 1212 ἀκατόλυτον
802 1155 848 1212 τοῦ
863 1152 1014 1232 προβάντος
1036 1151 1241 1232 χρυσοβοόλλου
1262 1157 1312 1228 τῆς
1331 1150 1487 1221 βασιλείας
1512 1173 1566 1224 μετ

251 1280 284 1356 τῇ
307 1276 415 1358 τοιαύτη
438 1279 507 1356 μονῇ
531 1273 608 1334 οῖιδὲν
633 1275 692 1352 ἔχει
715 1273 834 1348 δυνατόν,
858 1274 901 1334 ἵνα
924 1274 1011 1350 μηδὲν
1033 1275 1086 1356 ἔχῃ
1109 1274 1157 1348 τὴν
1180 1271 1324 1354 εἰρημένην
1345 1274 1499 1348 ποσότητα
1530 1272 1566 1342 εἰς

251 1398 281 1456 τό
305 1395 431 1472 δηλωθὲν
454 1395 584 1476 ἀγρίδιον,
609 1393 631 1455 εἰ
656 1396 694 1471 μὴ
718 1395 794 1456 θέλει
816 1394 862 1454 καί
884 1397 1051 1476 προαιρεῖται
1073 1397 1088 1454 ό
1110 1399 1228 1467 τοιοῦτος
1251 1395 1395 1474 Μαρτῖνος,
1417 1394 1467 1454 ἵνα
1502 1393 1567 1454 ἀντί

251 1519 343 1578 τούτου
374 1515 485 1594 δέξηται
514 1518 562 1591 τἠν
586 1517 713 1598 ῥηθεῖσαν
742 1519 880 1592 ποσότητα
913 1517 964 1576 ἀπό
994 1523 1043 1594 τῆς
1065 1514 1221 1593 οἰκονομίας
1242 1521 1287 1576 τοῦ
1310 1515 1460 1596 Ῥωμαίου,
1504 1515 1567 1590 ἤδη

251 1639 357 1719 καλῶς,
381 1637 404 1698 εἰ
428 1637 453 1698 δ’
466 1635 521 1718 οὖν,
545 1639 576 1697 οὺ
599 1637 650 1714 μέν
673 1638 793 1717 όρείλεις
816 1639 961 1698 ἀποδοῦναι
984 1641 1052 1720 πρός
1073 1639 1121 1714 τὴν
1145 1637 1313 1714 δηλωθεῖοαν
1337 1619 1422 1712 μονὴν
1438 1639 1501 1712 τὴν
1525 1637 1567 1708 εἰς

251 1761 282 1821 τό
305 1759 430 1838 δηλωθέν
452 1755 572 1841 ἀγρίδιον
595 1763 730 1836 ποσότητα
752 1767 805 1819 τῶν
828 1761 855 1820 λ’
873 1761 1038 1841 θπερπόρων,
1062 1762 1099 1832 ὡς
1122 1759 1266 1840 διορίζεται
1287 1758 1468 1836 ἠβαστιλεία
1491 1781 1565 1835 μου.

252 1884 332 1954 αῖιτδς
355 1881 385 1942 δέ
408 1883 423 1942 ό
446 1881 582 1958 δηλωθεῖς
604 1884 701 1954 οεπτός
717 1875 864 1963 Μαρτῖνος,
888 1881 935 1942 ἑόν
958 1883 1027 1942 οίντω
1050 1881 1096 1942 δέν
1119 1882 1188 1964 θέλῃ
1212 1879 1392 1954 ἀναδέξασθαι
1415 1881 1467 1955 τὴν
1494 1902 1564 1942 τοι·

253 2006 341 2080 αθτην
355 2005 500 2080 ποσότητα,
524 2005 625 2080 μέλλει
648 2005 797 2085 παρεῖσθαι
818 2005 929 2080 ταύτην·
953 2008 1030 2064 τοῦτο
1054 2003 1084 2064 δέ
1106 2006 1137 2064 τό
1156 2004 1266 2080 θέλημα
1288 2001 1333 2063 καί
1349 1999 1415 2088 [τόν]
1433 2004 1565 2082 όρισμόν

250 2132 299 2200 τῖρς
327 2125 469 2201 βασιλείας
497 2147 548 2202 μου
575 2125 621 2186 καὶ
644 2117 843 2206 ἀποπλήρωσον
866 2125 1060 2206 όνυπερθέτως,
1092 2128 1154 2187 όσον
1178 2125 1319 2205 διορίζεταί
1340 2145 1380 2185 σοι
1402 2126 1433 2184 τό
1458 2129 1562 2205 πρόσ-

251 2268 353 2326 ταγμα,
384 2249 399 2307 δ
426 2245 472 2308 καί
500 2247 670 2328 ἀντίστρεψον
699 2247 743 2307 ἐπὶ
768 2247 808 2327 τῷ
833 2253 970 2327 προσεῖναι
996 2255 1029 2331 τῇ
1054 2248 1208 2331 δηλωθείση
1237 2255 1305 2330 μονῇ
1333 2247 1377 2308 διὰ
1403 2248 1455 2323 τὴν
1487 2249 1562 2328 περί

252 2371 344 2429 τουτου
368 2367 566 2448 όνενοχλησίαν
589 2371 672 2446 σίντης
693 2369 740 2430 καί
762 2369 912 2450 ἀσφάλειαν
935 2375 959 2446 t.

356 2485 467 2569 ῥίίίχε
482 2490 538 2550 καί
554 2489 747 2573 δι’ἑρυθρῶν
763 2496 967 2582 γραμμάτων
982 2501 1040 2570 τῆς
1056 2495 1233 2570 βασιλικῆς
1248 2493 1301 2554 καί
1317 2492 1409 2564 θείας
1425 2495 1560 2571 χειρός

253 2615 300 2672 τό·
325 2613 491 2692 Στέρανος
514 2612 682 2694 βασιλεὺς,
707 2617 918 2696 αὺτοκραὶτωρ
934 2615 1076 2696 Σερβίας
1098 2615 1152 2676 καί
1170 2615 1363 2693 Ῥωμανίας,
1387 2613 1464 2688 μηνὶ
1488 2615 1558 2673 δε-

253 2734 402 2812 κεμβρίω
426 2733 449 2794 θ’
473 2739 498 2810 †.

357 2864 501 2917 Ιοανιντίιίαυ
517 2864 567 2916 Nr.
589 2865 613 2916 7.

554 3167 665 3234 XXII.
691 3168 766 3233 Sine
789 3192 883 3253 amm,
908 3169 937 3236 8.
961 3173 1079 3236 mensis
1102 3173 1239 3254 augusti.

258 3349 315 3406 ίίσα
331 3349 483 3422 Stephanus
501 3351 598 3405 Βαίου
619 3353 696 3406 tertio
715 3353 809 3406 ιιανιθίό
828 3355 860 3406 de
878 3353 1045 3407 restitutione
1064 3356 1128 3424 αρτῖ
1141 3355 1209 3407 dicti
1223 3353 1379 3423 Monospita
1394 3352 1431 3406 ad
1450 3370 1546 3405 mona-

839 3459 958 3512 sterium.

568 3658 769 3738 Πρόσταγμα
793 3660 840 3732 εἰς
862 3661 919 3736 τὴν
943 3662 1040 3735 αυτὴν
1064 3662 1225 3722 ὑπόθεσιν.

356 3835 371 3906 †
395 3831 568 3912 Συμπένθερε
594 3839 644 3908 τῆς
667 3833 812 3908 βασιλείας
840 3855 900 3914 μου,
930 3836 1152 3915 πρωτοσπαθοίριε
1181 3839 1229 3916 κῦρ
1255 3835 1406 3914 ’λνδρόνικε
1429 3837 1539 3894 Καντα-

253 3953 376 4027 κουζηνέ.
415 3954 429 4010 ό
452 3953 659 4032 θεοφιλέστατος
683 3949 828 4028 ἐπίσκοπος
843 3957 949 4034 Ζιχνῶν
972 3957 1099 4037 ἀνέρερεν
1124 3955 1161 4028 εἰς
1183 3959 1230 4032 τὴν
1254 3957 1394 4032 βασιλείαν
1418 3978 1478 4036 μου,
1502 3958 1539 4025 ὡς

252 4075 270 4149 ἡ
293 4073 496 4134 οἰπακαθιστοῖσα
522 4074 658 4151 σεβασμία
686 4077 755 4152 μονὴ
782 4078 800 4152 ἡ
828 4076 867 4149 εἰς
891 4077 976 4152 όνομα
998 4081 1138 4154 τιμωμένη
1160 4083 1206 4139 τοῦ
1228 4080 1315 4155 τιμίου
1339 4076 1449 4152 ἐνδόξου
1470 4099 1536 4157 προ-

252 4197 335 4275 ρήτου
359 4197 518 4275 Προδρόμου
540 4195 586 4256 καί
607 4199 755 4258 Βαπτιστοῦ
771 4199 897 4258 ’ίωοίννου
919 4197 966 4258 καί
989 4199 1194 4276 ἐπικεκλημένη
1216 4205 1262 4260 τοῦ
1279 4201 1438 4272 Μενοικέως
1462 4202 1535 4278 εὐερ-

252 4319 354 4396 γετηθη
378 4317 422 4377 διὰ
443 4317 650 4398 χρυσοβοόλλου
672 4324 717 4380 τοῦ
740 4320 817 4400 ἁγίου
840 4343 892 4397 μου
915 4323 1040 4381 αὐθέντου
1062 4320 1108 4382 καὶ
1130 4322 1278 4404 βασιλέως,
1301 4327 1347 4383 τοῦ
1369 4326 1476 4384 ποίππου
1491 4327 1535 4396 τῆς

253 4421 399 4514 βασιλείας
420 4459 472 4514 μου
497 4489 503 4501 .
529 4490 535 4502 .
560 4487 568 4502 .
592 4437 645 4526 [τό]
671 4441 732 4522 περὶ
761 4444 842 4517 αῖντὴν
870 4443 917 4518 την
942 4442 1111 4518 δηλωθεῖοαν
1135 4443 1168 4519 δὴ
1194 4445 1278 4523 μονὴν
1302 4444 1423 4526 αἰγρίδιον
1446 4447 1533 4506 Μονό-

253 4579 352 4636 σπητον
380 4561 582 4638 ὀνομαζόμενον
608 4564 679 4623 κατδι
705 4565 754 4639 τὴν
781 4565 918 4641 ποσότητα
947 4566 1103 4646 ίιπερκτίρων
1126 4563 1164 4646 λ’,
1199 4569 1214 4626 δ
1240 4567 1274 4642 δὴ
1304 4569 1463 4644 ἀπεσπάσθη
1487 4569 1532 4647 πρό

251 4683 357 4763 χρόνων
386 4684 460 4764 παρὰ
486 4689 531 4744 τοῦ
559 4685 720 4760 δομεοτίκου
744 4687 762 4744 Γ
765 4683 879 4767 εωργίου
905 4690 951 4747 τοῦ
974 4688 1130 4767 Στρατηγοῦ
1159 4689 1211 4748 ἀπό
1238 4695 1288 4765 τῆς
1316 4689 1469 4766 οἰκονομίας
1493 4692 1532 4748 τοῦ
