3208 5310
228 363 250 424 4

229 555 299 629 ῆτδ
322 552 491 631 δεδογμένον
515 552 566 626 μὲν
590 551 794 630 ἀποφαίνεσθαι,
818 551 863 610 τόν
888 549 918 608 δὲ
942 550 1035 629 κριιῆν
1052 549 1204 625 δεχόμενον
1226 545 1298 606 κατὰ
1319 544 1369 617 τάς
1384 545 1531 620 βασιλικὰς

230 675 377 752 ἀποφάσεις
398 674 520 752 πληροῦν
542 672 589 732 καί
612 665 668 732 οἷον
693 672 857 748 ἑκβιβαστῆν
879 677 933 731 τῶν
955 671 1010 746 ἤδη
1033 670 1202 749 κεκριμένων
1225 666 1357 746 γίνεσθαι·
1375 669 1462 742 μόνης
1476 665 1531 745 γάρ

230 793 391 874 ἐξηρτῆσθαι
420 793 566 870 βασιλικῆς
590 795 749 874 ἀκροάσεως
772 794 804 851 τόι
826 792 897 852 κατὰ
919 793 1019 851 τούτων
1035 791 1176 869 λεγόμενα
1193 790 1352 866 βουλόμεθα
1367 787 1415 848 καί
1431 790 1531 866 ψήφοις

229 918 466 997 οοίτοκρατορικαῖς
482 916 530 987 τὰς
547 914 590 974 ἐπὶ
605 915 654 986 τὰς
670 915 749 986 δίκας
764 914 926 992 καταδίκας,
949 914 1031 988 ἡνίκα
1046 906 1211 998 [γένωνται],
1228 910 1322 982 αῦτοῦς
1338 909 1530 988 ἀποφέρεσθαι·

230 1036 255 1096 εί
278 1038 302 1098 δ’
315 1037 381 1109 ίσως
403 1037 518 1116 ἀγωγὰς
539 1035 614 1096 αῦτοὶ
629 1039 700 1096 κατά
716 1057 740 1096 τι
755 1039 899 1115 γυμνάζειν
916 1035 1031 1116 αίροίντο
1047 1033 1122 1115 παρὰ
1137 1032 1261 1115 δικαστῇ,
1284 1033 1323 1106 μὴ
1339 1030 1531 1112 προσίστασθαι

228 1160 331 1230 τούτοις
361 1161 406 1218 τὀν
428 1161 549 1238 παρόντα
576 1157 784 1237 χρυσόβουλλον
811 1157 907 1237 λόγον,
937 1157 982 1216 ίνα
1005 1158 1043 1233 μὴ
1070 1157 1099 1216 τό
1122 1155 1189 1234 ῦπὲρ
1212 1156 1298 1214 αῦτῶν
1321 1151 1475 1230 εἰσενεχθὲν
1500 1150 1531 1226 ἐξ

229 1281 455 1356 ἀποτελέσματος
478 1281 538 1339 κατ’
549 1279 636 1338 αὐτών
659 1279 790 1360 ἀναφανῇ.
816 1279 857 1338 δίο
873 1274 943 1364 [καί]
958 1277 1179 1358 παρεγγυῶμεθα
1194 1275 1241 1335 καὶ
1256 1278 1360 1346 πάντας
1376 1273 1529 1354 ἐξασφαλι-

229 1403 334 1478 ζόμεθα
357 1403 410 1462 ἀπό
433 1422 463 1460 τε
485 1408 539 1459 τῶν
562 1401 633 1460 κατὰ
655 1401 766 1481 καιροὺς
789 1397 992 1479 σακελλαρίων,
1018 1404 1132 1478 γενικῶν
1155 1395 1202 1457 καί
1220 1401 1417 1478 στρατιωτικῶν
1439 1395 1530 1474 λογο-

229 1525 324 1604 θετῶν,
348 1531 401 1582 τῶν
425 1520 469 1581 έπί
490 1528 540 1597 τῆς
562 1523 701 1602 ἡμετέρας
716 1521 861 1598 σανέλλης
875 1520 922 1581 καὶ
937 1525 983 1580 τοῦ
1000 1519 1160 1598 βεστιαρίου,
1185 1517 1336 1595 οἰκονόμων
1350 1524 1405 1576 τῶν
1420 1519 1529 1595 εῦαγῶν

229 1644 321 1716 οἴκων,
349 1652 402 1706 τῶν
431 1642 551 1704 ἐπὶτῶν
574 1641 719 1703 οἰκειακῶν
741 1641 789 1702 καί
811 1647 865 1702 τῶν
889 1642 991 1722 ἐφόρων
1014 1647 1067 1701 τῶν
1091 1639 1241 1714 βασιλικῶν
1263 1645 1455 1719 κουρατοριῶν,
1486 1637 1528 1698 εί-

230 1769 322 1846 δικῶν,
345 1767 530 1847 γηροτρόφων,
554 1771 607 1824 τῶν
631 1764 675 1824 ἐπὶ
697 1769 742 1826 τοῦ
757 1765 828 1824 θείου
843 1765 922 1840 ἡμῶν
938 1764 1050 1838 ταμείου
1065 1766 1111 1822 τοῦ
1128 1762 1271 1840 Φύλακος,
1294 1765 1466 1842 κουρατόρων
1481 1765 1530 1822 τοῦ

228 1888 303 1949 οἴκου
329 1894 383 1948 τῶν
406 1887 580 1968 Ἐλευθερίου
602 1886 649 1947 καὶ
672 1893 725 1946 τῶν
750 1888 919 1964 Μαγγάνων,
949 1884 1100 1946 οίκιστικῶν
1122 1877 1170 1944 καί
1191 1890 1244 1943 τῶν
1272 1883 1315 1942 ὑπ’
1332 1883 1427 1955 αῦτοθς
1448 1904 1528 1963 πρω-

228 2009 401 2090 τονοταρίων,
431 2011 631 2089 λογαριαστῶν,
659 2003 897 2088 χαρτουλλαρίων,
926 2007 1076 2080 βασιλικῶν
1099 2005 1230 2084 νοταρίων
1253 2003 1301 2064 καί
1322 2003 1464 2086 νοταρίων,
1489 2005 1528 2064 ἔτι

229 2132 261 2192 δὲ
289 2132 458 2208 δομεστίκων
481 2137 534 2191 τῶν
557 2131 679 2209 σχολῶν,
707 2130 822 2208 δουκῶν,
850 2131 1006 2208 κατεπάνῶ,
1029 2133 1188 2208 στρατηγῶν
1210 2125 1332 2186 καὶτῶν
1356 2126 1527 2206 ἀντιπροσω-

226 2255 346 2315 ποῦντων
370 2255 469 2331 αὺτοῖς,
486 2251 651 2334 ταξιαρχῶν,
675 2259 864 2333 τουρμαρχῶν,
888 2256 1046 2332 μεραρχῶν,
1070 2249 1278 2330 χαρτουλαρίων
1294 2251 1340 2308 τοῦ
1356 2247 1457 2328 δρόμου
1480 2246 1528 2306 καί

227 2377 282 2437 τῶν
305 2377 441 2455 θεμάτων,
465 2377 593 2450 κομῆτων
616 2379 664 2451 τῆς
684 2375 794 2454 κόρτης,
818 2371 986 2449 δομεστίκων
1001 2377 1055 2431 τῶν
1071 2372 1206 2449 θεμάτων,
1232 2369 1527 2450 δρουγγαροκομῆτων,

226 2500 485 2578 πρωτοκεντάρχων,
509 2495 745 2576 προελευσιμαίων
761 2493 808 2554 καί
822 2495 928 2554 λοιπῶν
950 2499 1125 2571 ταγματικῶν
1145 2489 1193 2552 καί
1207 2493 1360 2566 θεματικῶν
1376 2490 1526 2571 ἀρχόντων,

226 2623 295 2699 πρός
309 2619 411 2690 τούτοις
435 2617 621 2698 δρουγγαρίων
643 2623 692 2692 τῆς
716 2614 827 2696 βίγλης,
851 2620 949 2696 κριτῶν
970 2615 1118 2675 πολιτικῶν
1138 2612 1184 2673 καὶ
1200 2615 1365 2690 θεματικῶν,
1390 2612 1526 2692 ἐποπτῶν,

227 2745 402 2821 στρατευτῶν,
430 2739 579 2814 βασιλικῶν
602 2733 772 2822 [ἀνθρώπων]
795 2735 835 2808 είς
861 2757 935 2808 τινας
962 2739 1008 2794 τοῦ
1036 2735 1166 2810 δημοσίου
1194 2733 1324 2806 δουλείας
1346 2734 1525 2795 ἀποστελλο·

228 2863 327 2940 μένων,
349 2860 581 2941 πρωτονοταρίων,
605 2859 745 2940 νοταρίων,
766 2858 945 2938 συνωναρίων,
962 2863 1162 2938 τοποτηρητῶν,
1178 2855 1382 2938 παραφυλάκων
1398 2855 1445 2915 καί
1460 2878 1526 2916 παν-

227 2983 274 3054 τός
297 2984 390 3063 ἑτέρου
413 2982 541 3042 δουλείαν
563 2985 610 3040 τοῦ
631 2987 722 3040 κοινοῦ
739 2982 997 3061 μεταχειριζομένου
1016 2984 1062 3040 τοῦ
1078 2979 1185 3054 μηδένα
1199 2984 1252 3037 τῶν
1272 2979 1398 3038 ἁπάντων
1415 2977 1443 3036 ἐν
1458 2977 1527 3057 οίῳ-

229 3105 331 3182 δήποτε
357 3107 448 3182 χρόνῳ
471 3104 534 3162 καθ’
551 3101 703 3178 οίονδῆτινα
733 3104 831 3182 τρόπον
855 3101 898 3161 ἐπ’
911 3100 1005 3172 ἀδείας
1033 3101 1118 3180 ἔχειν,
1150 3103 1219 3175 μήτε
1246 3105 1300 3158 τῶν
1324 3099 1353 3158 ἐν
1376 3099 1527 3178 ὑπεροχαῖς

229 3226 379 3306 ἀρχόντων,
403 3227 474 3300 μήτε
495 3224 634 3284 πολιτικόν
657 3227 675 3298 ῆ
691 3224 838 3299 θεματικδν
854 3221 981 3296 δικαστὴν
997 3222 1145 3282 καθέλκειν
1161 3220 1284 3291 συνόλως
1300 3218 1339 3292 εἰς
1355 3219 1527 3301 δικαστήριον

227 3347 290 3418 τοὶις
321 3346 350 3405 ἐν
381 3351 414 3428 τῇ
449 3345 604 3428 δηλωθείση
635 3351 704 3426 μονῇ
733 3345 869 3424 θεοφιλεῖς
899 3343 1035 3420 μονοστάς
1062 3344 1140 3420 δίκης
1170 3342 1331 3416 οίαςδῆποτε
1361 3343 1442 3422 χάριν
1472 3350 1527 3402 τῶν

229 3469 272 3527 ὑπ’
291 3468 372 3543 αῦτὴν
398 3471 545 3544 κτημάτων
572 3465 620 3526 καὶ
647 3471 700 3526 τῶν
725 3467 754 3526 ἐν
782 3467 880 3539 αῦτοίς·
910 3469 992 3542 μόνον
1019 3465 1073 3544 γὰρ
1102 3465 1133 3524 τό
1155 3465 1292 3524 θειότατον
1314 3462 1361 3523 καὶ
1384 3463 1528 3538 βασιλικόν

230 3589 308 3666 βῆμα
329 3591 389 3661 ταῖς
415 3589 486 3648 κατὰ
512 3589 611 3648 τοῦτων
638 3587 693 3663 ῆδη
723 3587 810 3660 δίκαις
838 3587 944 3666 ἀνέῳγε
971 3585 1018 3646 καί
1046 3581 1068 3666 ᾧ
1091 3589 1124 3644 ἀν
1146 3585 1161 3644 ό
1183 3591 1291 3665 κρατῶν
1315 3585 1385 3660 μετὰ
1405 3585 1455 3660 τῆν
1478 3592 1527 3664 τῆς

230 3711 413 3791 κρατουμένης
443 3711 558 3788 ἀγωγῆς
589 3710 718 3792 ἀκρόασιν
752 3710 902 3788 ἐπιτρέψειε
933 3709 982 3784 τὴν
1012 3709 1155 3786 διάγνωσιν
1184 3709 1203 3782 ῆ
1232 3707 1381 3784 ἐκβίβασιν,
1410 3709 1467 3777 τοῖς
1495 3707 1527 3767 δὲ

228 3832 329 3902 ἀλλοις
352 3833 433 3912 θῦρας
456 3832 589 3907 ἐπέθηκεν
612 3833 629 3908 ῆ
652 3835 698 3891 τοῦ
720 3833 835 3911 κράτους
856 3833 935 3906 ἡμῶν
959 3831 1025 3905 αῦτη
1049 3827 1182 3901 διάταξις·
1206 3831 1262 3899 τοῖς
1283 3827 1314 3888 δέ
1329 3850 1363 3907 γε
1379 3833 1527 3906 μονασταίς

230 3955 409 4030 βουλομένοις
436 3952 498 4014 καθ’
512 3954 612 4034 ἑτέρων
641 3955 725 4012 κινεῖν
752 3954 801 4012 οῦκ
828 3949 995 4032 ἀπείργεται.
1023 3952 1085 4010 όθεν
1113 3952 1151 4022 ὡς
1178 3950 1289 4027 βεβαίου
1318 3949 1366 4010 καὶ
1389 3951 1527 4030 ἀσφαλοῦς

227 4078 408 4154 τυγχάνοντος
430 4080 476 4136 τοῦ
499 4077 632 4156 παρόντος
654 4077 733 4150 ἡμῶν
758 4073 885 4148 εὐσεβοῦς
904 4072 1113 4152 χρυσοβοῦλλου
1127 4072 1215 4150 λόγου
1229 4074 1417 4152 γεγενημένου
1440 4073 1527 4132 κατὰ

227 4199 280 4256 τόν
304 4194 428 4256 ίοῦνιον
452 4203 542 4272 μῆνα
563 4201 622 4272 τῆς
645 4191 870 4277 δωδεκάτηςί)
888 4192 1095 4266 ίνδικτιῶνσς
1111 4194 1144 4253 ἐν
1161 4193 1226 4254 έτει
1243 4191 1526 4274 ἑξακισχιλιοστῷ

226 4315 495 4395 πεντακοσιοστῷ
522 4315 736 4394 πεντηκοστῷ
762 4315 869 4396 τρίτῳ,
899 4318 929 4375 τό
956 4316 1091 4396 ῆμέτερον
1114 4315 1226 4389 εῦσεβὲς
1249 4314 1295 4375 καὶ
1317 4315 1524 4396 θεοπρόβλητον

228 4441 258 4499 έν
281 4439 353 4520 αῦτῷ
375 4439 567 4516 θπεσημῆνατο
590 4441 690 4520 κράτος
712 4444 738 4515 †.

300 4607 434 4615 -——.

334 4699 353 4762 ¹)
373 4699 482 4764 corrige
501 4695 705 4764 τρισκαιδεκέτης.
