3194 5298
268 339 330 402 144

266 535 477 612 χορηγουμένων
504 533 643 607 δικασταῖς
669 538 687 610 ῆ
715 537 876 617 πράκτορσιν
902 541 920 611 ῆ
945 537 1046 617 ἑτέροις
1069 538 1206 618 ἀρχουοιν,
1231 539 1287 599 εἴτε
1308 540 1451 620 πρέσβεσιν
1473 541 1545 600 ἐθνῶν

267 655 461 736 διερχομένων,
492 656 547 716 είτε
569 655 616 717 καί
640 657 743 739 στρατῷ
765 680 824 738 τινι,
855 659 977 735 ἐκβολῆς
998 664 1207 742 χορτασμάτων,
1235 661 1381 742 διατροφῆς
1402 681 1546 742 προκεκεν-

264 779 373 858 τοίρχων
395 781 413 852 ῆ
436 779 656 858 προσελευσίμων
664 775 690 862 1)
714 779 863 854 βασιλικῶν
887 775 1035 860 ἀνθρώπων
1059 781 1103 842 ἐπί
1124 803 1199 854 τινας
1221 782 1469 858 ἀποστελλομένων
1491 783 1545 843 δον-

265 899 355 980 λείας,
388 897 509 975 ἐκβολῆς
535 903 713 978 γεννημάτων
740 904 759 975 ῆ
786 900 994 978 καταβιβασμοῡ
1021 901 1101 980 οἴνου,
1133 909 1220 981 κρεῶν
1243 901 1291 964 καί
1312 902 1446 966 παντοίων
1468 902 1545 979 εἰδῶν,

266 1017 437 1094 ἑξοπλίσεως
458 1016 603 1102 πλωίμων,
626 1025 809 1104 κονταράτων,
833 1021 949 1096 τοξοτῶν
972 1028 990 1098 ῆ
1013 1023 1060 1084 καὶ
1081 1023 1275 1104 ἱπποτοξοτῶν,
1300 1023 1460 1100 ἐξωνῆσεως
1474 1027 1545 1091 σίτου,

264 1144 368 1223 κριθῆς,
392 1144 586 1226 βρωμάτωνθ),
611 1143 715 1226 ἐλαίου,
739 1145 854 1225 ὀσπρίων
877 1143 923 1206 καί
945 1147 1079 1207 παντοίων
1102 1151 1274 1228 σπερμάτων,
1298 1155 1386 1224 κοπῆς
1408 1145 1454 1208 καί
1468 1168 1545 1208 κατε-
1579 1159 1580 1204 1

265 1264 399 1341 βιβαομσϋ
428 1265 597 1340 οἱασδήτινος
627 1263 713 1342 ξυλῆς
743 1269 761 1341 ῆ
792 1267 979 1344 μετακομιδῆς
1008 1269 1117 1329 κωπίων
1146 1271 1281 1350 ῆέτὲρου
1304 1268 1403 1348 εἴδους,
1436 1269 1545 1344 ἐκβολῆς
1579 1251 1580 1276 ί

264 1383 476 1469 μαλαράτωνί),
506 1385 632 1468 τοξοτῶν,
664 1385 830 1461 ἐξοπλίσεως
854 1396 1030 1470 στρατιωτῶν,
1062 1390 1200 1470 ἀρχόντων
1209 1388 1234 1475 ⁴)
1263 1389 1479 1472 καβαλλαρικῶν
1506 1389 1545 1450 καί
1579 1417 1580 1482 γ

263 1510 362 1588 πεζῶν,
394 1510 566 1584 καθισμάτων
593 1515 646 1569 τῶν
676 1510 704 1570 ἐν
730 1510 851 1594 ὑπεροχῇ
880 1511 1028 1592 ἀρχόντων,
1059 1513 1173 1593 δουκῶν,
1203 1515 1357 1594 κατεπάνω,
1389 1519 1544 1594 στρατηγῶν,

264 1635 360 1710 κριτῶν
388 1629 434 1690 καί
460 1631 564 1691 λοιπῶν
591 1631 753 1712 ἀπαιτητῶν,
781 1635 917 1711 ροσσάτων
950 1633 1092 1714 διατροφῆς
1118 1632 1165 1694 καί
1192 1633 1340 1710 ἀπλῆκτων
1368 1632 1412 1694 ἐπί
1433 1635 1544 1710 πόλεμον

263 1751 394 1812 ἀπιόντων
417 1755 435 1827 ῆ
459 1754 684 1834 ἀποστρεφόντων,
708 1751 890 1835 βεστιαριτῶν,
914 1755 1090 1836 μανδατόρων
1111 1758 1158 1816 τοῦ
1173 1755 1275 1837 δρόμου
1290 1755 1419 1836 πρέσβεις
1433 1756 1544 1834 ἀγόντων

262 1877 280 1949 ἢ
304 1871 455 1954 ἐξορίοτους
476 1877 494 1948 ῆ
517 1878 588 1936 κατά
609 1897 667 1935 τινα
691 1876 782 1951 ἀλλην
803 1876 899 1956 χρείαν
923 1876 1118 1959 διερχομένων,
1141 1885 1341 1960 τοποτηρητῶν,
1364 1885 1543 1959 τουρμαρχῶν,

262 2003 408 2076 μεραρχῶν
438 1994 485 2056 καὶ
512 1999 612 2068 παντός
644 1998 736 2078 ἑτέρου
768 1997 942 2074 δημοσιακῶν
972 2003 1139 2080 πραγμάτων
1169 2001 1280 2081 ἔρευναν
1312 2000 1543 2080 ἐπιτετραμμένον,

262 2117 423 2198 ἀγγαρείας,
446 2119 654 2200 παραγγαρείας
673 2117 722 2179 καὶ
744 2120 845 2196 λοιπῆς
867 2121 974 2195 ἀπάσης
996 2121 1125 2202 ἐπηρείας
1147 2120 1319 2198 λαληθείσης
1341 2125 1543 2202 ῆπαρασιωπη-

261 2239 364 2320 θείσης,
386 2244 430 2300 νῦν
453 2261 482 2298 τε
505 2239 587 2316 σθ’σης
609 2239 656 2300 καί
678 2241 708 2313 ἐς
729 2241 840 2320 ὕστερον
864 2241 1119 2319 ἐπινοηθηοομένης.
1145 2241 1204 2302 ἐπεὶ
1227 2241 1258 2302 δὲ
1277 2243 1315 2322 τῷ
1334 2243 1445 2322 τοιούτῳ
1462 2243 1545 2320 εθαγεῑ

260 2361 448 2442 φροντιστηρίῳ
471 2362 485 2422 ό
507 2359 668 2442 προρρηθείς
691 2364 837 2442 μάγιστρος
859 2361 906 2422 καὶ
929 2362 1033 2444 δωρεὰν
1054 2363 1198 2440 σολεμνίου
1213 2365 1284 2424 κατὰ
1299 2364 1451 2444 φιλοτιμίαν
1465 2385 1542 2444 προσ·
1579 2423 1580 2462 ,

260 2483 411 2562 κυρωθῆναι
440 2483 514 2562 παρά
542 2491 591 2559 τῆς
621 2484 699 2559 ἡμῶν
729 2481 843 2566 ὲξῄτησε
870 2484 1069 2566 γαληνότητος,
1100 2486 1166 2562 μηδ’
1180 2486 1294 2546 ἐνταῦθα
1315 2486 1440 2565 ραυλίσαι
1468 2486 1543 2562 τούτῳ
1579 2469 1580 2560 ί

260 2605 309 2679 τὴν
337 2604 439 2679 αἴτησιν
467 2603 638 2679 εθδοκήοασα
664 2607 681 2680 ἡ
704 2612 753 2684 τῆς
774 2607 911 2685 ἡμετέρας
934 2606 1078 2680 βασιλείας
1101 2607 1234 2684 εθσίβεια,
1266 2605 1407 2687 διορίζεται
1431 2606 1542 2668 δίδοσθαι
1579 2561 1580 2626 ί

258 2733 292 2807 τῇ
316 2727 423 2806 τοιαθτῃ
447 2732 516 2808 μσνῆ
541 2727 569 2786 ἐν
590 2723 629 2804 τῷ
650 2726 738 2806 καιρῷ
760 2733 808 2802 τῆς
831 2729 915 2808 ρόγας
936 2734 990 2788 τῶν
1006 2728 1297 2807 σπαθαροκανδιδάτων
1312 2728 1391 2808 λόγῳ
1406 2726 1541 2804 σολεμνίου

260 2847 412 2924 νομίσματα
436 2847 556 2927 δώδεκα,
581 2850 598 2907 ἀ
621 2848 654 2922 δὴ
677 2848 724 2908 καὶ
746 2849 864 2926 λήψεται
886 2855 931 2910 νῦν
945 2870 975 2909 τε
990 2847 1037 2909 καὶ
1054 2848 1093 2922 εἰς
1107 2850 1137 2909 τό
1154 2846 1219 2925 ἑξῆς
1235 2845 1444 2930 ἀνεγκρατῆτως
1458 2871 1487 2910 τε
1501 2846 1540 2908 καί

261 2966 444 3051 ἀνυστερῆτως
466 2969 512 3054 καί
526 2972 591 3052 παρ’
603 2971 713 3042 οθδενός
728 2977 781 3032 τῶν
797 2973 922 3032 ἀπάντων
937 2975 955 3046 ῆ
970 2971 1094 3046 παντελῆ
1109 2971 1272 3052 περιαίρεσιν
1287 2971 1387 3032 τούτων
1402 2974 1421 3047 ῆ
1437 2969 1540 3051 μερικὴν

260 3093 425 3169 ἀπομείωσιν
448 3095 633 3169 θποστῆοεται.
666 3093 708 3154 διδ
730 3093 949 3174 παρεγγυῶμεθα
971 3091 1018 3153 καὶ
1040 3095 1143 3166 πάντας
1167 3091 1414 3174 ἐξασφαλιζόμεθα,
1445 3093 1496 3152 ἀπό
1516 3110 1541 3150 τε

259 3219 312 3274 τῶν
338 3215 410 3276 κατὰ
435 3216 544 3296 καιροθς
570 3213 772 3295 οακελλαρίων,
802 3221 918 3293 γενικῶν
944 3212 991 3274 καὶ
1017 3220 1212 3294 στρατιωτικῶν
1240 3205 1396 3292 λογοθετῶν
1424 3219 1476 3274 τῶν
1502 3209 1539 3271 ἐπὶ
1579 3235 1580 3296 γ

256 3341 309 3411 τῆς
335 3338 471 3416 ἡμετέρας
500 3338 644 3412 σακέλλης
666 3335 780 3397 καὶτοῦ
803 3335 964 3417 βεστιαρίου,
987 3333 1136 3411 οἰκονόμων
1159 3341 1212 3395 τῶν
1235 3337 1341 3415 εόαγῶν
1364 3332 1478 3417 οίκωνί)
1496 3337 1541 3392 τῶν

260 3453 379 3516 ἐπὶτῶν
402 3455 547 3518 οίκειακῶν
570 3456 692 3517 καὶτῶν
716 3457 819 3538 ἐφόρων
841 3465 894 3516 τῶν
918 3456 1067 3531 βασιλικῶν
1089 3459 1270 3536 κουρατόρων,
1294 3453 1474 3532 οίκονόμωνί)
1495 3461 1539 3511 τῶν
1579 3439 1580 3452 ³

260 3577 390 3658 Πετρίων,
415 3575 522 3638 εἰδικῶν
544 3579 717 3659 γηροτρόφων
739 3584 792 3637 τῶν
816 3575 861 3638 ἐπὶ
883 3583 928 3638 τοῦ
951 3578 1023 3638 θείου
1044 3579 1122 3654 ἡμῶν
1137 3577 1249 3654 ταμείου
1264 3575 1427 3664 τοῦγρίσκου,
1449 3595 1540 3656 κουρο-
1579 3573 1580 3576 ’

258 3702 343 3780 τόρων
372 3703 419 3760 τοῦ
450 3699 525 3760 οἴκου
553 3705 606 3759 τῶν
631 3699 800 3782 Ἐλευθέρων
830 3697 877 3760 καί
906 3704 959 3759 τῶν
983 3701 1153 3780 Μαγγάνων,
1184 3697 1337 3760 οἰκιοτικῶν
1363 3697 1410 3760 καί
1432 3705 1482 3761 τῶν
1502 3694 1539 3754 θτ

260 3821 363 3898 αθτοθς,
385 3821 617 3903 πρωτονοταρίων,
639 3824 839 3902 λογαριαοτῶν,
861 3821 1077 3903 χαρτουλαρίων,
1098 3820 1247 3895 βασιλικῶν
1263 3821 1393 3900 νοταρίων
1408 3819 1454 3882 καὶ
1467 3838 1538 3879 νστα-
1579 3887 1580 3890 ¹

260 3939 333 4022 ρίων,
357 3943 396 4002 ἔτι
418 3943 449 4002 δὲ
466 3941 633 4019 δομεστίκων
648 3949 701 4002 τῶν
717 3943 837 4025 σχολῶν,
861 3942 974 4024 δουκῶν,
997 3945 1150 4021 κατεπάνω,
1174 3948 1331 4023 στρατηγῶν
1346 3939 1394 4002 καὶ
1408 3948 1460 4002 τῶν
1474 3939 1539 4000 ἀντι-
1579 4001 1580 4014 γ

257 4066 469 4144 προσωποόντων
481 4065 579 4147 α’νιοῖς,
590 4062 755 4146 ταξιαρχῶν,
767 4064 955 4145 τουρμαρχῶν,
968 4061 1125 4146 μεραρχῶν,
1137 4063 1342 4145 χαρτουλαρίων
1352 4068 1398 4124 τοῦ
1408 4083 1439 4124 τε
1451 4063 1538 4142 δρόμῦνι

258 4183 379 4246 καὶτῶν
402 4188 536 4269 θεμάτων,
568 4190 695 4264 κομῆτων
717 4194 766 4262 τῆς
788 4189 897 4268 κόρπης,
920 4185 1087 4263 δομεοτίκων
1109 4191 1162 4246 τῶν
1185 4187 1320 4265 θεμάτων,
1345 4183 1536 4266 δρουγγαροκι·
1579 4171 1580 4216 ί

258 4310 361 4388 μῆτων,
391 4315 649 4393 πρωτοκεντάρχων,
678 4309 898 4393 προσελευσίμων
925 4307 972 4369 καὶ
998 4309 1102 4370 λοιπῶν
1128 4311 1303 4388 ταγματικῶν
1325 4306 1372 4367 καί
1395 4307 1535 4382 θεμαπκῶν

259 4429 406 4512 ἀρχόντων,
422 4433 489 4511 πρός
504 4434 605 4502 τούτοις
620 4430 727 4514 κριτῶν,
745 4431 878 4511 ἐποπτῶν,
894 4435 1069 4511 οτρατευτῶν,
1085 4428 1220 4510 όρθωτῶν,
1237 4428 1425 4510 ἀναγραρέων,
1440 4443 1535 4508 πρωτο-

363 4621 383 4686 ¹)
409 4617 623 4690 πρωτοκεντάρχου
656 4621 670 4684 ῆ
703 4617 896 4689 προσελευσίμου
925 4619 952 4672 Β.
1023 4619 1044 4685 ²)
1073 4617 1175 4687 βρώμης
1202 4619 1227 4670 S.
1299 4619 1323 4686 ³)
1355 4615 1490 4686 καλαρτίων
1512 4611 1533 4662 S·

257 4719 277 4784 ⁴)
295 4715 447 4786 ἀρχοντικῶν
466 4717 492 4767 S.
565 4717 585 4782 ⁵)
605 4717 682 4767 deest
701 4717 726 4768 S.
799 4716 819 4782 ⁶)
837 4715 1017 4782 κσυρατορικῶν
1035 4711 1175 4783 οἰκημάτων
1193 4715 1218 4765 S.
