3246 5288
247 357 312 421 424

248 553 382 632 γουμένου
406 549 494 628 βουλὴ
518 546 731 630 παρασκευάσει,
754 546 802 608 καὶ
823 549 841 623 ἠ
862 552 908 607 τού
930 547 1142 629 παραβαλόντος
1166 545 1288 620 ἐξέτασις
1312 549 1463 628 ἑμφανίσει,
1487 550 1543 608 όδέ

247 671 286 753 τῷ
309 675 364 754 ὅρῳ
386 673 471 752 τούτῳ
496 672 534 748 μὴ
559 672 686 748 ἐμμένων
708 668 755 730 καί
779 669 859 741 αθτδς
880 667 967 748 χωρίς
990 667 1124 744 είδήσεως
1146 665 1202 754 [τοῦ
1225 666 1407 755 προεστῶτος]
1415 668 1439 752 ¹)
1462 691 1541 750 προτ-

249 796 339 855 ελθὼν
347 794 373 878 ²)
395 793 433 873 τῷ
450 791 576 874 ἀγχιστεῖ
599 793 765 874 ἀφοριζέσθω
789 788 870 874 ἀρτου
886 790 932 852 καὶ
947 791 1045 864 ύδατος
1067 793 1174 872 ἡμέρας
1195 795 1277 872 τρεῖς,
1301 795 1376 865 ὅπως
1392 795 1432 868 μὴ
1457 800 1541 874 φρονῇ,

249 919 317 997 άπερ
341 918 371 977 οδ
395 915 437 976 δεῖ
459 918 573 998 φρονεῖν.
619 919 703 975 ταῦτα
725 914 810 974 τοίνυν
839 915 961 995 εύρόντες
983 915 1065 989 ἡμεῖς
1092 911 1139 973 καὶ
1163 913 1303 975 συντείνειν
1333 913 1484 993 ἐγνωκότες
1506 913 1542 985 είς

248 1038 385 1118 ὠφέλειαν
408 1043 459 1114 τῆς
481 1038 677 1118 ἀδελφότητος,
702 1037 806 1096 ἐκτῶν
829 1037 950 1096 κανόνων
973 1039 1020 1095 τού
1043 1036 1168 1115 μεγάλου
1183 1035 1329 1096 Βασιλείαν
1352 1035 1542 1112 συλλέξαντες,

248 1148 476 1240 ὡς’προείρηται,
501 1157 661 1239 ἀνάγραπτα
684 1158 729 1217 σύν
753 1161 808 1230 τοῖς
833 1158 931 1230 ἀλλοις
954 1157 1149 1234 ἐποιησάμεθα.

352 1279 410 1361 λγ’.
428 1281 465 1340 Οἱ
480 1282 531 1357 μὲν
548 1277 593 1341 οὖν
616 1279 817 1361 παραδοθέντες
840 1281 900 1355 ύμῖν
922 1281 998 1340 τύποι
1012 1301 1043 1338 τε
1058 1278 1104 1339 καί
1126 1281 1240 1352 κανόνες
1261 1280 1335 1360 παρὰ
1351 1284 1401 1338 τῶν
1421 1281 1544 1359 πατέρων

248 1405 327 1478 ἡμῶν
352 1403 379 1462 ἐν
400 1404 502 1474 τούτοις
525 1403 791 1483 συμπεπεράτωνται,
815 1399 862 1461 καί
878 1399 901 1460 εί
917 1403 947 1460 τό
964 1401 1030 1492 ἐμόν
1053 1400 1166 1479 λογικόν
1188 1401 1311 1477 ποίμνιον
1333 1401 1441 1470 τούτους
1458 1400 1544 1479 φυλά-

249 1523 300 1604 ξοι,
323 1527 445 1605 πρύιμον
466 1527 575 1594 πάντως
597 1523 697 1584 τούτων
721 1523 870 1604 ῥαγήσεται
891 1524 922 1582 τδ
945 1528 1001 1602 φῶς
1024 1520 1119 1582 καὶτὰ
1142 1520 1244 1599 ἰάματα
1252 1522 1276 1606 ³)
1299 1523 1386 1582 αύτιῖιν
1412 1520 1443 1594 ἐξ
1465 1523 1545 1598 θόοις

249 1645 386 1707 ἀνατελεῖ.
433 1644 455 1704 εἰ
480 1645 505 1706 δ’
517 1644 583 1716 ἴσως
606 1649 652 1704 τοῦ
673 1647 815 1722 τυπικοϋί)
839 1643 995 1724 ἐκτραπείη,
1024 1641 1071 1703 καὶ
1093 1639 1163 1729 [τὰς]
1186 1643 1318 1724 πατρικὰς
1348 1644 1476 1719 ἀθετρσει
1502 1644 1544 1703 ἐν-

248 1769 343 1846 τολάς,
368 1767 564 1844 ἀθετηθήσεται
585 1769 673 1826 πάντα
681 1764 704 1844 ⁵)
721 1765 803 1846 αύτῷ,
827 1763 873 1825 καὶ
889 1771 939 1842 τῆς
961 1771 1104 1846 παρακοῆς
1119 1765 1258 1842 κομίσεται
1282 1766 1436 1846 τάπίχειρα.
1470 1765 1545 1825 ἀλλά

249 1891 298 1967 μή,
321 1889 395 1968 κύριε
418 1889 432 1947 ό
455 1889 517 1959 θεός
540 1909 600 1965 μου,
626 1889 664 1963 μὴ
688 1889 772 1959 ούτως
795 1888 907 1966 γένηται
924 1885 966 1945 ἐπὶ
988 1888 1044 1959 τοῖς
1061 1887 1138 1962 ἐμοῖς
1161 1887 1300 1966 ἀδελφοῖς,
1325 1887 1397 1964 μηδὲ
1420 1889 1435 1946 ό
1460 1888 1544 1958 δεινός

249 2012 299 2090 θὴρ
326 2011 435 2081 τούτους
463 2007 682 2090 διασπαράξειεν,
712 2009 779 2068 ἀλλ’
792 2011 884 2088 ὥσπερ
913 2011 967 2081 ἕως
988 2013 1034 2068 τού
1056 2013 1101 2068 νῦν
1123 2013 1276 2088 τετήρηκας
1300 2007 1388 2087 ἐντῷ
1412 2007 1454 2087 σῷ
1477 2007 1544 2088 ἁγίῳ

249 2132 369 2212 ἀνόματι,
398 2133 466 2193 ούτω
489 2131 535 2192 καὶ
559 2134 611 2203 ἕως
633 2133 731 2202 τέλους
755 2135 927 2211 συντήρησον,
950 2132 993 2190 ἵνα
1008 2133 1039 2190 τ“ο
1055 2133 1101 2190 σὀν
1116 2137 1211 2192 ποιῶσι
1234 2131 1354 2211 θέλημα,
1378 2133 1494 2206 θέλημα
1516 2130 1544 2189 δέ

248 2258 356 2326 πάντως
379 2256 424 2314 σὀν
448 2256 477 2314 τό
499 2256 560 2314 κατ’
577 2253 654 2330 ἴχνος
678 2252 781 2328 βαίνειν
803 2255 911 2326 τούτους
933 2261 986 2313 τῶν
1009 2253 1095 2331 ἁγίων
1118 2275 1165 2312 σου
1188 2254 1322 2313 ἐντολῶν·
1350 2252 1423 2312 αίτια
1447 2255 1478 2312 δέ
1502 2257 1544 2313 τοῦ

247 2380 331 2435 ταῦτα
352 2375 441 2436 πάντα
462 2383 574 2451 ποιῆσαι
595 2378 670 2452 ἡμᾶς
694 2377 853 2457 ἀνάγραπτα
877 2377 905 2434 ἐν
928 2381 961 2458 τῇ
990 2377 1111 2457 παρούσῃ
1134 2383 1230 2458 τυπικῇ
1255 2372 1377 2448 διατάξει
1398 2373 1447 2434 καί
1472 2376 1544 2434 ἀλλα

249 2497 300 2572 μὲν
317 2501 365 2558 ιύκ
379 2498 471 2578 ἀλίγα,
496 2500 572 2557 ἅτινα
595 2496 669 2574 μηδὲ
693 2498 801 2577 ἀγνοεῖν
823 2499 885 2569 τούς
909 2497 991 2572 ἐμούς
1015 2497 1044 2556 ἑν
1066 2497 1173 2577 Χριστῷ
1196 2499 1317 2577 πατέρας
1339 2495 1385 2556 καὶ
1409 2498 1544 2575 ἀδελφούς

249 2619 350 2699 οίομοιι,
375 2621 414 2680 ἔτι
436 2642 469 2699 γε
493 2621 547 2695 μὴν
563 2618 609 2679 καὶ
626 2621 705 2690 αθτδς
721 2621 734 2679 δ
753 2621 804 2679 ἀπο
820 2627 870 2696 τῆς
892 2625 995 2695 σιωπῆς
1020 2621 1213 2698 έπηρτισμένος
1236 2639 1283 2694 μοι
1297 2619 1430 2698 κίνδυνος,
1454 2621 1545 2690 καθὼς

249 2741 275 2801 αί
303 2742 373 2801 θεῖαί
400 2762 435 2818 με
462 2741 563 2822 γραφαί
590 2741 767 2801 διδάσκουσιν.
817 2740 897 2822 ,,οῖιαἰ
924 2740 1010 2821 γάρίί,
1038 2762 1123 2820 φησιν,
1153 2742 1188 2820 ,,ό
1214 2741 1329 2812 ποτίζων
1356 2744 1403 2800 τόν
1429 2742 1544 2817 πλησίον

249 2865 328 2924 αὺτοῦ
348 2864 501 2944 ἀνατροπὴν
524 2863 707 2944 θολερά·ι“.6)
737 2861 783 2922 καί
807 2861 830 2921 εί
854 2864 955 2934 σκοπός
981 2861 1055 2942 παρὰ
1078 2861 1117 2940 τῷ
1141 2863 1281 2938 ’ίεσεκιὴλ
1303 2861 1350 2922 καί
1373 2871 1405 2945 τῇ
1430 2859 1546 2944 ἀληθείᾳ

249 2986 424 3066 όπροεστὼς
450 2991 503 3044 τῶν
530 2989 625 3062 ψυχῶν
652 2983 698 3044 καὶ
727 2985 784 3044 ἔστι
810 2983 856 3044 καί
884 2986 1057 3063 ὀνομάζεται,
1085 2990 1144 3056 πῶς
1172 2984 1205 3043 ἀν
1227 2983 1276 3058 τἠν
1298 2985 1491 3060 ηπειλημένην
1514 2986 1544 3044 δι’

252 3107 356 3167 ἐκείνου
385 3106 517 3187 ῥομφαίαν
542 3103 671 3185 ἐξέφυγον
694 3105 741 3165 καὶ
764 3107 811 3180 τἠν
836 3107 934 3166 ἔκτισιν
956 3109 1003 3166 τοῦ
1027 3107 1142 3181 αἵματος
1165 3109 1211 3164 τοῦ
1233 3105 1366 3185 ποιμνίου,
1397 3107 1424 3166 εί
1447 3129 1482 3185 γε
1511 3109 1545 3182 μὴ

248 3232 336 3289 πάντα
366 3230 522 3308 προεθέμην
550 3227 590 3300 είς
618 3230 715 3304 μέσον·
744 3227 805 3306 ,,υίέ
832 3229 907 3309 γάρ“
934 3249 1011 3308 φησιν
1041 3229 1212 3310 ,,ἀνθρὼπου,
1243 3229 1344 3288 σκοπόν
1375 3230 1486 3288 τέθεικά
1518 3251 1545 3288 σε

248 3349 287 3428 τῷ
302 3349 365 3428 λαῷ
389 3371 448 3425 μου.
481 3347 504 3408 εἰ
528 3349 578 3425 μὲν
594 3349 657 3432 ἴδῃς
671 3351 719 3425 τὴν
744 3350 877 3430 ῥομφαίαν
900 3351 1052 3428 ἐρχομένην
1067 3349 1113 3410 καὶ
1136 3351 1309 3431 διαμαρτύρει
1334 3352 1434 3427 αύτοῖς,
1459 3351 1545 3432 ἀθῷος

250 3465 290 3530 εἷ·
323 3470 347 3529 εἰ
375 3470 400 3530 δ’
417 3468 472 3549 οὖν,
499 3473 529 3530 τδ
557 3463 627 3546 αἷμα
656 3473 743 3530 αθτῶν
772 3472 805 3532 ἐκ
831 3478 885 3531 τῶν
912 3477 1013 3552 χειρῶν
1042 3492 1088 3530 σου
1119 3473 1364 3548 ἐκζητηθήσεται.“
1410 3476 1496 3532 ταῦτα
1518 3473 1546 3532 δέ

249 3595 337 3653 πάντα
353 3593 402 3666 τὴν
423 3592 534 3667 τοπικὴν
557 3599 605 3668 τῆς
630 3589 782 3666 διατάξεως
806 3595 911 3654 ἔκθεσιν
934 3593 1086 3673 ἀναγκαίαν
1110 3614 1156 3670 μοι
1178 3597 1368 3674 πεποιήκασιν,
1391 3594 1435 3652 ῖνα
1459 3597 1545 3674 ὥσπερ

254 3715 282 3772 ἐν
297 3714 464 3794 πρωτοτύπῳ
479 3717 572 3773 κανόνι
588 3715 779 3792 καθ’ἑκάστην
794 3717 877 3798 ταύτῃ
902 3716 1099 3788 ἐνατενίζοντες
1115 3714 1141 3775 οῖ
1156 3713 1218 3791 ἐμοί
1233 3717 1350 3796 πατέρες
1366 3715 1412 3775 καί
1434 3717 1544 3796 ἀδελφοί

251 3837 284 3896 ἐκ
298 3837 398 3912 ταύτης
421 3841 520 3895 τυπῶσι
535 3835 580 3894 τὀν
604 3835 662 3911 βίον
686 3837 783 3915 αάτιῖιν,
806 3836 852 3896 καὶ
875 3837 938 3896 καθ’
951 3835 1060 3909 ἑαυτούς
1083 3837 1299 3916 ἀναζωγραφῶσι
1322 3837 1355 3897 τά
1378 3839 1478 3913 θέσμια
1500 3847 1545 3914 τῆς

249 3959 388 4040 παρούσης
418 3958 497 4032 ἡμῶν
529 3956 644 4034 ἐντολῆς
674 3956 721 4018 καί
751 3959 820 4017 ούτω
851 3959 1054 4038 διαφυλάττοιεν
1084 3959 1268 4040 ἀπαράτρωτα
1297 3957 1344 4019 καί
1371 3960 1401 4019 τδ
1430 3961 1544 4048 συνειδδς

249 4080 368 4160 καθαρόν
389 4083 593 4159 παραστήσαιεν
616 4079 660 4139 ἐπί
683 4083 728 4139 τού
752 4079 903 4140 ἀδεκάστου
926 4085 1026 4162 κριτοῦ,
1051 4081 1096 4141 διὰ
1118 4087 1171 4141 τῶν
1193 4083 1302 4162 θερμῶν
1326 4081 1476 4162 πρεσβειῶν
1500 4089 1544 4158 τῆς

250 4201 398 4282 ύπεραγίας
426 4200 569 4278 δεσποίνης
596 4205 675 4278 ἡμῶν
703 4203 831 4262 θεοτόκου
859 4201 906 4263 καί
934 4203 968 4263 δι’
985 4206 1074 4282 εῖιχῶν
1097 4203 1151 4264 τῶν
1175 4204 1317 4284 μακαρίων
1344 4205 1480 4286 γερόντων
1503 4202 1545 4264 καί

250 4323 375 4403 πατέρων
390 4325 478 4398 ἡμῶν.
510 4324 587 4398 ύμεῖς
603 4323 634 4384 δὲ
656 4325 787 4394 σιύζοισθε
810 4323 857 4385 καί
881 4325 1080 4405 μεγαλύνοιοθε
1102 4324 1149 4386 καί
1172 4324 1334 4406 είρηνεύοιτε
1357 4325 1404 4386 καὶ
1428 4326 1544 4403 ζηλωταί

357 4610 376 4676 ¹)
395 4609 592 4678 Supplevimus.
665 4614 684 4674 ²)
702 4611 808 4682 προέλθῃ
827 4613 859 4664 Ε.
931 4614 952 4680 ³)
971 4611 1054 4682 ἱμάτια
1067 4615 1098 4666 Ε.
1118 4615 1209 4665 confer
1227 4615 1319 4682 proph.
1338 4613 1447 4666 Esaiam
1466 4617 1507 4680 58,
1524 4619 1543 4666 8.

251 4704 271 4770 ⁴)
291 4706 332 4754 τοῦ
355 4703 451 4757 ναυτίου
469 4707 500 4758 Ε.
574 4708 593 4772 ⁵)
613 4703 708 4768 πάντως
726 4709 758 4760 E.
829 4709 849 4776 ὓ)
868 4705 889 4758 ὤ
975 4707 1096 4780 ἀνατροπῇ
1121 4707 1218 4778 θαλερᾷ,
1245 4709 1354 4762 Ambae.
1380 4714 1405 4776 2,
1431 4715 1469 4762 15.
