3222 5284
222 337 286 402 358

221 537 400 612 παρεστάναι·
424 533 547 611 θειότερα
569 531 623 612 γάρ
646 530 694 591 καί
715 531 917 610 φρικωδέστερα
940 529 986 590 καὶ
1010 529 1185 611 φοβερώτερα
1206 529 1241 589 τά
1264 529 1294 589 έν
1317 530 1400 611 ταῦτῃ
1427 527 1531 586 τελοῦ-

223 674 293 729 μενα
315 659 348 734 τῇ
371 657 458 713 πάντα
481 653 567 733 λόγον
590 653 636 713 καί
652 657 713 713 νοῦν
736 654 932 735 ίιπερβαινοῦσῃ
954 651 1145 731 πανυπερτίμῳ
1168 650 1341 731 ἱερουργησει
1363 655 1411 711 τοῦ
1437 670 1531 709 πανα-

221 778 340 854 χράντου
370 772 497 851 σώματος
520 775 566 835 καί
597 776 711 850 αἵματος
734 775 849 855 Χριστοῦ
872 779 918 836 τοῦ
949 771 1079 852 ἀληθινοῦ
1101 775 1163 834 θεοῦ
1185 775 1276 852 ἡμῶν,
1308 773 1338 832 έν
1360 767 1378 855 ᾖ
1402 768 1533 848 μάλιστα

222 899 386 977 προσεκτέον
417 897 464 958 καί
493 900 581 958 πάντα
613 898 746 976 λογισμόν
778 897 894 978 ῥυπαρόν
925 895 1108 957 ἀπσδιωκτέσν
1135 893 1182 955 καί
1213 896 1296 972 μόνον
1326 895 1480 974 λογιστέον
1503 895 1532 952 τό

223 1019 387 1096 τελούμενον
419 1020 491 1079 θεῖον
522 1018 589 1099 ὑπὲρ
619 1019 774 1096 κατάληψιν
806 1017 950 1097 μέγακαὶ
980 1017 1095 1098 φοβερόν
1126 1019 1279 1097 μυστὴριον.
1326 1017 1394 1076 σῦτω
1417 1037 1454 1076 τε
1479 1021 1534 1074 τῶν

223 1139 304 1200 θείων
328 1142 505 1218 άγιασμάτων
529 1138 722 1216 μεταληπτέον
743 1139 793 1210 τάς
817 1140 892 1212 ὅσαις
915 1140 968 1221 ἀρα
983 1138 1030 1199 καί
1053 1138 1280 1215 μεταλαμβάνειν
1303 1139 1531 1217 συγκεχώρηται.
1602 1119 1603 1126 ¹

225 1382 314 1464 ἀξίας,
345 1384 360 1442 ό
384 1384 415 1443 δὲ
438 1381 556 1457 ἀναξίως
583 1383 807 1459 μεταλαμβάνων
829 1386 913 1464 κρῖμα
937 1381 1024 1463 έαυτῷ
1048 1382 1131 1442 ἐσθίει
1152 1380 1200 1443 καὶ
1220 1381 1301 1461 πίνει,
1332 1383 1425 1454 καθὼς
1450 1399 1533 1459 φησιν

224 1505 334 1575 δθεῑος
365 1504 526 1576 ἀπόστολος.
572 1507 765 1586 συνεχέστερον
788 1504 839 1580 μέν
870 1504 1029 1580 βουλόμεθα
1059 1505 1158 1564 τούτων
1190 1504 1415 1580 μεταλαμβάνειν
1445 1503 1531 1578 ὑμᾶς,

225 1629 302 1702 ὅμως
324 1627 372 1703 τὴν
397 1626 494 1709 ἑπίτῄ
525 1626 586 1710 θείᾳ
616 1627 771 1704 μεταλήψει
802 1626 933 1706 διάκρισιν
955 1624 993 1706 τῷ
1023 1624 1197 1706 πνευματικῷ
1224 1625 1304 1700 ἡμῶν
1326 1623 1406 1706 πατρὶ
1430 1624 1530 1684 ἀναπ-

225 1749 337 1828 θέαμεν,
362 1747 464 1824 είδὴσει
486 1747 604 1824 καὶτῆς
626 1750 847 1828 καθηγουμένης,
871 1748 1053 1824 ἀκοινώνητον
1069 1747 1101 1807 δέ
1116 1767 1176 1807 τινα
1199 1747 1296 1822 ἑαυτὴν
1318 1747 1446 1826 ἡγεῖσθαι
1464 1747 1531 1805 ἀνευ

225 1875 275 1947 τῆς
298 1869 402 1931 ἐκείνου
427 1868 558 1946 είδὴσεως
581 1871 640 1967 οῦκΙ
659 1869 808 1930 ἐπαινετόν.
854 1871 1017 1948 κατάκριτος
1040 1867 1072 1928 δέ
1095 1868 1170 1928 ἔσται
1191 1869 1210 1946 ἡ
1232 1871 1310 1928 τοῦτο
1332 1873 1456 1948 ποιοῦσα,
1491 1869 1530 1935 ὡς
1602 1878 1603 1961 γ

225 1992 293 2054 ἴδιον
324 1993 499 2071 ἐκπληροῦσα
531 1992 651 2068 θέλημα.
696 1991 745 2064 τάς
768 1993 859 2066 μέντοι
891 1991 1116 2067 μεταλαμβάνειν
1147 1989 1310 2069 όφειλοῦσας
1342 1989 1529 2067 ἐνδεχόμενόν

227 2114 282 2173 ἐστι
298 2114 346 2188 τὴν
368 2111 411 2173 ἐπὶ
431 2121 464 2196 τῇ
488 2115 553 2198 ἀγίφι
576 2115 731 2190 μεταλήψει
755 2112 919 2174 ἀκολουθίαν
942 2113 1072 2193 ψάλλειν,
1096 2114 1189 2189 κοινήν
1211 2133 1242 2172 τε
1264 2119 1364 2185 κοινῶς
1377 2114 1425 2188 τὴν
1440 2132 1528 2190 γονυ-
1602 2070 1603 2129 ί

226 2235 334 2295 κλισίαν
363 2235 506 2311 ἀλλήλαις
533 2238 661 2310 ποιοῦσας
689 2236 793 2297 διδόναι
819 2229 991 2318 συγχώρησιν
1013 2234 1059 2296 καί
1088 2235 1173 2307 οῦτως
1195 2241 1247 2295 τῶν
1271 2236 1412 2307 ζωοποιῶν
1435 2253 1526 2310 μετα-

227 2354 381 2433 λαμβάνειν
404 2359 555 2437 άγιασμῶν.

332 2479 410 2558 Κεφ.
427 2477 487 2540 λό’.
512 2477 595 2560 Περὶ
617 2485 673 2540 τοῦ
695 2481 818 2553 πόσους
832 2475 953 2560 ἄρτους
968 2479 1281 2561 δείπρσσφέρεσθαι
1296 2480 1526 2552 καθ’ἑκάστην

227 2600 442 2680 λειτουργίαν
464 2599 520 2659 καί
542 2600 622 2681 ὑπὲρ
644 2601 749 2662 τίνων.
780 2602 852 2660 Καθ’
865 2601 983 2676 ἑκάστην
1007 2601 1038 2662 δὲ
1061 2602 1167 2682 ἡμέραν
1191 2601 1220 2660 ἐν
1242 2599 1354 2684 τῄθείᾳ
1369 2599 1526 2681 λειτουργίᾳ

229 2723 297 2782 έπτά
324 2723 398 2802 ἀρσοι
425 2723 697 2804 προσενεχθὴσονται,
730 2715 770 2794 εἷς
794 2723 970 2802 δεσποτικῶς,
1002 2725 1096 2803 ἕτερος
1117 2727 1168 2798 τὴς
1190 2723 1426 2802 Κεχαριτωμένης
1446 2725 1525 2799 ἡμῶν
1602 2712 1603 2725 ’

201 2844 204 2850 ’
229 2843 372 2919 δεσποίνης
394 2842 441 2904 καί
463 2845 601 2923 θεοτόκου,
633 2815 725 2923 ἕτερος
747 2848 793 2905 τοῦ
815 2843 887 2904 κατὰ
908 2843 957 2920 τὴν
979 2845 1085 2924 ἡμέραν
1109 2843 1197 2923 ἀγίου,
1225 2844 1317 2917 ἀλλος
1339 2845 1406 2924 ὑπὲρ
1427 2844 1524 2924 λῦτρου
1602 2888 1603 2925 ,

228 2965 274 3025 καί
305 2963 430 3046 ἀφέσεως
456 2973 509 3025 τῶν
540 2967 678 3046 ἁμαρτιῶν
707 2971 754 3026 τοῦ
776 2987 807 3026 τε
836 2965 977 3046 κρατίστου
1001 2986 1053 3041 μου
1084 2965 1222 3038 βασιλέως
1245 2963 1292 3024 καὶ
1324 2965 1401 3044 ἐμοῦ,
1431 2967 1523 3046 ἔτερος

228 3087 294 3168 ῦπὲρ
322 3091 374 3147 τῶν
404 3089 613 3165 κεκοιμημένων
643 3093 784 3167 μοναχῶν,
815 3087 904 3160 ἀλλος
934 3087 1001 3166 ὑπὲρ
1030 3093 1084 3146 τῶν
1112 3087 1324 3163 κεκοιμημένων
1353 3089 1456 3166 γονέων
1478 3083 1523 3146 καί

229 3331 334 3390 λοιπῶν
356 3337 495 3410 συγγενῶν
518 3333 608 3410 ἡμῶν,
631 3330 680 3391 καί
702 3331 773 3406 μετά
802 3331 917 3390 θάνατον
941 3329 973 3390 δὲ
994 3331 1073 3405 ἡμῶν
1103 3329 1296 3402 ίδιαζόντωςδ
1327 3329 1418 3410 ῥηθείς
1445 3327 1522 3411 ἀρτος

227 3211 332 3270 λοιπῶν
363 3215 503 3288 συγγενῶν
531 3208 681 3287 ἡμῶνκαὶ
712 3211 804 3290 ἕτερος
826 3208 893 3289 ὑπὲρ
915 3215 968 3268 τῶν
992 3211 1099 3280 ζώντων
1125 3206 1230 3268 παίδων
1252 3206 1299 3269 καί
1321 3207 1454 3290 γαμβρῶν
1474 3203 1521 3268 καί
1602 3234 1603 3293 γ

1602 3462 1603 3499 ι

230 3451 296 3532 ὑπὲρ
319 3453 441 3530 ἀφέσεως
462 3459 516 3513 τῶν
539 3453 680 3531 ἡμετέρων
702 3453 955 3531 προσενηχθὴσεται
979 3455 1117 3531 ἁμαρτιῶν
1140 3449 1187 3511 καί
1210 3451 1295 3522 οθτως
1317 3454 1462 3530 γενὴσεται
1486 3447 1523 3518 είς

229 3573 260 3631 τὀ
283 3573 415 3648 διηνεκές.
463 3571 486 3632 εί
511 3571 541 3631 δέ
562 3593 603 3645 τις
627 3569 657 3646 ἐξ
680 3573 838 3654 ἀμφοτέρων
860 3575 941 3650 ἡμῶν
963 3573 1174 3654 προτελευτὴσει
1196 3577 1242 3634 τοῦ
1265 3575 1335 3653 ἑνός,
1366 3575 1382 3632 ό
1414 3573 1465 3648 μὲν
1486 3567 1523 3643 εἷς
1601 3558 1603 3705 l

231 3695 312 3775 ἀρτος
333 3695 416 3756 πάλιν
439 3693 595 3766 ἰδιαζόντως
618 3695 683 3775 ὑπὲρ
705 3699 752 3754 τοῦ
775 3697 875 3766 ζῶντος
897 3696 1170 3776 προσκομισθὴσεται,
1194 3697 1287 3776 ἕτερος
1311 3694 1342 3755 δὲ
1366 3691 1442 3768 αὖθις
1462 3695 1522 3773 ὑπὲρ

229 3824 276 3877 τοῦ
298 3815 511 3892 τελευτησαντος
532 3817 764 3896 προσαχθὴσεται.
796 3817 866 3893 μετά
890 3816 921 3878 δὲ
940 3819 987 3878 τδν
1003 3821 1047 3877 τοῦ
1064 3817 1242 3892 ἐπιζήσαντος
1257 3818 1372 3878 θάνατον
1390 3812 1428 3891 εἷς
1443 3819 1523 3878 πάλιν

229 3938 297 4019 ὑπὲρ
313 3939 471 4020 ἀμφοτέρων
487 3939 745 4018 προσενεχθήσεται.
774 3940 837 3999 καθ’
851 3941 965 3999 ἕκαστον
988 3939 1020 3999 δὲ
1043 3938 1180 4013 σάββατον
1203 3936 1250 3998 καί
1265 3937 1377 4020 σταυρία
1392 3940 1523 4019 ὀφείλουσι

229 4059 457 4141 προσκομίζεσθαι
479 4059 545 4141 ὑπὲρ
567 4066 622 4120 τῶν
643 4063 905 4140 προκεκοιμημένων
928 4063 1032 4140 γονέων
1055 4059 1101 4120 καὶ
1123 4059 1228 4120 παίδων
1251 4058 1298 4120 καὶ
1321 4067 1428 4141 νυμφῶν
1449 4065 1523 4140 ἡμῶν

230 4182 277 4243 καί
298 4188 352 4243 τῶν
375 4180 414 4255 είς
429 4185 459 4242 τό
482 4183 628 4259 μετέπειτα
649 4184 895 4260 κοιμηθησσμένων
917 4182 959 4242 ἐπὶ
974 4185 1031 4255 τοῖς
1049 4185 1189 4264 τέσσαρσιν
1206 4185 1244 4263 έν,
1269 4183 1296 4242 σί
1309 4181 1356 4243 καὶ
1377 4182 1522 4262 ὀφείλουσιν

230 4545 269 4627 τῷ
291 4550 392 4630 τυπικῷ
422 4547 469 4610 καί
491 4550 553 4610 καθ’
567 4550 683 4626 ἑκάστην
712 4550 843 4630 κυριακὴν
875 4551 954 4630 ἕτερα
985 4548 1095 4630 σταυρία
1119 4547 1214 4625 ἐπίσης
1236 4551 1292 4623 τοῖς
1314 4551 1521 4627 κεκοιμημένσις
1602 4580 1603 4625 γ

232 4305 415 4384 ἐγγράφεσθαι
444 4304 473 4364 ἐν
503 4306 560 4377 τοῖς
591 4303 727 4384 διπτῦχοις
749 4304 797 4364 καί
826 4305 1042 4382 μνημονεύεσθαι
1072 4304 1143 4364 κατὰ
1164 4305 1209 4365 τόν
1234 4309 1280 4364 τοῦ
1310 4309 1420 4364 τνπικοῦ
1449 4301 1521 4386 περί-

230 4427 325 4505 ληψιν,
350 4427 478 4499 ῶσαῦτως
499 4425 546 4487 καὶ
568 4426 635 4508 ὑπὲρ
657 4433 709 4487 τῶν
733 4429 840 4498 ζώντων
863 4425 910 4486 καί
934 4427 1165 4508 ἀναγραφομένων
1190 4427 1218 4486 ἐν
1241 4427 1297 4498 τοῖς
1320 4426 1459 4506 διπάχοις
1480 4423 1521 4485 καὶ

230 4673 518 4752 προσκομισθὴσσνται.
