3222 5284
1304 349 1365 412 351

171 547 255 624 Κεφ.
279 545 337 605 κδ’.
371 544 452 625 Περὶ
473 552 531 621 τῆς
553 551 615 606 τών
643 545 841 625 δοχειαριών
870 545 1054 615 διακονίας.
1102 535 1169 623 Περὶ
1192 541 1223 600 δέ
1245 547 1295 616 τῆς
1315 549 1368 600 τών

65 669 246 742 νομισμάτων
277 665 382 727 εἰσόδου
410 687 439 726 τε
464 666 511 726 καὶ
542 665 647 746 ἐξόδου,
678 668 804 746 φυλακῆς
830 687 861 726 τε
888 665 935 726 καὶ
964 666 1125 745 ἀπογραφῆς
1154 664 1208 740 ἤδη
1239 663 1366 723 λεκτέον·

65 788 110 846 δύο
133 788 193 868 γὰρ
225 788 384 868 δοχειαρίας
413 792 547 863 τυπούμεν
579 783 647 848 εἶναι
671 788 756 870 ἐντῇ
785 792 866 870 μονῇ,
897 781 935 848 ὧν
957 787 1007 861 τὴν
1030 786 1080 862 μὲν
1112 785 1175 860 μίαν
1205 788 1314 865 κρατεῖν
1337 787 1367 845 τό

65 910 197 983 κιβώτιον
219 915 273 968 τών
295 915 345 986 τῆς
375 907 589 982 εἰσοδοδιεξύδου
618 912 801 990 νομισμάτων,
832 909 881 986 τὴν
904 908 936 968 δὲ
960 909 1053 988 ἑτέραν
1076 909 1186 988 κρατεῖν
1208 909 1239 967 τό
1262 905 1367 980 βέστιον

64 1035 116 1090 τών
141 1031 316 1106 ἐνδυμάτων·
347 1029 394 1090 καὶ
418 1032 485 1106 οἰκ-ἠ
507 1032 561 1112 γὰρ
592 1031 735 1112 δοχειαρία
764 1031 988 1106 δνομασθήσετοιι.
1024 1031 1130 1110 ἠγούν
1153 1028 1296 1111 δοχειαρία
1318 1037 1368 1106 της

68 1151 174 1212 εἰσόδου
197 1159 252 1214 τών
274 1156 448 1228 νομισμάτων
471 1155 529 1230 ἅμα
551 1159 584 1236 τῇ
608 1153 688 1235 ἑτέρᾳ
711 1151 854 1236 δοχειαρίφι
876 1158 909 1235 τῇ
933 1150 977 1212 ἐπὶ
995 1157 1042 1212 τού
1065 1150 1180 1233 βεστίου,
1204 1150 1306 1228 εἰδησει
1320 1151 1367 1212 καὶ

65 1275 201 1356 παρουσίᾳ
221 1281 272 1351 τῆς
294 1277 450 1354 ἡγουμένης
481 1272 669 1356 ἀπογράψεται
691 1281 780 1335 πᾶσαν
803 1273 909 1334 εἴσοδον
933 1270 978 1334 διά
1001 1278 1183 1355 νομισμάτων,
1216 1273 1367 1346 είσοδιαζο-

68 1399 153 1471 μένην
178 1395 218 1468 εἰς
240 1399 271 1458 τδ
299 1400 488 1476 μοναστηριον,
519 1397 563 1457 οἵα
585 1395 632 1456 καί
655 1397 717 1456 ὅθεν
741 1397 821 1476 ἐστίν,
853 1395 1033 1472 ἐκβάλλουσα
1055 1397 1087 1456 δὲ
1110 1397 1158 1456 ἀπ’
1171 1399 1258 1456 αύτών
1280 1417 1367 1477 προσ-

66 1515 140 1589 τάξει
173 1525 223 1595 τῆς
253 1520 464 1597 καθηγουμένης
494 1520 629 1594 ποσότητα
659 1516 842 1597 νομισμάτων,
873 1519 939 1594 δσην
972 1521 1004 1578 ἀν
1036 1518 1142 1593 αύτίγὴ
1172 1519 1367 1596 καθηγουμένη

69 1641 187 1722 θελήσῃ,
216 1639 264 1700 καὶ
292 1642 521 1722 προσγραφομένη
551 1641 649 1715 ταύτην
673 1639 763 1719 ἐντῷ
795 1640 884 1721 μικρῷ
914 1643 1079 1721 προσγράφῳ
1107 1641 1177 1716 μετὰ
1199 1645 1248 1717 τῆς
1272 1640 1368 1718 ἐτέρας

70 1761 228 1842 δοχειαρίας
256 1763 323 1837 αύτη
346 1763 539 1842 παραλήψεται
566 1764 665 1838 ταύτην
687 1761 735 1822 καὶ
758 1759 901 1842 ἐξοδιάσει,
930 1762 995 1821 ἔνθα
1016 1765 1033 1836 ἡ
1056 1763 1250 1841 καθηγουμένη
1280 1781 1368 1841 προσ-

68 1881 153 1964 τάξει,
183 1888 358 1966 προσγράφου
387 1885 575 1965 λεπτομεροῦς
597 1890 646 1962 τῆς
677 1882 772 1958 ἐξόδου
794 1890 847 1944 τών
870 1885 996 1944 τοιούτων
1028 1886 1200 1960 νομισμάτων
1223 1885 1368 1962 γινομένου

69 2008 130 2085 παρ’
143 2007 236 2086 αύτῇς,
264 2007 325 2081 ἥτις
348 2007 418 2082 μετὰ
439 2007 470 2067 τδ
491 2007 637 2088 πληρώσαι
659 2002 694 2066 τά
715 2005 869 2082 νομίσματα
892 2005 1054 2082 ἀποκομίσει
1075 2007 1105 2066 τό
1127 2009 1298 2087 πρόσγραφον
1321 2003 1368 2065 καὶ

70 2126 316 2208 λογαριασθήσεται
338 2129 413 2208 παρὰ
435 2133 484 2204 τῆς
505 2129 717 2208 καθηγουμένης
740 2127 854 2188 ἐνώπιον
877 2125 924 2187 καὶ
945 2133 995 2203 τῆς
1011 2129 1106 2208 ἑτέρας
1130 2128 1298 2208 δοχειοιρίας,
1321 2126 1368 2188 καί

72 2248 225 2329 ἀπογραφαί
252 2255 306 2310 τών
336 2251 545 2330 τοιουτοτρότως
576 2247 792 2325 έξοδιαζομένων
822 2251 995 2324 νομισμάτων
1019 2250 1048 2309 ἐν
1079 2248 1203 2321 ἰδιάζοντι
1232 2250 1368 2330 κοντακίῳ

71 2373 338 2450 καταστρωννύμεναι
361 2370 401 2444 είς
423 2373 453 2431 τδ
477 2371 587 2449 δοχεῖον
610 2372 714 2432 κεῖσθαι
737 2371 898 2451 ὀφείλουσιν,
922 2367 1070 2444 εἶθόύτως
1092 2372 1265 2450 ἀναλήψεται
1284 2373 1368 2432 πάλιν

73 2493 150 2572 ἕτεροι
161 2491 182 2576 Ι)
205 2492 360 2568 νομίσματα
382 2495 400 2570 ἡ
424 2494 567 2574 δσχειαρία
588 2489 735 2574 προστάξει
757 2499 807 2570 τῆς
828 2495 1039 2571 καθηγουμένης
1060 2493 1107 2554 καὶ
1123 2495 1207 2565 ούτως
1222 2497 1368 2574 γενήσεται

74 2612 110 2684 εἰς
131 2618 161 2675 τδ
185 2615 318 2690 διηνεκές.
365 2617 396 2674 τδ
419 2618 511 2691 μέντοι
540 2617 666 2691 κιβώτιον
689 2621 743 2676 τῶν
765 2617 892 2676 τοιούτων
914 2613 1087 2691 νομισμάτων
1109 2622 1158 2693 τῆς
1181 2614 1368 2689 είσοδοεξόδου

74 2737 174 2814 όφειλει
198 2737 410 2818 ἐσφραγισμένον
433 2732 503 2798 εἶναι
525 2741 600 2818 παρά
622 2759 651 2798 τε
674 2743 728 2797 τών
752 2737 798 2797 δύο
822 2738 985 2818 δοχειαριών
1000 2735 1048 2798 καὶ
1064 2741 1146 2812 αύπης
1160 2743 1211 2814 τῆς
1225 2740 1367 2818 καθηγου-

74 2861 164 2936 μένης.
190 2861 282 2939 ἕτερον
306 2859 338 2918 δέ
353 2855 480 2934 κιβώτιον
503 2859 662 2935 βουλόμεθα
676 2861 782 2919 κεῖσθαι
799 2858 881 2937 ἐντῷ
897 2860 1129 2939 σκευοφυλακείῳ,
1154 2860 1368 2940 ἐσφραγισμένον

73 2984 143 3061 παρά
165 3002 194 3040 τε
217 2987 268 3056 της
290 2981 510 3060 καθηγουμένης,
533 2986 579 3041 τού
602 2980 755 3062 οἰκονόμου,
779 2987 827 3056 τῆς
850 2981 1098 3059 σκευοφυλακίσσης
1120 2980 1235 3040 καὶτῶν
1251 2981 1366 3060 δοχεια-

74 3109 143 3183 ριών,
174 3105 241 3183 όπερ
272 3103 377 3183 δφειλει
407 3104 482 3182 ἔχειν
511 3104 545 3163 τά
576 3103 728 3163 ἐναπέθετο
757 3103 920 3179 νομίσματα.
966 3104 1011 3162 δτε
1042 3108 1107 3181 γσύν
1138 3104 1324 3186 συμπληρωθῇ
1352 3105 1367 3162 ό

73 3228 169 3304 χρόνος
183 3224 231 3284 καί
247 3223 433 3306 εύρίσκηταιῖ)
449 3223 488 3303 τῷ
501 3231 551 3307 τῇς
564 3226 797 3306 Κεχαριτωμὲνης
814 3225 889 3285 ἐλέει
904 3225 1092 3305 περιττεύοντά
1107 3246 1165 3285 τινα
1181 3219 1336 3302 νομίσματα
1343 3225 1366 3308 ³)

74 3347 193 3420 παλαιᾶς
215 3349 358 3422 ποιότητος
372 3347 447 3426 ὄντα,
471 3347 509 3422 μὴ
525 3347 646 3426 χρειώδη
661 3352 808 3422 τηνικαῦτα
826 3344 995 3425 τυγχάνοντα
1009 3353 1042 3429 τῇ
1059 3353 1140 3428 μονῇ,
1165 3347 1367 3408 ἐναποτίθεσθαι

73 3473 153 3528 ταῦτα
174 3469 214 3547 τῷ
237 3467 374 3550 εἰρημένῳ
396 3467 516 3549 κιβωτίῳ
539 3469 800 3548 ἀποσφραγιζομένῳ
815 3467 862 3527 καὶ
885 3470 1100 3548 σφραγιζομένῳ,
1123 3469 1216 3540 καθώς
1239 3469 1367 3550 ἀνωτέρω

75 3587 184 3671 εἴρηται,
214 3593 391 3672 προσγραφήν
412 3611 443 3650 τε
472 3591 593 3667 γίνεσθαι
616 3597 665 3667 τῆς
687 3597 741 3650 τών
770 3593 944 3666 νομισμάτων
962 3591 1140 3670 ἀποθέσεως,
1171 3593 1262 3672 ώσπερ
1283 3592 1367 3651 πάλιν

75 3707 149 3792 (ὅπερ
176 3711 349 3796 ἀπεύχομαι)
380 3721 499 3794 τυχηροῦ
527 3734 598 3784 τινος
629 3711 782 3788 συμβάντος
805 3711 845 3784 εἰς
867 3713 915 3788 τὴν
942 3715 1038 3792 μονήν,
1070 3715 1140 3772 ώστε
1164 3713 1202 3788 μὴ
1235 3713 1311 3791 ἔχειν
1333 3713 1367 3772 τά

73 3835 136 3911 πρός
159 3831 255 3906 ἔξοδον
278 3837 377 3910 ταύτης
407 3835 577 3926 ἀλλαχόθεν,
609 3835 854 3915 ἀποσφραγίζεσθαι
876 3837 907 3894 τδ
929 3839 1046 3895 τοιοῦτον
1069 3829 1196 3910 κιβώτιον
1217 3835 1292 3914 παρὰ
1313 3840 1368 3894 τών

75 3958 267 4034 σφραγιζόντων
289 3955 336 4017 καὶ
360 3957 549 4033 ἐκβάλλεσθαι
570 3960 707 4032 ποσότητα
730 3959 903 4034 νομισμάτων
925 3957 985 4016 τινά
1007 3954 1053 4016 καὶ
1078 3956 1199 4016 δίδοσθαι
1221 3961 1305 4016 ταύτα
1328 3954 1368 4028 εἰς

73 4077 99 4134 τό
121 4077 232 4156 δοχεῐον
254 4078 302 4138 καὶ
324 4077 481 4159 προβαίνειν
503 4078 552 4150 τάς
576 4075 696 4158 ἐξόδους,
720 4078 814 4151 καθώς
837 4078 941 4138 ἀνωθεν
965 4077 1078 4158 εἴρηται.

172 4200 252 4278 Κεφ.
269 4198 325 4260 κε’.
353 4198 432 4280 Περὶ
454 4206 512 4278 τῆς
534 4201 760 4282 τραπεζαρίας
781 4199 910 4276 καὶτῆς
932 4200 1052 4276 ταύτης
1074 4199 1255 4272 διακονίας.
1287 4199 1368 4260 Μετόι

75 4317 100 4378 δέ
122 4327 176 4380 τών
199 4317 298 4381 ἄλλων
322 4321 525 4401 διακονητριιῖιν,
549 4316 587 4380 ών
603 4317 661 4382 οἶδε
678 4323 780 4382 δεῖσθαι
795 4324 812 4396 ἡ
829 4327 882 4382 τών
905 4323 1086 4397 κοινοβιακώς
1106 4315 1213 4392 ζώντων
1230 4321 1366 4400 διαγωγή,

73 4444 305 4522 τροχειριεῖταιή
335 4443 476 4522 ἡγουμένη
499 4441 545 4502 καὶ
568 4444 759 4524 τραπεζαρίαν,
790 4443 966 4504 διακονοῦσαν
990 4445 1040 4520 μὲν
1064 4441 1234 4522 καὶτᾶλλα,
1265 4447 1367 4525 ὅσαπερ

75 4598 276 4610 ψ

173 4705 193 4770 ¹)
213 4701 281 4772 έτέρα
298 4701 335 4752 Μ.
408 4703 429 4768 ²)
449 4699 584 4770 εὑρίσκεται
601 4704 636 4754 Μ.
710 4705 729 4770 ³)
747 4702 904 4774 νομισμάτων
916 4705 952 4756 Μ.
