3194 5298
244 329 306 396 152

242 529 340 598 ζωνται
371 525 410 600 μὴ
440 528 486 582 τοῦ
509 521 699 603 μσναστηρίου,
729 521 796 580 ἀλλ’
808 519 874 580 ίδιαι
900 526 954 580 τῶν
981 521 1041 581 κατ’
1056 519 1124 580 ἰδίαν
1148 521 1343 598 σφαγισάντων,
1367 517 1418 578 καὶ
1448 517 1590 602 ἐκεῖνετγ

243 644 275 721 ἐξ
299 646 373 708 ἰδίων
395 645 575 725 ἀποπληρῦσι
596 643 646 716 τάς
668 644 905 724 ἐμπεριεχομένας
921 643 950 702 ἐν
964 645 1025 715 ταῖς
1039 643 1173 714 τοιαύταις
1188 641 1350 719 ὁμολογίαις
1363 641 1590 726 γρημοττικάιςῳ

193 751 196 756 ’
242 772 404 848 ποσθτητας,
427 761 499 828 οῦτοι
522 766 563 846 δέ,
587 766 698 842 δηλαδὴ
721 767 735 824 δ
755 766 909 844 ήγοῦμενος
924 765 995 841 μετά
1008 771 1062 826 τῶν
1077 768 1214 846 τεσσάρων
1229 770 1284 824 τῶν
1300 761 1590 843 ἐπιτετραμμένων

242 893 276 952 τά
298 898 346 969 τῆς
368 889 516 971 σφραγῖδος
536 892 677 968 τμήματα,
702 889 786 967 έχωσι
805 895 893 948 πάσαν
908 887 1158 968 πληρεξουοιάτητα
1172 893 1221 963 τῆς
1238 886 1387 964 ἐκκλησίας
1404 888 1568 965 ἐπιτιμᾶν,

243 1012 414 1095 σωφρονίζειν
438 1007 507 1098 [καί]
530 1009 703 1087 ἀποβάλλειν
723 1011 757 1071 ἐκ
770 1016 820 1087 τῆς
836 1015 922 1087 μονῆς
936 1011 998 1082 τοῦς
1013 1011 1195 1083 ἀτακτοῦντας
1208 1009 1256 1070 καί
1269 1010 1331 1082 τοῦς
1347 1011 1568 1088 έκνευροῦντας

242 1137 304 1208 τοῦς
334 1135 552 1216 μετερχομένους
578 1135 610 1193 τίν
633 1129 717 1194 ἆθλον
739 1138 788 1209 της
811 1133 953 1209 ἀσκήσεως
974 1130 1022 1193 καί
1044 1134 1082 1208 μὴ
1105 1134 1291 1212 πειθομένους,
1312 1133 1482 1192 τελευταῖον
1511 1133 1566 1190 διὰ
1589 1199 1590 1226 γ

243 1263 337 1334 κοινῆς
360 1258 445 1317 αῦτῦν
468 1256 605 1337 ἀναφορᾶς
628 1251 815 1334 ἀναγγέλλειν
830 1261 863 1337 τῇ
881 1254 1029 1338 ἐκκλησίᾳ·
1066 1253 1163 1336 ὄγδοον
1187 1253 1285 1332 μηδείς
1299 1260 1345 1314 τοῦ
1360 1255 1563 1334 μοναστηρίου

243 1381 336 1442 τοῦτου
367 1380 476 1456 δῦνηται
505 1383 552 1439 τοῦ
583 1379 681 1439 λοιποῦ
707 1379 811 1438 πωλεῖν
835 1378 1049 1458 μοναστηριακδν
1071 1377 1245 1437 ῦπαοτατινάν
1267 1377 1331 1436 ἀνευ
1352 1383 1403 1454 τῆς
1426 1377 1563 1452 νομίμου

246 1501 377 1578 εἰδήσεως
405 1505 451 1561 τοῦ
479 1499 552 1560 κατὰ
580 1501 675 1581 καιρδν
698 1498 809 1577 οἰκουμε
810 1506 884 1562 νικοῦ
906 1503 1084 1581 πατριάρχου,
1119 1499 1142 1560 εἰ
1166 1499 1203 1575 μὴ
1228 1500 1310 1574 μόνον
1332 1499 1382 1572 τάς
1404 1501 1560 1571 κατ’έτος

246 1622 407 1704 ἐπικαρπίας
428 1621 475 1682 καί
495 1622 530 1682 τά
551 1625 710 1702 γεννήματα
732 1621 779 1682 καί
801 1625 836 1682 τά
858 1643 995 1704 μοναστηρ
997 1623 1060 1683 τακά
1083 1625 1228 1704 θρέμματα
1250 1622 1341 1684 διὰ
1315 1643 1364 1694 τας
1387 1622 1560 1701 ἀναγκαίας

245 1747 325 1806 αἰιτου
312 1744 449 1827 χρείας·
486 1745 595 1806 ἔννατον
619 1744 755 1805 έπειδάν
744 1765 773 1805 εν
787 1746 871 1828 χρείᾳ
885 1745 1054 1826 χειροτονίας
1068 1748 1210 1827 γένωνται,
1228 1747 1328 1824 ἔχωσιν
1344 1745 1441 1806 ἄδειαν
1457 1765 1515 1825 ρτ
1501 1767 1557 1803 σ-

244 1869 343 1929 καλεῖν
374 1865 413 1941 είς
442 1887 473 1928 το
502 1887 736 1949 σταυροπηγιακον
765 1869 845 1944 ήμῶν
874 1871 951 1928 τοῦτο
980 1871 1117 1949 μοναυτήρ
1103 1889 1170 1949 ριον,
1204 1869 1233 1928 δν
1256 1871 1289 1928 ἀν
1312 1867 1470 1941 βούλωνται
1493 1873 1555 1926 τῶν

246 1991 407 2073 ἀρχιερέων,
429 1993 545 2070 φέροντα
568 1991 704 2072 ἔγγραφον
728 1989 822 2050 άδεταν
845 1991 1042 2071 πατριαρχικήν
1065 1989 1113 2050 καί
1134 1991 1274 2067 συνοδικήν
1298 1988 1343 2050 έπί
1361 1990 1400 2069 τῳ
1417 1989 1556 2049 ἐκτελεῖν

246 2113 328 2188 αῦτην
351 2112 421 2188 μετὰ
442 2114 532 2189 πάσης
553 2118 604 2190 της
618 2117 765 2188 κανονικῆς
779 2115 1009 2193 παρατηρήσεως·
1034 2112 1148 2173 δέκατον
1166 2111 1259 2173 δὲκαὶ
1274 2113 1442 2190 τελευταῖον,
1467 2112 1553 2190 ἀφεί-

246 2234 340 2295 λουσιν
364 2233 389 2293 οἰ
411 2233 441 2294 ἐν
464 2231 536 2313 αῦτῷ
559 2234 768 2311 ουνασκοῦμενοτ
790 2236 907 2314 πατέρες
930 2235 1072 2314 φυλάττειν
1094 2235 1129 2295 τὰ
1153 2235 1182 2294 έν
1202 2234 1241 2314 τῷ
1256 2237 1365 2314 παρόντι
1381 2229 1557 2319 [γράμματι]
1589 2243 1590 2312 ί

248 2357 393 2417 ἐκτεθέντα
416 2356 609 2437 ἀπαράτρεπτα
631 2355 678 2417 καί
701 2357 866 2438 ἀπαράβατα
889 2356 935 2416 διὰ
956 2358 1057 2429 παντδς
1078 2356 1125 2418 καί
1140 2358 1280 2418 πείθεσθαι
1295 2356 1334 2437 τῷ
1349 2356 1421 2416 κοπά
1435 2359 1555 2436 καιροὺς
1589 2437 1590 2452 ¹

246 2480 392 2558 ἡγουμένῳ
414 2476 461 2537 καί
485 2479 588 2557 διάγειν
612 2484 728 2560 σεμνῶς,
753 2477 895 2560 εἰρηνικῶς
917 2478 963 2541 καί
987 2481 1137 2556 ἀμέμπτως
1151 2477 1223 2541 κατά
1237 2482 1281 2540 τὀν
1297 2481 1377 2542 τῦπον
1391 2484 1438 2540 τοῦ
1454 2500 1549 2554 μονα·
1589 2499 1590 2502 ’

247 2601 324 2662 διττοῦ
356 2589 580 2680 ἐπαγγέλματος,
615 2600 768 2683 ἀφορῶντες
797 2603 864 2681 πρδς
886 2601 935 2678 τἠν
957 2603 1124 2679 κοσμιότητα
1146 2604 1226 2663 αὺτοῦ
1248 2601 1294 2663 καί
1316 2603 1365 2678 τήν
1387 2602 1458 2662 κατά
1479 2603 1545 2662 θεάν

247 2722 388 2802 διαγωγὴν
410 2721 457 2782 καί
480 2721 619 2782 πολιτείαν
642 2721 689 2783 καί
711 2726 778 2804 πρὸς
799 2723 847 2799 τήν
864 2723 1006 2798 βελτίωοιν
1021 2723 1068 2784 καί
1084 2723 1193 2799 αὔξησιν
1209 2730 1255 2785 τοῦ
1270 2723 1342 2806 ἱεροῦ
1356 2725 1436 2802 ἡμῶν
1450 2724 1542 2782 τοῦτου

246 2848 482 2926 σταυρσπηγιακοῦ
510 2844 698 2926 μοναστηρίου,
734 2846 862 2920 ἑπόμενοι
891 2845 931 2925 τῷ
960 2845 1081 2925 θεοφιλεῖ
1112 2845 1205 2926 σκοπῷ
1234 2851 1283 2922 τῆς
1315 2844 1463 2922 ἐκκλησίας
1493 2851 1544 2920 της

248 2967 390 3048 ἀγρίιπνως
411 2967 580 3046 προνοοῦσης
601 2965 663 3048 περὶ
686 2973 734 3043 τῆς
757 2967 914 3039 εῦσταθείας
935 2972 989 3028 τῶν
1012 2968 1197 3044 ὑποκειμένων
1221 2989 1287 3048 αυτη
1304 2975 1543 3048 σταυροπηγιακῶν

249 3090 328 3171 ἰερῶν
353 3088 538 3170 μοναστηρίων
560 3087 608 3149 καί
631 3089 659 3148 ἐν
681 3093 741 3160 ταῖς
763 3088 849 3170 ἱεραῖς
872 3089 1045 3162 ἀκολουθίαις
1066 3088 1252 3169 διαφυλάττειν
1275 3091 1323 3164 την
1346 3089 1461 3170 ἀρχαίαν
1477 3089 1540 3149 δια-

247 3212 361 3272 τῦπωσιν
384 3212 603 3293 ἀπαράτρεπτον·
627 3211 699 3282 ὅστις
723 3211 823 3272 δὲκαὶ
852 3213 944 3284 ὁποῖος
966 3217 1019 3271 τῶν
1041 3218 1212 3292 χριστιανῶν,
1237 3211 1385 3292 ἰερωμένσς
1406 3215 1423 3287 ή
1446 3213 1540 3282 λαίκδς

248 3335 390 3394 ἀποιασοῦν
420 3333 526 3406 τάξεως
555 3331 603 3394 καὶ
633 3333 748 3413 βαθμοῦ,
779 3335 913 3410 τολμήσει
937 3333 1094 3415 παραβῆναι
1121 3336 1245 3394 ὁπωσοῦν
1267 3335 1301 3393 τὰ
1324 3335 1352 3393 ἐν
1375 3333 1413 3411 τῷ
1434 3337 1540 3415 παρέντι

249 3454 373 3530 νομίμως
395 3454 441 3514 καί
463 3461 614 3526 κανονικῶς
637 3455 825 3533 ἀποφανθέντα
847 3453 894 3515 καί
916 3456 1054 3537 ἀνατρέψῃ
1076 3477 1101 3514 τι
1123 3461 1177 3515 τῶν
1200 3456 1329 3536 ἀνωτέρω
1344 3475 1535 3536 καταγεγραμ-

250 3577 349 3654 μένων,
379 3577 393 3634 δ
420 3581 537 3648 τοιοῦτος
560 3575 746 3656 ἀφωρισμένος
769 3575 812 3652 είη
835 3575 882 3636 καί
903 3580 1094 3658 κατηραμένος
1116 3576 1164 3636 καί
1187 3577 1383 3658 ἀσυγχώρητος
1405 3576 1449 3637 καί
1471 3580 1537 3654 μετὰ

249 3699 364 3759 θάνατον
394 3697 495 3770 άλυτος
524 3697 571 3758 καί
600 3701 700 3770 πάσαις
728 3701 788 3770 ταῖς
818 3703 960 3778 πατρικαῖς
983 3698 1029 3758 καί
1056 3698 1208 3771 συνοδικαῖς
1231 3700 1311 3780 ἀραῖς
1333 3699 1472 3772 ῦπεῦθυνος
1493 3699 1536 3761 καί

249 3821 376 3893 ῦπάδικος
398 3817 445 3880 καί
468 3820 565 3897 ἔνοχος
587 3817 625 3900 τῷ
649 3817 749 3899 αἰωνίῳ
771 3819 903 3899 πυρίτης
926 3822 1049 3898 γεέννης.
1084 3824 1145 3882 ὅθεν
1169 3820 1209 3894 εἰς
1233 3820 1344 3894 ἔνδειξιν
1367 3820 1412 3882 καί
1431 3823 1533 3898 διηνεκῆ

250 3943 298 4019 τἠν
321 3942 471 4021 ἀσφάλειαν
496 3942 606 4020 ἐγένετο
628 3939 675 4001 καί
697 3943 727 4000 τδ
749 3943 834 4023 παρδν
857 3945 991 4022 ήμέτερσν
1006 3945 1201 4024 πατριαρχικδν
1217 3943 1354 4004 συνοδικδν
1369 3945 1532 4022 σιγιλλιιῖνδες

252 4065 281 4124 ἐν
304 4065 475 4146 μεμβράναις
498 4066 624 4144 γράμμα,
647 4063 837 4145 καταστρωθὲν
859 4065 910 4124 κάν
933 4064 972 4142 τῷ
992 4064 1056 4146 ἰερῴ
1072 4065 1170 4126 κάδικι
1184 4073 1233 4142 της
1250 4067 1380 4144 μεγάλης
1396 4066 1531 4140 ἐκκλησίας

250 4185 289 4264 τῷ
312 4187 356 4246 ἐπ’
369 4187 440 4265 αὐτῷ
462 4187 547 4265 τούτῳ
570 4187 735 4268 διορισθέντι,
758 4183 805 4246 καί
829 4186 909 4260 ἐδέθη
934 4184 973 4258 είς
995 4188 1025 4246 τδ
1049 4187 1130 4266 ῥηθὲν
1154 4191 1331 4269 μοναστήριον
1352 4187 1385 4248 ἐν
1403 4189 1463 4248 έτει
1477 4209 1529 4247 σω-

250 4308 351 4389 τηρίῳ
377 4305 541 4387 χιλιοστῷ
565 4307 813 4388 έπτακοσιοστῳ
837 4309 1066 4389 ἐννενήκοοτῷ
1089 4311 1197 4389 ὀγδόῳ
1220 4311 1305 4371 κατά
1327 4317 1412 4386 μῆνα
1433 4309 1528 4371 ίανσυ-

252 4433 343 4511 άρισν
367 4431 600 4506 έπινεμήσεως
621 4432 751 4511 πρώτης
773 4435 799 4508 ή.

355 4557 371 4628 †
398 4553 591 4632 Γρηγάριος,
626 4552 713 4631 ἐλέῳ
743 4553 819 4612 θεοῦ
850 4553 1113 4632 ἀρχιεπίσκοπος
1147 4556 1526 4632 Κωνσταντινουπάλεως,

252 4674 342 4749 Νέας
364 4668 503 4755 Ῥώμης,
526 4672 580 4734 καί
604 4671 839 4751 οἰκουμενικδς
860 4679 1069 4756 πατριάρχης
1091 4681 1117 4754 †.
