3486 5282
1273 339 1333 404 237

63 533 128 592 οῗποῦ
150 531 180 592 ἐκ
201 532 339 609 θεμελίων
360 533 487 594 παλαιῶν
510 533 651 612 ἀνέστησε,
673 533 772 608 ταύτην
793 533 840 592 καὶ
862 537 1014 612 γυναικεῖον
1029 536 1178 610 κατέστησε
1193 533 1337 610 κοινόβιον.

60 658 231 732 ἀποσχόμενος
252 656 374 736 πληροῦν
396 657 426 714 τό
448 655 509 716 κατ’
523 655 584 728 ἔτος
608 657 689 730 μόνον
711 658 857 736 χαράτζιον
871 655 906 714 τά
920 655 959 716 σε’
976 656 1067 736 ἀσπρα
1081 659 1174 716 ἕνεκεν
1190 657 1336 734 ὑποταγῆς.

60 779 85 836 έν
112 770 150 848 οἷς
178 780 273 852 μοναῖς
302 774 404 854 ἠξίωσε
435 777 581 850 συνοδικῶς
610 776 659 852 τὴν
685 779 764 852 ἡμῶν
787 779 948 858 μετριότητα
974 775 1020 838 καὶ
1042 779 1104 850 τοὺς
1125 779 1337 858 καθευρεθέντας

59 899 190 979 ἀρχιερεῖς,
215 899 242 960 εί
260 921 319 960 τινα
340 904 373 960 ἀν
396 900 475 971 αθτός
499 899 615 977 εὔλογον
637 897 684 960 καί
705 901 819 976 νόμιμον
827 901 849 976 ¹)
873 901 979 984 θελήση
995 900 1120 977 διαθῆναι
1135 901 1236 974 ἐντοῖς
1251 903 1337 962 οιθτῶν

57 1021 164 1095 κτημοτί
184 1041 214 1081 τε
237 1021 284 1082 καὶ
306 1024 457 1101 πράγμασι,
479 1025 598 1096 κινητοῖς
620 1041 649 1082 τε
672 1019 719 1081 καὶ
742 1021 888 1100 ἀκινήτοις,
912 1022 950 1084 ἔτι
973 1022 1005 1082 δὲ
1026 1019 1073 1082 καὶ
1087 1021 1149 1104 περὶ
1163 1023 1338 1099 κοινοβιακῆς

58 1143 195 1221 διαγωγῆς,
226 1145 277 1203 όσα
308 1147 340 1202 ἀν
372 1144 533 1204 διεπίπωσεν
562 1147 580 1218 ἢ
609 1143 711 1219 μέλλοι
740 1141 780 1234 είς
806 1145 916 1222 θστερον
943 1144 1067 1220 διαθῆναι
1094 1142 1140 1204 καὶ
1163 1144 1337 1224 διαπκτῶσαι,

58 1265 135 1341 ἔχωσι
155 1267 183 1324 τό
205 1269 296 1346 κῦρος,
319 1267 349 1326 τό
372 1267 484 1346 στέργον
506 1263 553 1324 καί
574 1265 686 1340 βέβαιον
701 1265 748 1326 καί
764 1262 827 1326 ὦσιν
843 1265 1041 1346 ἀμεταποίητα,
1064 1265 1112 1326 καί
1127 1268 1177 1326 όσα
1193 1267 1338 1343 ἀνέστησεν

57 1387 83 1444 έν
105 1389 228 1461 αάταῖςῆ
253 1385 284 1460 ἐξ
307 1389 455 1468 ἀγορασίαις
479 1386 549 1460 ίδίας
573 1387 713 1468 έπορίσατο
734 1385 842 1470 ἢποιρά
856 1409 934 1450 τινων
950 1389 1146 1470 ἀφιερῶθησοιν,
1171 1389 1231 1467 ἔχοι
1247 1388 1340 1448 ἀδειοιν

56 1507 217 1584 διιμοιροῖσσι
239 1514 322 1569 ταῦτα
346 1510 375 1569 ἐν
398 1511 573 1590 ἀμφοτέραις,
597 1511 635 1582 ὡς
656 1512 747 1590 κύριος
769 1508 817 1571 καὶ
836 1509 979 1586 οἰκονόμος
994 1512 1081 1571 αῐιτῶν
1096 1508 1143 1571 καὶ
1159 1511 1339 1590 ἐπιμελητής,

55 1630 206 1708 ἀρειλόντων
234 1637 286 1690 τῶν
314 1632 344 1691 ἐν
370 1637 403 1714 τῇ
431 1627 539 1715 ἀνδρῴρ
566 1639 636 1715 μονῇ
664 1639 794 1710 μοναχῶν
816 1655 846 1694 τε
869 1632 916 1694 καὶ
938 1633 1126 1714 ῖερομονάχων
1147 1631 1226 1693 παντὶ
1247 1636 1340 1714 τρόπῳ

56 1753 293 1828 ἀντιλαμβάνεσθαι
322 1759 371 1828 τῆς
400 1755 557 1831 γυναικείας
588 1760 675 1830 μονῆς
701 1752 748 1814 καὶ
771 1754 929 1828 ἐπιβλέπειν
951 1753 999 1814 καί
1022 1755 1120 1835 ἐφορᾶν
1144 1755 1225 1832 αἶα-ἠν
1248 1754 1287 1827 είς
1310 1775 1339 1814 τε

55 1874 86 1930 τά
107 1875 202 1952 ψυχικά
223 1873 271 1934 καί
293 1876 436 1951 σωματικὰ
458 1873 506 1936 καί
529 1877 692 1956 ἐκλέγεσθαι
714 1878 778 1957 παρ’
791 1879 878 1938 αὑτῶν
901 1880 1014 1957 γηραιόν
1036 1879 1172 1958 χρήσιμον
1194 1879 1339 1958 πρόσωπον

54 1995 225 2076 ίερομονόχοο
254 2001 300 2058 τοῦ
328 1999 417 2058 ἐκεῖσε
446 1998 475 2057 ἑν
500 1997 540 2076 τῷ
566 2001 725 2078 τεταγμένῳ
753 1997 839 2080 καιρῷ
862 1999 909 2074 τἠν
932 1999 1095 2060 ἀκολουθίαν
1117 2005 1166 2075 τῆς
1189 1993 1340 2074 ἐκκλησίας

56 2117 188 2198 ἐπιτελεῖν,
218 2119 321 2194 ὁμοίως
352 2119 383 2180 δὲ
413 2119 460 2180 καὶ
489 2117 632 2194 οἰκονόμον
662 2119 839 2180 καθίστασθαι
867 2123 912 2180 τόν
943 2122 1104 2202 ἁρμόζοντα,
1135 2123 1165 2194 δς
1188 2123 1220 2180 ἀν
1248 2122 1339 2194 αθταῖς

56 2240 163 2322 ότηρετῄ
193 2241 227 2299 τά
255 2242 323 2320 πρός
354 2243 505 2322 ζωοίρκειαν
536 2241 570 2301 ἐκ
596 2245 643 2301 τοῦ
671 2241 829 2323 έργοχείροο
859 2245 946 2303 αἰτῶν
975 2242 1022 2303 καί
1052 2244 1159 2304 ἐκτῶν
1182 2248 1231 2319 τῆς
1254 2248 1340 2318 μονῆς

56 2365 190 2436 κτημάτων
212 2383 242 2421 τε
264 2361 311 2422 καὶ
333 2365 501 2442 πραγμάτων
524 2359 592 2448 [καὶ]
616 2366 654 2438 ῶς
678 2365 818 2445 ἐπίτροπος
841 2367 924 2440 αθπης
947 2365 1083 2448 σπουδάζη
1104 2363 1143 2436 εἰς
1159 2365 1206 2440 την
1222 2363 1340 2426 ἐπίδοσιν

56 2484 130 2559 αῖτης
150 2504 179 2543 τε
201 2482 249 2544 καί
271 2481 390 2564 αόξησιν,
414 2486 452 2556 ὡς
476 2485 554 2557 αθτός
577 2485 720 2564 ἐγγράφως
743 2486 853 2568 διατεθῇ
869 2487 898 2546 ἐν
913 2489 973 2560 ταῖς
989 2487 1118 2566 έσηάτοιις
1134 2489 1280 2558 ἀναπνοαῖς
1294 2483 1342 2546 καὶ

56 2603 207 2688 Ξιαμοιροίση
230 2606 327 2678 καλῶς
349 2607 464 2688 ἅπαντα,
496 2605 614 2683 μηδενός
639 2608 749 2686 ἔχοντος
772 2608 866 2668 ἀδειαν
889 2608 1023 2670 διασεῖσαι
1045 2613 1063 2685 ἢ
1088 2609 1239 2688 ἐνοχλῆσαι
1262 2609 1340 2668 αθτόν

57 2727 139 2786 ἕνεκεν
160 2729 270 2806 τούτων,
294 2729 331 2799 ῶς
354 2734 491 2809 πατρικῶν
515 2729 595 2789 αὐτοῦ
617 2730 793 2810 ὑπαρχόντων
814 2737 868 2790 τῶν
891 2732 1094 2812 ἀφιερωθέντων
1118 2731 1146 2790 έν
1163 2731 1255 2802 αθταῖς
1270 2751 1339 2806 κτη-

57 2851 140 2920 μάτων
161 2871 192 2910 τε
214 2849 261 2910 καί
282 2853 451 2930 πραγμάτων
474 2849 521 2910 καὶ
541 2851 743 2930 ἀφιερωθέντων
759 2849 832 2925 ἅπαξ
847 2853 886 2932 τῷ
901 2850 957 2932 θεῷ
971 2855 1019 2912 καί
1034 2853 1219 2928 ἀνεκποιήτων
1234 2873 1340 2931 τυγχα-

56 2973 145 3032 νόντων
165 2973 241 3054 παρὰ
262 2975 362 3046 παντός
383 2976 537 3054 προσώπου.
583 2975 621 3033 έτι
644 2974 782 3056 ἀνέφερεν,
806 2975 879 3046 όπως
901 2976 972 3048 τινὲς
994 2980 1047 3034 τῶν
1070 2982 1200 3054 μονοχῶν
1215 2973 1340 3034 ἀπελαυ-

56 3094 156 3166 νόμενοι
182 3101 233 3170 τῆς
264 3101 351 3172 μονῆς
380 3098 419 3168 ῶς
448 3096 599 3175 κακοποιοί,
629 3095 835 3178 τῇέξωτερικῇ
859 3096 999 3179 δυναστείᾳ
1020 3098 1094 3178 παρὰ
1116 3091 1200 3182 [τοὺς]
1223 3097 1339 3166 κανόνας

57 3219 184 3294 Ιχρεόμενοι
215 3218 390 3298 έπιστρέφωσι
419 3219 503 3278 πόλιν
534 3218 563 3278 ἐν
594 3220 670 3300 αθτῇ,
702 3219 797 3289 οἵτινες
829 3219 868 3290 ῶς
895 3219 1009 3279 ἐναντίοι
1036 3225 1089 3279 τῶν
1116 3218 1196 3300 ἱερῶν
1218 3221 1340 3278 κανόνων

58 3337 168 3399 Ι’πόδικοι
196 3340 303 3400 ἔσονται
325 3341 384 3412 ταῖς
407 3339 486 3421 ἀραῖς
508 3345 561 3399 τῶν
585 3335 744 3426 [θεοφόρων]
768 3342 901 3421 πατέρων.
940 3345 1023 3400 ταῦτα
1046 3341 1080 3416 δὴ
1103 3343 1190 3402 πάντα
1213 3339 1252 3413 εἰς
1274 3342 1339 3400 θεο-

60 3458 116 3536 φιλῆ
137 3459 183 3520 καί
205 3463 279 3521 θεῖον
302 3463 404 3522 σκοπόν
427 3462 568 3542 ἀφορῶντα
591 3461 630 3534 εἰς
653 3463 775 3523 σόστασιν
798 3469 851 3522 τῶν
875 3469 965 3538 μανῶν
989 3464 1122 3540 ἐζήτησαν
1146 3463 1340 3544 ἐπικυρωθῆναι

58 3585 130 3642 ταῦτα
151 3581 199 3642 καὶ
228 3584 303 3664 παρόι
331 3590 380 3660 τῆς
410 3585 488 3660 ἡμῶν
515 3585 689 3665 μετριότητος
710 3583 757 3644 καὶ
778 3588 838 3657 ταῖς
861 3587 1027 3666 ἀπογραφαῖς
1049 3592 1102 3646 τῶν
1125 3588 1341 3668 καθαιρεθέντων

58 3695 198 3785 ἆρχιερέων
220 3706 466 3782 όποσημειωθῆναι.
496 3705 536 3765 ἀιό
559 3704 606 3766 καὶ
627 3709 777 3786 γράφοντες
799 3707 1014 3789 ἀποφαινόμεθα,
1036 3708 1090 3788 ἵνα,
1114 3711 1185 3781 όστις
1208 3707 1247 3781 είς
1270 3709 1339 3769 ἀνα-

58 3829 147 3901 τροπὴν
175 3833 230 3886 τῶν
259 3827 394 3908 ῥηθέντων
416 3827 543 3910 τολμήσῃ
565 3833 699 3908 χωρῆσαι,
730 3827 880 3910 ίερωμένος
901 3831 982 3908 τυχόν
1004 3833 1023 3906 ἡ
1046 3831 1168 3910 μοναχός
1190 3834 1208 3905 ἢ
1231 3831 1339 3910 λαῖκός,

61 3943 73 3998 ό
91 3953 202 4021 τοιοῦτος
224 3969 272 4009 και
293 3970 368 4030 παρα
390 3950 453 4009 θεου
474 3949 559 4030 όργης
580 3945 703 4022 τεύξεται
725 3947 773 4010 καί
795 3950 921 4022 ὑπόδικος
945 3952 1020 4011 ἔσται
1041 3951 1079 4032 τῷ
1102 3952 1193 4031 ἀλότῳ
1209 3951 1256 4012 καὶ
1271 3951 1340 4012 αίω-

61 4065 101 4144 νίῳ
122 4070 258 4152 ἀφορισμῷ
281 4071 320 4151 τῷ
343 4069 396 4132 ἀπό
418 4073 481 4132 θεοῦ
502 4075 728 4154 παντοκράτορος.
754 4072 813 4134 ἐπεὶ
836 4073 881 4133 καί
905 4073 945 4146 είς
966 4075 1015 4150 πἠν
1037 4073 1098 4156 περί
1120 4076 1219 4134 τούτων
1234 4077 1341 4135 πόντων

62 4184 169 4262 δήλωσιν
196 4192 244 4254 καί
271 4194 422 4272 ἀσφάλειαν
449 4195 571 4270 ἀπελύθη
597 4193 644 4254 καὶ
668 4195 785 4272 ἐπεδόθη
814 4197 843 4254 έν
870 4195 1034 4277 ἀμφοτέραις
1056 4197 1115 4268 ταῖς
1138 4197 1233 4272 μοναῖς
1255 4194 1340 4271 καὶὴ

61 4317 169 4390 παροῦσα
192 4315 318 4391 σονοδικὴ
333 4315 381 4376 καί
404 4316 582 4398 έπικυρωτικὴ
605 4320 695 4396 γραφὴ
717 4324 771 4376 τῶν
786 4319 890 4377 λοιπῶν
905 4324 1108 4398 πατριαρχικῶν
1122 4323 1292 4398 γραμμάτων
1308 4319 1341 4378 ἐν

64 4427 121 4492 ἔτει
143 4438 203 4518 ,ζνδ
236 4442 261 4514 †.

65 4585 255 4604 ἡἮ--ῂ--ι-ι-

157 4701 174 4764 1)
192 4697 280 4768 εὔλογα
298 4699 338 4748 καὶ
356 4696 446 4768 νόμιμα
465 4699 496 4751 K.
