3222 5284
1290 339 1354 404 329

13 516 100 594 ³⁸²2&
122 533 174 608 μὲν
196 533 331 612 ἡμετέρου
353 535 450 610 γένους
472 534 725 613 σωτηριωδέστατον
746 531 870 612 αῦχημα,
893 539 946 592 τῶν
963 531 994 592 δέ
1012 534 1039 592 έν
1056 535 1177 612 οῦρανοῖς
1193 533 1354 614 όμηγύρεων

13 643 86 712 1*ἑόν
107 657 169 724 ταῖς
192 655 359 734 ἐπουρανίοις
382 656 420 726 ώς
440 653 523 735 εἰκός,
546 655 711 733 πανηγύρεσι
730 654 918 734 περιλάλητον
934 654 1110 734 ἀγαλλίαμα,
1134 652 1165 726 ἐξ
1181 653 1310 730 εῦσεβοῦς
1323 675 1355 714 τε

13 771 152 854 ’ζγένους
174 773 222 834 καὶ
245 777 313 854 πρδς
336 776 434 856 ἀρετὴν
458 776 568 856 εύφνοῦς
591 776 717 858 εὐμενείᾳ
739 777 802 834 θεοῦ
816 773 864 835 καὶ
878 778 938 848 ταῖς
958 778 1020 848 σαῖς
1035 773 1201 848 ἐπιστασίαις
1216 773 1263 836 καί
1278 777 1354 836 ἀντι-

16 895 156 974 ···λήιήεσι
176 899 225 973 τἠν
247 897 335 977 ἀρχὴν
357 896 544 976 ἐκληρώσατο,
568 899 601 956 τά
616 917 647 956 τε
661 896 729 977 πρός
748 895 897 976 ἀναγωγὴν
911 895 959 956 καὶ
978 896 1104 956 παιδείαν
1123 898 1173 956 ύπδ
1193 895 1356 968 καλλίστοις

13 1015 152 1092 *Γνόμοις
173 1017 421 1096 πεπαιδαγώγηιαι
442 1016 490 1076 καί
513 1017 541 1076 ἐν
566 1017 653 1076 ἔθεσιν
676 1016 798 1100 (ἀπέστω
821 1019 918 1095 φθόνος
938 1015 986 1076 καὶ
1007 1020 1115 1092 κόμπου
1138 1014 1246 1101 βάρος),
1276 1017 1355 1078 οῦδὲν

13 1137 30 1172 '³³
43 1140 241 1218 ’ἐπαγομένοις
269 1137 476 1218 ἐπισεσυρμένον
503 1141 521 1213 ἡ
550 1138 754 1216 δυσανάγωγον.
800 1136 847 1196 καὶ
873 1141 950 1198 τοῦτο
977 1139 1085 1208 πάντως
1112 1137 1200 1218 δῶρον
1222 1139 1286 1197 θεοῦ
1308 1136 1355 1198 καί

13 1240 42 1296 ³¹3·
57 1267 105 1335 τῆς
128 1261 298 1338 θεομήτορος
320 1279 376 1318 σου.
407 1262 441 1320 τά
455 1280 485 1319 τε
500 1261 568 1340 πρός
582 1261 632 1334 τὴν
646 1260 779 1338 χρονικὴν
794 1263 885 1338 σαφῶς
900 1260 1071 1339 τελειότητα,
1094 1259 1142 1318 τίνι
1157 1265 1211 1318 τῶν
1228 1259 1355 1318 ἁπάντων

14 1363 74 1455 ἐιή
98 1382 209 1440 ἀπασῶν
240 1381 336 1460 οῦτως,
366 1382 405 1452 ώς
428 1375 500 1459 ἐμοί,
529 1385 620 1462 τῄσή
651 1380 810 1462 θεραπαίνῃ,
842 1379 888 1439 διὰ
916 1382 1025 1440 πάντων
1057 1379 1204 1452 εῦώδωσας
1234 1381 1302 1461 πρδς
1324 1381 1355 1440 τό

17 1509 36 1540 -’-
60 1503 270 1582 εὐμαρέστερον,
297 1501 315 1576 ή
338 1503 395 1573 τοῖς
421 1503 528 1576 νοητοῖς
551 1499 597 1561 καί
627 1497 776 1582 ἀκηράτοις
798 1502 836 1574 ὡς
859 1500 972 1576 άληθῶς
995 1503 1160 1582 κροσσωτοίς
1182 1500 1354 1582 περιβεβλη-

24 1631 33 1662 ῑ·
59 1625 137 1698 μένη,
167 1602 384 1697 πεποικιλμένη
399 1619 545 1696 βασίλισσα
566 1619 614 1681 καὶ
637 1623 670 1682 ἐκ
700 1619 798 1694 δεξιῶν
830 1623 935 1682 ἑστῶσα
956 1626 1003 1682 τοῦ
1032 1626 1265 1702 παντοκράτορεςφ
1296 1625 1356 1694 ταῖς

15 1751 33 1784 ·'·
59 1744 110 1823 γἀρ
134 1743 169 1818 δὴ
191 1743 253 1803 κατ’
267 1742 424 1824 ἀνθρώπους
446 1741 596 1823 εῦετηρίαις
618 1743 652 1802 τά
674 1744 734 1802 κατ’
748 1743 799 1818 ἐμὲ
820 1743 992 1821 πανταχόθεν
1013 1744 1276 1822 περικυκλώσασαή
1294 1742 1355 1802 ἐπι-

15 1876 30 1908 2.-
59 1865 183 1924 κλύσασα
204 1863 252 1924 καί
276 1863 365 1946 ούδέν,
393 1865 408 1924 ό
430 1885 455 1924 τι
476 1871 526 1938 τῆς
548 1861 624 1924 κάτω
647 1864 816 1944 ἀνθρωπίνης
840 1864 945 1946 εῦροίας
967 1870 1020 1924 τῶν
1042 1863 1104 1945 περὶ
1127 1864 1179 1939 ἐμὲ
1199 1862 1355 1945 περιβόλων

13 1998 37 2030 „.·
61 1991 179 2062 στήσασα
200 1987 351 2067 πόρρωθεν,
376 1986 415 2046 ἔτι
438 2007 473 2060 με
495 1983 543 2046 καί
564 1987 631 2066 πρὸς
647 1987 677 2046 τδ
692 1991 741 2061 τής
760 1984 823 2046 κατ’
834 1981 990 2068 ἀνθρώπους
1006 1985 1178 2062 εὐδαιμσνίας
1195 1986 1354 2065 ἀκρότατον,

13 2119 22 2151 ⁷·
62 2099 99 2179 οἷς
122 2103 199 2180 σίδας
221 2108 328 2186 λόγοις,
351 2109 399 2182 τὴν
422 2106 565 2182 βασιλείαν
588 2106 744 2186 ἀνήγαγες·
767 2109 872 2179 τούτοις
892 2109 922 2167 τό
947 2107 975 2166 ἐν
997 2109 1118 2190 πορφύρᾳ
1136 2109 1262 2176 τέθεικας
1278 2126 1355 2182 γονι-

13 2243 35 2274 1·
63 2231 181 2302 μώτατον
209 2234 243 2310 τῇ
271 2233 389 2308 μητρικῄ
416 2249 468 2304 μου
497 2230 588 2306 σχέσει
615 2226 662 2288 καὶ
689 2230 789 2304 κλήσει
815 2229 864 2303 τήν
893 2231 1089 2309 μητρομήτορα
1114 2229 1286 2308 προσθεμένη
1309 2223 1356 2286 καὶ

13 2365 32 2398 ῑ
62 2354 262 2430 πατρομήτερα.
292 2350 395 2421 ταύταις
417 2351 447 2409 τό
470 2355 519 2424 της
542 2349 688 2426 βασιλικῆς
711 2349 869 2420 δυναστείας
892 2351 975 2430 μέχρι
990 2348 1037 2408 καί
1052 2352 1171 2430 τήμερον
1187 2346 1357 2428 παρέζευξας

61 2467 324 2552 παρατατικώτερον,
347 2471 396 2542 τὰς
418 2469 598 2542 καλλινίκους
620 2470 687 2552 ύπὲρ
709 2469 847 2546 βασιλέως
864 2470 1013 2549 ἐπιμαχίας
1031 2471 1059 2530 ἐν
1076 2471 1175 2543 δεινοῖς
1190 2469 1237 2530 καὶ
1253 2472 1358 2551 καιροῖς
1425 2533 1427 2538 ,

14 2611 28 2642 ῑ.
62 2592 235 2654 κινδυνώδεσι
255 2593 290 2652 τὰ
311 2593 404 2653 τούτου
427 2591 499 2652 κατά
522 2591 668 2672 βαρβάρων
691 2593 742 2650 ῦπό
764 2613 807 2652 σοι
830 2595 966 2671 συμμάχῳ
990 2594 1104 2672 μεγάλα
1124 2612 1154 2652 τε
1169 2589 1216 2652 καὶ
1231 2598 1264 2674 τῇ
1282 2592 1356 2650 Ῥω-

14 2761 15 2764 ,
63 2715 146 2786 μαίων
169 2713 328 2796 ἐπικρατείᾳ
350 2715 469 2794 σωτήρια
492 2715 616 2794 τρόπαια,
638 2712 688 2785 τὰς
710 2718 763 2772 τῶν
787 2714 922 2792 φιλτάτων
946 2715 1010 2788 ἡμίν
1035 2713 1201 2792 ἀναρρώσεις
1218 2713 1245 2770 ἐν
1267 2716 1358 2785 νόσοις

15 2881 16 2884 ¹
64 2835 146 2909 ῆκαί
172 2836 333 2916 ἀναρρῦσεις
362 2835 395 2894 ἐκ
421 2837 563 2915 φάραγγος
590 2835 758 2914 ἁρπάζοντος
780 2835 902 2905 λέοντος.
949 2836 1114 2914 προσθήσοις
1137 2833 1168 2892 δέ
1190 2855 1224 2912 γε
1246 2831 1294 2892 καὶ
1318 2835 1357 2894 ἐτι

64 2959 164 3037 ἡμέρας
186 2961 233 3017 τοῦ
260 2956 400 3032 βασιλέως
421 2955 469 3016 καὶ
496 2958 642 3034 σύμμαχος
668 2957 754 3034 τούτῳ
782 2956 854 3016 κατὰ
881 2955 1028 3035 βαρβάρων
1056 2957 1237 3036 ἀπρόσμαχος
1258 2954 1354 3034 γίνοιο.

15 3099 16 3102 ’
65 3079 104 3136 ἵνα
125 3079 158 3153 δή
181 3099 224 3138 σοι
247 3077 294 3138 καὶ
316 3080 335 3154 ιή
358 3077 531 3158 κληρονομία
551 3077 599 3137 καί
621 3079 639 3154 ή
662 3079 828 3156 χειρισθεϊσά
851 3098 893 3136 σοι
916 3078 1108 3156 μεγαλόπολις
1129 3078 1206 3154 πηγὴ
1228 3076 1275 3136 καὶ
1297 3076 1358 3156 ῥίζα

65 3206 109 3274 τῆς
131 3200 270 3273 εὐσεβείας
292 3201 427 3276 άειθαλὴς
450 3196 615 3274 διασώζηται
637 3197 685 3259 καί
707 3199 829 3270 ἀένναος.
862 3198 993 3276 ἀγγέλων
1017 3195 1062 3258 σύν
1084 3197 1127 3259 ἐπί
1142 3199 1244 3269 τούτοις
1260 3199 1357 3278 ἀφεῖσα

18 3354 19 3358 =
65 3321 207 3400 γλώσσαις,
232 3321 332 3392 αἵτινές
353 3341 420 3380 ποτε
444 3321 575 3399 ἀγγέλων
598 3322 724 3399 γλῶσσαι
745 3322 878 3400 πεφύκασι
900 3321 950 3396 τὴν
973 3320 1022 3396 σήν
1046 3321 1173 3400 εὐφημεῖν
1196 3342 1226 3380 τε
1242 3319 1289 3380 καί
1304 3341 1356 3400 γε-

15 3477 18 3481 ·
67 3441 159 3520 ραίρειν
187 3443 392 3522 μεγαλειότητα
419 3439 466 3502 καὶ
493 3443 523 3502 τό
545 3442 613 3523 ύπέρ
636 3443 697 3514 τούς
726 3442 855 3501 ἀνωτάτω
882 3439 929 3501 καὶ
955 3441 1154 3521 πρεσβυτάτους
1177 3444 1289 3522 θρόνους
1310 3441 1358 3502 καὶ

67 3563 97 3620 τὰ
117 3562 254 3644 Χερουβὶμ
282 3563 454 3640 ἀκηλίδωταν
477 3563 525 3622 καί
552 3564 707 3638 ἀμόλυνταν
729 3562 776 3622 καὶ
799 3569 902 3642 νοερώς
925 3563 1173 3641 ἀνθομολογεῖσθαί
1196 3585 1236 3624 σοι
1260 3564 1304 3624 διὰ
1326 3565 1357 3623 τό

67 3683 122 3762 περί
143 3687 216 3760 ἡμᾶς
237 3686 376 3760 συμπαθές
398 3706 428 3744 τε
450 3683 496 3744 καί
516 3686 717 3766 φιλάνθρωπον,
741 3686 824 3760 μόνον
841 3683 898 3762 ἐγὼ
913 3685 959 3743 τδν
976 3685 1178 3765 ἐπιστρεττικόν
1194 3685 1358 3764 ἀντεισφέρω

69 3825 105 3865 σοι
127 3804 203 3881 μάλα
224 3808 320 3876 ζέοντα
345 3806 443 3886 ἔρωτα,
466 3808 512 3864 τἀν
532 3807 783 3886 προνοητικώτατόν
798 3827 828 3865 τε
844 3803 890 3864 καὶ
906 3808 1109 3866 σωστικώτατον
1126 3807 1196 3881 μετά
1210 3811 1257 3866 τοῦ
1273 3827 1357 3882 μονο-

69 3931 155 4002 γενοῦς
176 3949 206 3986 τε
228 3926 275 3988 καί
297 3931 469 4008 πρωτοτόκου
491 3929 622 4009 τρεφούσῃ
645 3926 706 4008 περὶ
724 3929 755 3986 τό
772 3928 936 4006 ἀνθρώπινον
954 3929 1051 4006 έρωτα.
1082 3925 1130 3986 καί
1145 3949 1191 4002 μοι
1205 3929 1236 3986 τό
1251 3930 1358 4007 φρικτόν

68 4047 158 4108 τεκαὶ
180 4051 255 4128 μέγα
276 4055 326 4124 τῆς
349 4055 399 4124 τῆς
422 4047 563 4120 θεοτοκίας
587 4045 706 4129 ἀξίωμα,
733 4049 915 4128 περιλάλημα
942 4049 1144 4126 θυμηρέστατον
1167 4048 1214 4108 καὶ
1238 4050 1358 4122 ἐννόημα

71 4167 236 4252 ἀδιάληπτον,
263 4169 307 4229 ἐπί
327 4191 357 4230 τε
380 4171 428 4244 τἠν
452 4171 500 4244 τὴν
522 4169 598 4248 ἱεράν
621 4169 738 4247 λοχείαν
761 4175 849 4228 πᾶσαν
869 4169 970 4246 ήδονήν
988 4171 1073 4246 εῦαγή
1090 4169 1136 4228 καί
1152 4171 1251 4250 τροφὴν
1266 4171 1357 4231 καλώ.

71 4287 111 4347 καί
137 4291 212 4351 οῦδέν
239 4312 285 4365 μοι
311 4293 419 4352 πάντων
447 4292 516 4350 ούτω
543 4293 720 4370 χαριέστατον
748 4292 873 4364 ἄκουσμα
901 4294 918 4366 ή
947 4291 1080 4370 διήγημα,
1112 4294 1151 4361 ὡς
1176 4293 1210 4350 τά
1236 4290 1299 4373 περί
1328 4313 1359 4352 σε

73 4409 195 4484 θαυμάσια
217 4411 264 4472 καί
292 4415 426 4492 μυστήρια
453 4411 500 4472 καὶ
521 4414 552 4482 τό
574 4417 624 4488 τῆς
648 4413 688 4490 ἐφ’
699 4415 773 4489 ἡμᾶς
802 4411 938 4492 ἐπιρροίας
960 4417 1013 4471 τῶν
1038 4413 1148 4491 ἀγαθῶν
1173 4413 1207 4472 ἐκ
1228 4415 1291 4474 θεοῦ
1315 4411 1359 4474 διά

74 4549 113 4589 σου
134 4533 216 4610 μέσης
239 4534 366 4594 ἀένναον·
391 4533 469 4594 ἀλλὰ
491 4533 545 4613 γάρ
569 4531 614 4594 ἐπὶ
635 4534 739 4604 τούτοις
762 4532 837 4605 ἀξιον
860 4532 911 4608 μέν
934 4531 1012 4594 οῦδὲν
1035 4529 1104 4594 εἶναι
1126 4536 1191 4614 παρ’
1203 4536 1269 4609 ἡμῖν
1285 4529 1358 4614 οἶδα,

74 4656 116 4726 τῆς
136 4660 184 4730 τῆς
205 4655 271 4734 ύπέρ
294 4655 380 4733 λόγον
403 4653 450 4714 καὶ
472 4659 533 4714 νοῦν
562 4657 715 4734 ἁγιότητος,
745 4656 869 4734 καθάπερ
893 4654 955 4714 οῦδὲ
978 4655 1076 4714 τοῦτό
1098 4656 1233 4735 ήμέτερον
1257 4656 1290 4714 ἐκ
1312 4659 1359 4714 σοῦ
1430 4681 1433 4688 ’
