3194 5298
1276 379 1335 444 157

36 572 151 654 λόγονί)
186 571 344 652 βιῶσεωςί)
375 570 422 631 καὶ
452 575 609 646 σωματικῆς
641 571 820 644 δαπανήσεως
855 570 903 630 καὶ
935 571 1194 653 προσταλαιπωρίας
1229 570 1337 647 ἀπούσης

36 694 201 768 ἑνηθληκὼς
230 693 278 754 καὶ
304 695 408 774 σφόδρα
431 693 631 770 ἐκτετηγμένος
639 689 664 775 ³)
691 695 722 751 ού
744 692 782 772 τῷ
805 695 878 775 γήρᾳ
901 693 1012 768 μᾶλλον
1034 696 1052 768 ἢ
1075 696 1131 766 τοῖς
1152 714 1186 771 γε
1209 695 1336 767 τοιούτοις

34 818 131 892 πόνοις,
158 817 201 875 ἔτι
226 818 389 892 θαυμαστῶς
412 815 525 890 ἐμμένει
547 813 594 873 καὶ
617 814 790 894 διακαρτερεῖ
810 816 859 890 τὴν
876 813 906 888 ἐξ
922 817 1010 896 ἀρχῆς
1026 816 1125 892 ἀκλινῆ
1141 811 1264 896 γνώμην,
1290 815 1337 876 καὶ

33 940 119 1016 ῶσπερ
144 943 195 997 νῦν
220 938 331 1014 μᾶλλον
355 939 533 1014 ἐπειγόμενος
555 936 602 997 καὶ
626 936 781 1008 σπουδάζων
806 937 892 1012 δῆλός
916 937 994 1017 ἐστιν,
1018 939 1085 998 ἀλλ’
1099 941 1149 1016 οθχ
1172 940 1210 1010 ῶς
1232 941 1265 998 ἀν
1280 937 1335 1013 ἤδη

33 1064 139 1119 τοσοῦτο
173 1060 328 1141 προλαβὼν
356 1058 403 1119 καί
430 1058 599 1143 καταστάςί)
629 1061 681 1134 ἤδη
704 1081 763 1132 πως
786 1060 917 1139 ἀσφαλῶς
925 1059 949 1143 ⁶)
975 1063 1003 1121 ἐν
1027 1061 1118 1136 λιμένι
1140 1061 1186 1121 καὶ
1208 1061 1334 1142 γαλήνῃ·

35 1183 130 1256 ἀμέλει
163 1181 216 1242 καὶ
246 1189 296 1258 τῆς
321 1182 383 1262 περὶ
410 1184 440 1242 τό
464 1183 566 1261 ἀγαθόν
589 1184 720 1258 τοσαύτης
744 1181 830 1255 ἕξεως
852 1181 898 1242 καὶ
922 1182 1023 1263 σφόδρα
1045 1184 1088 1242 ἀπ’
1101 1183 1208 1264 ἀμφοῖν,
1237 1187 1283 1242 τοῦ
1306 1205 1336 1244 τε

33 1306 191 1379 πανοέμνου
219 1303 297 1366 τοῖνδε
325 1307 428 1386 γήρως,
459 1306 498 1376 ῶς
522 1303 634 1384 εἴρηται,
661 1304 708 1364 καί
730 1311 783 1364 τῶν
806 1306 938 1366 τοσούτων
961 1308 1092 1381 καμάτων
1114 1303 1161 1365 καῖ
1183 1306 1336 1382 ἀσκητικῶν

34 1426 154 1506 ἱδρώτων
178 1429 211 1486 τό
235 1433 315 1502 σῶμα
337 1429 610 1506 κατακαμττόμενος,
640 1429 689 1486 ούκ
711 1427 795 1486 ἔπειθ’
809 1428 885 1502 όμως
907 1430 1059 1502 κάμπτεται
1067 1427 1090 1508 ⁸)
1112 1429 1161 1503 τὴν
1184 1427 1336 1503 καλλίστην

33 1549 128 1622 ταύτην
158 1553 287 1628 γνώμην,
311 1549 375 1609 οὐδὲ
397 1550 478 1632 χαλᾷ
500 1549 571 1610 κατὰ
594 1550 682 1630 βραχύ
705 1549 751 1609 καὶ
773 1556 826 1609 τῶν
849 1552 933 1610 τόνων
956 1552 1005 1610 οθκ
1028 1549 1176 1630 ἐνδίδωσιν,
1208 1550 1271 1611 ούδὲ
1293 1571 1336 1610 νι-

34 1676 112 1731 κῖται
141 1674 176 1731 τό
207 1674 342 1752 φρόνημα,
377 1667 454 1731 ἀλλά
484 1675 513 1732 τό
544 1674 595 1747 μὲν
618 1677 698 1747 σῶμα
719 1673 830 1748 ἥττηται
853 1673 918 1754 ἤδη,
952 1672 1000 1732 καί
1027 1679 1100 1732 νῶτα
1124 1671 1217 1732 δίδωσί
1238 1694 1268 1732 τε
1290 1671 1337 1732 καί

34 1795 162 1871 τρέπεται
195 1793 240 1854 ἐπὶ
270 1794 403 1854 τοσούτων
433 1800 486 1854 τῶν
516 1795 711 1875 προλαβόντων
741 1792 789 1854 καὶ
814 1797 904 1854 πόνων
933 1793 979 1855 καί
1010 1799 1126 1875 χρόνων,
1161 1797 1177 1855 ό
1203 1795 1337 1875 λογισμός

36 1915 64 1972 δὲ
95 1916 236 1991 ἀήττητος
266 1917 347 1996 κόρον
378 1919 426 1976 οθκ
457 1917 530 1994 ἔχειν
561 1915 668 1975 ούδέττω
698 1922 751 1975 τῶν
782 1915 877 1976 καλῶν
908 1914 987 1997 ἀξιοῖ,
1022 1909 1066 1977 σία
1096 1918 1129 1992 δὴ
1159 1916 1202 1978 ἐστὶ
1229 1916 1337 1978 πάντων

37 2035 169 2118 γίγνεται,
204 2037 252 2098 καὶ
280 2041 362 2114 μόνον
389 2027 434 2097 τδν
463 2036 507 2098 ἐπὶ
533 2039 636 2109 τούτοις
664 2039 724 2118 έρον
752 2039 924 2115 ἀδαπάνητόν
950 2039 1050 2099 τεκαὶ
1073 2043 1241 2101 παντάπασιν
1264 2041 1337 2101 ἀκά-

38 2163 119 2233 ματόν
147 2183 180 2221 τε
208 2161 256 2222 καί
283 2162 474 2241 ἀνεπίστροφον
503 2159 586 2220 οἴεται
615 2161 671 2220 δεῖν
699 2157 778 2222 εἶναι.
820 2164 893 2221 ταῦτ’
909 2163 963 2242 ἀρα
988 2159 1035 2222 καὶ
1061 2164 1192 2239 τοσαύτην
1219 2161 1265 2222 καί
1293 2161 1337 2223 ἐπὶ

38 2285 173 2356 τοσούτοις
203 2284 258 2359 ἤδη
288 2287 345 2356 τοῖς
375 2285 445 2344 ἔτεσι
476 2281 684 2359 συλλεξάμενος
705 2285 754 2359 τὴν
776 2287 969 2366 πνευματικήν,
1004 2287 1043 2358 ὡς
1066 2286 1142 2366 ἔφην,
1172 2287 1337 2348 κατάστασιν

40 2403 82 2463 καί
107 2407 289 2487 προειληφὼς
316 2407 383 2467 ούτω
410 2409 478 2468 πάνυ
505 2427 545 2467 τοι
571 2409 663 2488 πόρρω
690 2406 736 2466 καί
765 2410 956 2487 καταπεφάνας
983 2403 1013 2466 τύ
1043 2409 1122 2483 μάλα
1147 2408 1338 2488 τελεσιουργόν

40 2531 80 2586 τοῦ
110 2528 174 2602 βίου
204 2530 253 2605 τὴν
280 2530 408 2610 πρόθεσιν
438 2529 570 2609 ἀσφαλῶς
597 2549 628 2588 τε
655 2529 701 2589 καί
730 2536 857 2610 γενικῶς,
888 2532 926 2601 ὡς
953 2528 999 2590 καὶ
1026 2535 1072 2590 τού
1100 2530 1159 2606 βίον
1185 2531 1263 2592 τοῖνδε
1291 2531 1339 2591 καὶ

40 2656 85 2724 τῆς
114 2653 228 2729 ὑψηλῆς
257 2650 368 2729 ταυτησὶ
397 2650 521 2722 παιδείας
552 2651 729 2731 παράδειγμα
758 2651 804 2710 καί
830 2653 912 2724 τύπος
943 2653 1066 2730 ἔμψυχος
1095 2655 1264 2734 περιπολεῖν,
1299 2657 1338 2728 ῶς

42 2771 151 2848 ἀληθῶς
181 2773 213 2833 δὲ
240 2773 287 2834 καὶ
310 2770 379 2834 είναι
401 2774 448 2834 καί
470 2779 526 2846 τοῖς
547 2775 666 2846 πολλοῖς
688 2775 849 2854 ὑπειλῆφθαι
872 2777 921 2834 οθκ
943 2776 1037 2858 ἀγαπᾷ
1059 2781 1105 2836 τού
1127 2777 1234 2839 λοιποῦ.
1268 2777 1338 2837 όδὲ

41 2892 81 2952 διὰ
101 2899 206 2968 παντός
231 2896 339 2970 ἐντοῖς
362 2898 452 2970 αύτοῖς
475 2899 544 2978 ἔχει,
567 2896 614 2956 καὶ
638 2899 728 2976 ῶσπερ
751 2897 776 2956 οῖ
797 2896 910 2970 πλείους
931 2896 979 2978 καῖ
1002 2899 1126 2972 βελτίους
1149 2898 1199 2973 μὲν
1223 2895 1268 2958 σύν
1283 2904 1337 2958 τῶν

44 3013 180 3100 εἰσαγωγῇ
204 3021 357 3100 χρωμένων
380 3023 424 3078 νῦν
448 3015 516 3078 εἶναι
539 3020 572 3094 δὴ
597 3019 642 3079 καὶ
665 3019 733 3097 χθὲς
754 3018 802 3079 καὶ
823 3023 950 3100 πρότριτα
959 3019 983 3102 ⁷)
1006 3019 1053 3080 καὶ
1077 3023 1155 3093 αι’ντδς
1179 3018 1222 3080 ἀεὶ
1244 3041 1336 3102 παρα-

43 3144 211 3221 σκευάζεται,
239 3141 285 3202 καὶ
314 3143 402 3202 ἔοικεν
425 3145 516 3219 ῶσπερ
539 3143 732 3222 ἀγωνιζομένῳ
755 3141 801 3202 καί
825 3141 923 3202 δεδιότι
946 3141 993 3201 καί
1014 3141 1229 3226 προοδραμεῖνθ)
1253 3165 1337 3204 σπου-

44 3259 156 3344 δάζοντι,
179 3267 456 3342 καταγνμναζόμενος
478 3266 524 3324 τόν
547 3267 652 3324 ἅπαντα
674 3267 771 3345 χρόνον
794 3263 840 3324 καὶ
861 3265 1039 3345 κατατρύχων
1055 3265 1201 3347 ἀπέραντα,
1224 3269 1337 3344 κάμνων

46 3385 71 3442 τό
98 3395 182 3462 σῶμα
209 3388 301 3458 πόνοις
323 3385 476 3459 ἀνενδότσις
498 3387 611 3459 ἀσιτίαις
634 3386 731 3446 τεκαὶ
755 3383 912 3468 ἀγρυπνίαις
933 3387 980 3447 καὶ
1003 3391 1113 3448 στάσεσι
1136 3390 1269 3461 συντόνοις
1290 3387 1337 3449 καί

45 3505 88 3566 τίνι
108 3515 164 3569 τῶν
195 3507 353 3584 εἰθισμένων
376 3507 423 3569 καί
445 3510 602 3570 καλλίστων
626 3511 740 3589 ἀγώνων
765 3509 808 3591 ού,
837 3509 884 3569 καί
907 3511 1029 3586 νομίμως
1038 3512 1072 3591 9),
1104 3511 1214 3588 μᾶλλον
1238 3512 1269 3572 δὲ
1292 3511 1338 3572 καὶ

45 3629 124 3691 πλέον
148 3635 168 3706 ἢ
191 3633 262 3703 τέως
284 3631 421 3706 νομίζεται
443 3635 500 3704 τοῖς
521 3633 619 3704 καλῶς
641 3633 789 3713 ήργμένοις
811 3633 859 3692 καὶ
881 3632 944 3714 περὶ
965 3635 1011 3694 τόν
1033 3635 1214 3708 πνευματικόν
1238 3634 1338 3715 δρόμον

48 3751 208 3826 ἀκμάζουσιν
231 3755 310 3825 αθτδς
333 3755 372 3813 ἔτι
394 3775 437 3814 τω
459 3753 505 3814 καὶ
529 3761 573 3814 νῦν
597 3754 640 3814 ἐπὶ
663 3758 794 3815 τοσούτων
809 3763 862 3816 τῶν
880 3757 947 3816 ἑτῶν
962 3757 1198 3832 κατατεινόμενος.
1222 3756 1268 3817 καὶ
1285 3760 1339 3834 μὴν

47 3874 86 3935 καί
111 3875 209 3937 τᾶλλα
231 3877 302 3936 κατὰ
324 3879 354 3936 τό
376 3875 443 3954 ἦθος
467 3879 573 3938 ἅπαντα
594 3882 640 3938 τοῦ
663 3879 812 3955 θαυμασίου
833 3877 911 3939 τοῖνδε
933 3880 1063 3954 ποιμένος
1086 3879 1220 3958 ἀναλογεῖ
1240 3899 1271 3938 τε
1293 3877 1340 3938 καί

50 4001 183 4075 συμβαίνει
205 4000 273 4078 πρός
295 4001 377 4058 ταθττί
399 4021 428 4058 τε
444 3999 491 4058 καὶ
510 4003 577 4080 πρός
594 4000 720 4081 ἄλληλα,
743 3996 798 4061 οἷον
814 4003 831 4076 ἠ
847 4007 897 4076 πῖγς
913 4002 1022 4078 ἀγάπης
1037 4003 1104 4082 πρός
1120 4003 1240 4073 ἅπαντας
1256 4001 1339 4061 ἐλευ-

49 4119 174 4202 θεριότης,
199 4123 230 4182 τό
252 4122 386 4201 ἀόργητον
406 4121 553 4197 θαυμάσιον
573 4115 639 4202 οἷον,
663 4124 693 4182 τό
709 4123 854 4203 φιλοικτον,
877 4125 960 4198 ἡτῆς
976 4127 1065 4200 ψυχῆς
1080 4122 1201 4202 γαλήνη,
1224 4124 1255 4182 τό
1270 4109 1339 4198 μήτε

49 4240 187 4322 λογισμοῖς
209 4245 279 4320 μήτε
302 4244 399 4322 λόγοις
422 4244 597 4319 μητόίεσθαι
620 4248 690 4321 μήτε
713 4245 806 4324 λέγειν
829 4243 891 4325 περὶ
913 4246 998 4305 ότιοῦν
1014 4247 1133 4326 φλαῦρον
1149 4245 1238 4318 οὐδέν,
1262 4245 1340 4306 ἀλλὰ

50 4367 101 4446 περὶ
122 4371 233 4428 πάντων
255 4365 301 4426 καὶ
325 4367 470 4439 βούλεσθαι
493 4367 539 4426 καί
564 4367 653 4427 δοκεῖν
677 4367 723 4428 καὶ
746 4368 840 4446 λέγειν
863 4369 940 4428 πάντ’
954 4369 1054 4448 ἀγαθά,
1080 4368 1112 4426 ἐκ
1134 4373 1187 4427 τῶν
1203 4366 1271 4428 οἴκοι
1286 4369 1339 4444 θη-

146 4561 167 4626 ¹)
187 4556 248 4609 κατὰ
266 4551 308 4607 τδν
327 4551 348 4608 θ’.
367 4555 390 4606 λ.
410 4557 507 4607 desunt
525 4559 556 4608 R.
576 4559 603 4608 Z.
677 4559 697 4624 ²)
717 4557 796 4624 βιαίας
814 4561 845 4610 B.
918 4557 938 4626 3)
957 4576 1022 4625 σωμ,
1036 4558 1091 4610 δατ.
1111 4558 1150 4607 καὶ
1170 4551 1228 4625 πρὸς
1248 4554 1340 4607 ἅπαντα

52 4654 112 4706 πόνον
134 4655 176 4706 καὶ
200 4651 294 4723 μόχθον
317 4653 411 4721 σφόδρα
433 4655 462 4704 Ζ.
487 4649 603 4720 καὶπρὸς
632 4654 670 4703 καὶ
688 4656 718 4706 R.
792 4656 812 4722 ί)
830 4658 978 4718 καταστῆναι
996 4656 1024 4706 Z.
1044 4655 1075 4704 R.
1148 4655 1169 4722 ⁵)
1188 4652 1296 4720 ἀσφαλεῖ
1311 4655 1338 4704 Z.

53 4747 69 4812 ε)
85 4753 200 4821 πέμπεται
219 4752 248 4800 Ζ.
321 4753 341 4816 7)
358 4747 404 4820 πρό
422 4748 502 4818 τρίτης
521 4749 552 4800 Β.
624 4750 645 4816 ⁸)
662 4749 749 4818 πρσσδ.
768 4751 799 4800 R.
819 4751 846 4800 Z.
866 4752 895 4802 Β.
968 4746 986 4818 ⁹)
1006 4749 1117 4819 νομίμων
1136 4749 1177 4799 Fl.
1196 4751 1226 4800 B.
