3222 5284
233 375 297 442 326

234 568 386 628 ἀποστόλου
410 567 513 649 Πέτρου
545 568 579 627 τὰ
610 567 655 627 διὰ
678 566 852 642 Κλήμεντος.
900 569 992 646 ἕτερον
1024 563 1131 641 βιβλίον
1156 567 1302 643 σωμάτιον,
1333 564 1465 644 ἑρμηνεία
1488 567 1533 622 τοῦ

234 687 387 768 Θεολόγου.
419 691 522 768 ἕτερον,
546 687 727 768 Είρμολόγιον
752 687 928 762 βαμβθκινον.
961 689 1053 767 ἕτερον
1077 685 1183 760 βιβλίον
1205 685 1384 765 κονθακοίριον
1403 683 1532 757 ἱίῐαλτή-

234 829 301 890 ριον,
325 809 508 890 Είρμολόγιον
528 809 623 870 καὶτὰ
639 809 855 888 Ἀλληλουϊάρια
873 805 1091 894 Προκήοπίουήί).
1122 811 1214 890 ἕτερον
1238 807 1356 887 βιβλίον,
1380 809 1533 885 Σχηματο-

233 932 407 1010 λόγιον
1596 1013 1597 1016 ¹

337 1053 382 1112 Τὰ
404 1052 435 1112 δὲ
459 1047 530 1127 μετὰ
559 1053 690 1128 τελευτήν
711 1057 765 1112 τῶν
796 1055 933 1130 κτητόρων
958 1051 1072 1112 δοθέντα
1094 1051 1169 1132 παρὰ
1191 1056 1237 1110 τοῦ
1260 1052 1402 1130 ἐπιτρόπου
1423 1047 1533 1128 βιβλία,

233 1172 337 1234 καὶτὰ
365 1174 542 1248 ἐπικτηθέντα
566 1174 635 1249 μετὰ
661 1177 744 1233 τοοΰτα
759 1171 813 1232 ’διὰ
838 1173 935 1252 χρείαν
957 1178 1007 1250 της
1035 1167 1176 1257 μον[ής]ἳ)
1202 1171 1298 1245 βιβλία
1320 1169 1367 1230 καὶ
1389 1171 1421 1230 τὰ
1442 1191 1533 1250 προσ-

235 1294 383 1371 ενεχθέντα
404 1295 480 1375 παρὰ
501 1299 548 1356 τοῦ
571 1299 694 1372 μοναχοῦ
716 1298 798 1374 κυροθ
821 1295 948 1354 Ἰωάννου
970 1293 1016 1354 καὶ
1039 1297 1220 1368 πνευματιωῦ
1242 1295 1345 1372 πατρός
1367 1295 1413 1352 τοῦ
1433 1313 1532 1367 μακα-

234 1415 306 1495 ρίτου
329 1416 455 1476 αθθέντον
477 1419 556 1492 ήμῶν
579 1415 625 1476 καί
647 1418 789 1497 κτήτορος,
813 1416 859 1476 διὰ
880 1417 929 1490 τήν
952 1419 1098 1492 στενότητα
1119 1421 1169 1492 τής
1192 1416 1222 1474 έν
1245 1414 1284 1493 τῷ
1306 1416 1417 1494 παρόντι
1434 1412 1534 1492 χωρίῳ

233 1541 408 1616 προογραρής
429 1541 483 1595 τῶν
506 1536 621 1612 βιβλίων
643 1540 689 1596 τοῦ
710 1541 820 1596 τυπικοῠ
841 1539 1066 1617 προσεγράρηοαν
1091 1535 1120 1594 ἐν
1142 1534 1182 1614 τῷ
1197 1536 1273 1596 τέλει
1294 1539 1341 1595 τοῦ
1358 1535 1471 1611 τείχους
1486 1539 1532 1592 τοῦ
1596 1505 1597 1522 ³

235 1656 315 1715 αθτοῦ
336 1660 454 1716 τυπικοῦ.

682 1844 716 1905 θ’.
741 1845 803 1906 Διὰ
824 1852 887 1905 τῶν
911 1845 1086 1921 βλαττίων.

338 2019 452 2094 Ἐνδυτὴ
476 2017 534 2094 μία,
559 2017 687 2093 βλαττίον
710 2018 860 2097 κραμβίζον
881 2023 932 2094 τῆς
954 2019 1035 2098 ἁγίοις
1057 2021 1202 2099 τραπέζης,
1233 2021 1337 2097 ἔχουσα
1358 2021 1461 2091 πόλους
1485 2019 1530 2098 ια’,
1596 2041 1597 2048 “

234 2140 424 2221 γρυψολέοντα
448 2139 605 2218 δικέφαλον.
652 2140 733 2219 ἑτέρα
761 2139 857 2216 ένδυτή
880 2140 943 2214 λινὴ
967 2140 1114 2220 ζωγραφία.
1161 2143 1392 2217 καταπετάσματα
1414 2141 1471 2220 διἰο,
1502 2141 1532 2198 τό

236 2260 286 2335 μὲν
309 2260 338 2318 ἓν
362 2257 403 2332 είς
424 2261 455 2319 τό
478 2261 612 2340 τέμπλον,
635 2258 682 2319 καί
704 2261 734 2320 τό
757 2261 848 2340 ἕτερον
874 2259 913 2332 εἰς
935 2263 981 2321 τόν
1003 2261 1090 2338 τίμιον
1112 2261 1158 2322 καὶ
1181 2263 1259 2339 ἅγιον
1275 2261 1445 2342 Πρόδρομον.
1478 2283 1530 2321 πο-

233 2381 436 2462 τηροκαλυμμα
466 2381 636 2462 καινούργιον
659 2381 698 2462 έν,
727 2379 776 2441 καὶ
804 2381 924 2442 παλαιόν
948 2385 986 2443 έν.
1033 2384 1114 2461 ἑτέρα
1136 2383 1241 2463 ἐνθυτή,
1273 2383 1402 2456 βλαττίον
1423 2403 1529 2461 οκαρα-

235 2503 353 2580 μάγγιον
379 2507 430 2577 τῆς
461 2501 541 2579 ἁγίοις
571 2504 721 2580 τραπέζης·
753 2504 954 2578 καταπέτασμα
984 2503 1111 2578 βλαττίον
1139 2508 1184 2564 τοῦ
1214 2504 1338 2579 τέμπλου
1367 2507 1461 2580 ὅμοιον
1482 2509 1531 2578 τῆς

235 2622 346 2700 ἐνδυτῆς
372 2623 572 2702 περικαλθπιον
595 2623 642 2684 καί
664 2625 725 2696 τοθς
753 2625 846 2695 κίονας
868 2631 922 2684 τῶν
949 2624 1035 2702 ἁγίων
1063 2627 1162 2705 θυρῶν·
1195 2625 1229 2684 τὰ
1251 2625 1391 2706 ἀμφότερα
1411 2627 1527 2685 παλαιά.

234 2745 327 2824 ἕτερον
350 2738 478 2820 βλαττίον
500 2746 701 2821 καταπέτασμα
724 2745 878 2820 θιβλάττιον
902 2743 977 2818 όξθν·
1002 2747 1103 2806 όταὼν
1119 2747 1271 2824 κογχευτθς
1286 2747 1357 2822 μετὰ
1371 2746 1530 2827 περιρερίων

235 2863 380 2945 ἐοορορίων
402 2866 568 2925 πιστακέων·
592 2863 639 2924 καί
664 2868 755 2947 ἕτερον
779 2865 894 2926 έπιπλον
918 2868 1132 2943 οτενοεπίμηκες
1153 2865 1200 2928 καί
1224 2865 1371 2940 όξόλευκον
1393 2869 1423 2928 τό
1438 2869 1529 2945 λεγό-

235 3006 317 3060 μενον
341 2986 568 3060 ἀμπελοκλάθιον
592 2987 662 3062 μετὰ
683 2987 854 3067 περιηερίων,
879 2987 1026 3068 ἐσοφορίων
1047 2995 1160 3049 κοινῶν·
1187 2993 1272 3049 τοώτα
1293 2989 1329 3049 τά
1352 2989 1405 3049 όθω
1428 2990 1529 3049 ἔπιπλα

235 3105 371 3187 ἀριεριθθη
396 3107 429 3166 ἐκ
450 3109 533 3167 πόθου
555 3107 594 3188 ’.ᾧ
615 3109 696 3187 τιμίῳ
719 3107 766 3168 καὶ
789 3107 859 3188 άγίῳ
877 3109 1031 3190 Προθρόμῳ
1053 3110 1128 3191 παρὰ
1150 3115 1196 3170 τοῦ
1214 3110 1389 3191 πραιποσίτου
1404 3112 1529 3171 Ἰωάννου

125 3279 126 3282 ,
234 3226 282 3287 καί
305 3227 349 3288 ἐπὶ
373 3231 417 3289 τοῦ
432 3229 637 3290 Κωνσταντίνου
660 3229 699 3303 εἰς
723 3231 816 3310 άρεοιν
840 3232 979 3310 ἁμαρτιῶν
1003 3234 1093 3311 αυτοῦ,
1116 3233 1154 3302 ὡς
1178 3235 1210 3291 ἂν
1230 3234 1261 3292 τό
1282 3232 1333 3307 μέν
1349 3235 1379 3292 ἓν
1394 3235 1424 3293 τό
1440 3235 1528 3292 στενόν

236 3350 396 3429 άπηὼριηται
418 3350 484 3430 ὑπὲρ
507 3350 555 3424 τήν
584 3350 675 3426 τιμίαν
706 3352 831 3432 κεφαλὴν
859 3351 948 3429 αυτοῦ,
978 3353 1008 3411 τό
1032 3353 1063 3412 δὲ
1095 3355 1187 3434 ἕτερον
1218 3354 1370 3435 ἔμπροσθεν
1401 3357 1480 3415 αυτοῦ
1502 3354 1528 3410 έν

236 3467 312 3542 τάξει
335 3471 484 3542 ποδώσεως
508 3471 619 3544 ἐντοῖς
642 3473 759 3552 ἑορταῖς.

600 3679 632 3738 ε’.
657 3681 718 3739 Διὰ
739 3687 803 3740 τῶν
825 3683 993 3756 ἀκινήτων
1015 3685 1173 3759 κτήσεων.

341 3834 382 3894 To
405 3837 584 3915 μοναοτήριον
608 3835 672 3895 αυτθ
695 3837 740 3896 σὺν
762 3840 818 3907 τοῖς
836 3839 988 3918 ἐνοικικοῖς,
1012 3839 1050 3918 τῷ
1071 3861 1101 3898 τε
1118 3840 1277 3920 μαγκιπικῴ
1294 3841 1472 3922 ἐργαστηρίῳ,
1494 3837 1528 3914 τῷ

239 3953 380 4037 μυρεψικῷ
403 3956 528 4028 καὶτοῖς
551 3955 804 4037 ἀνωγεωκατώγοις
830 3959 960 4035 οἰκήμασι
983 3963 1039 4032 τοῖς
1063 3963 1204 4033 ἐνοικικῶς
1228 3963 1425 4043 ἐκθιδομένοις,
1457 3945 1528 4029 ἐκτός

239 4071 277 4136 ὧν
300 4075 454 4160 θοτεξεῖλον,
484 4083 530 4138 τοῦ
552 4100 583 4138 τε
605 4081 723 4154 ήλιακοϋ
745 4080 791 4140 καί
815 4085 860 4142 τοῦ
887 4085 1029 4160 κατωγέου
1051 4089 1105 4142 τῶν
1128 4057 1289 4164 ἀρορίθντων
1312 4083 1352 4164 εἰς
1375 4085 1424 4162 τήν
1447 4085 1528 4156 σωλὴν

238 4203 285 4258 τοῦ
307 4203 403 4278 μικροῦ
425 4199 510 4264 οἴκου.
540 4202 557 4274 ή
581 4201 692 4276 ήμίσεια
713 4204 848 4280 πρόσοδος
870 4208 916 4262 τοῦ
939 4202 1013 4264 οἴκου
1036 4207 1082 4264 τοῦ
1103 4203 1294 4284 περιελθόντος
1314 4227 1361 4280 μοι
1377 4207 1429 4266 ἀπό
1446 4206 1528 4279 θωμυῖ

240 4324 285 4380 τοῦ
300 4321 441 4392 Νικαέως·
466 4322 481 4379 ὁ
505 4322 580 4392 ἐντὀς
602 4327 648 4381 τοῦ
670 4325 785 4402 κάστρου
807 4329 857 4398 τῆς
873 4323 1029 4384 Ῥαιδεστοϋ
1052 4327 1141 4402 μέγας
1161 4321 1238 4397 οίκός
1253 4346 1305 4399 μου
1321 4323 1352 4398 ἐξ
1367 4327 1526 4405 ὁλοκλήρου,

240 4443 269 4500 θν
293 4441 326 4514 δή
349 4441 396 4500 καί
417 4445 633 4523 πτωχοτρορεῖον
657 4437 794 4503 εἶναικαὶ
818 4443 999 4520 ὀνομάζεσθαι
1023 4447 1156 4524 ἐτθπωσα,
1180 4443 1226 4505 καὶ
1242 4419 1481 4524 άλληλουχέῖσθαι
1495 4441 1527 4522 τῷ

347 4701 366 4765 ¹)
386 4699 528 4766 Supplevit
547 4703 572 4750 S.
645 4701 666 4766 ²)
687 4701 828 4766 Supplevit
846 4701 871 4751 S.
