3486 5282
325 335 387 408 186

322 535 529 614 δυσχερείαις”
515 557 605 613 σχουοι
627 537 691 614 παρ’
709 537 796 596 αύτιῦν
817 533 1070 616 προσκαλούμενον,
1094 533 1166 609 ἅπαξ
1189 539 1281 613 μέντοι
1303 539 1349 598 τοῦ
1364 539 1473 620 χρόνου,
1496 537 1548 600 είτε
1564 535 1611 598 καί
1664 527 1665 578 ί

323 655 405 730 δίς
386 679 461 739 παρα
444 657 580 732 αβάλλειν
599 679 630 718 τ
631 663 691 720 ῦτον
707 657 746 737 τῷ
762 679 798 735 με
785 659 933 740 νοοτηρίῳ
948 661 1043 739 πρός
1033 661 1209 740 προσκύνησιν
1232 661 1430 735 διαταττόμεθα
1452 658 1498 720 καί
1518 668 1613 732 κοινῶς
1664 641 1665 710 ί

323 779 476 856 συνομιλεῖν
498 785 532 861 τῇ
554 802 584 840 τε
606 781 801 864 καθηγουμένῃ
824 779 870 841 καὶ
893 784 953 853 ταῖς
975 781 1085 854 λοιπαῖς
1100 781 1147 842 καί
1163 783 1201 858 μὴ
1218 785 1387 862 συχνάκις,
1378 786 1511 862 προφάσει
1532 783 1612 858 δῆθεν

322 903 563 982 ἀντιποιήσεως,
553 923 595 964 ινα
617 905 656 980 μὴ
679 905 845 984 πρόσκομμα
866 905 922 976 τοῖς
943 907 1086 979 κοσμικοῖς
1108 906 1239 984 γένοιντο,
1262 902 1309 964 καί
1331 903 1461 977 καθάπαξ
1483 904 1613 976 παντοίως

321 1025 479 1096 σπουδάζειν
505 1020 540 1084 τὰ
566 1027 633 1105 πρός
660 1026 783 1087 σύστασιν
810 1033 860 1102 τῆς
888 1033 984 1106 μονῆς,
1013 1026 1175 1107 άνοσφίστως
1203 1025 1235 1086 66
1263 1025 1309 1087 καί
1338 1027 1452 1103 μηδὲ“
1433 1047 1499 1108 αχρι
1492 1027 1613 1102 ιμοδίου

222 1221 224 1228 Ι
321 1146 393 1208 σίτου
414 1151 433 1221 6
458 1149 556 1227 μέτρου
584 1147 655 1208 οίνου
678 1150 809 1208 ἅπτεσθαι
829 1155 882 1208 τῶν
909 1155 959 1224 τῆς
981 1155 1068 1225 μονῆς
1090 1152 1108 1224 6
1130 1151 1244 1224 κτήνους
1265 1151 1347 1226 τινός,
1374 1169 1420 1209 τον
1448 1149 1614 1224 βουληθέντα

319 1269 373 1348 γὰρ
403 1270 555 1348 ἡγούμενον
587 1273 664 1330 τοῦτο
692 1275 802 1346 ποιῆσαι
834 1269 997 1347 διηνεκεῖ’
983 1269 1123 1352 οιφορισμῷ
1152 1270 1413 1346 καθυποβάλλομεν.
1460 1269 1508 1331 καὶ
1533 1275 1613 1330 ταῦτα

321 1391 409 1467 μὲνο
395 1392 463 1450 ούτω
486 1392 521 1452 τόι
542 1397 590 1468 τῆς
617 1393 773 1470 γυναικείας
800 1400 888 1468 μονῆς
909 1393 1045 1453 τετύπωτο
1072 1391 1119 1454 καί
1147 1393 1280 1474 διώριστο,
1318 1393 1353 1452 τὰ
1381 1393 1414 1452 δέ
1436 1415 1472 1472 γε
1492 1399 1541 1469 τῆς
1563 1393 1613 1452 θν-

320 1509 449 1594 δρῴοις
435 1514 480 1574 απ
497 1515 580 1589 αῐιεῆς
601 1520 649 1590 τῆς
673 1515 761 1594 ἀρχῆς
782 1516 832 1590 τήν
855 1514 942 1595 ἀρχὴν
965 1515 1143 1596 λαμβανέτω,
1171 1516 1216 1576 τόν
1238 1515 1446 1594 καθηγούμενον
1469 1515 1516 1576 ἀπ’
1533 1515 1613 1590 ούτῆς

319 1643 368 1712 τῆς
395 1642 482 1712 μονῆς
508 1635 629 1715 γίνεσθαι
656 1636 854 1714 διαταττόμεθα
881 1639 927 1698 τόν
954 1639 985 1710 θς
1012 1639 1045 1698 ἂν
1073 1638 1106 1698 ἐκ
1132 1641 1179 1698 τοῦ
1201 1657 1319 1698 τοιουτου
1330 1636 1354 1720 1)
1376 1639 1547 1714 συστήματος
1568 1635 1615 1694 καί

318 1761 410 1838 χρόνω
441 1755 487 1818 καί
517 1758 600 1840 ἀρετῇ
629 1759 660 1818 τό
690 1757 831 1834 αἰδέσιμον
861 1759 935 1837 ἔχων
964 1749 1154 1838 καταφαίνοιτο
1184 1757 1231 1820 καὶ
1260 1759 1335 1840 παρὰ
1356 1763 1406 1836 τῆς
1429 1757 1614 1838 ἀδελφὰ-ηας

318 1883 407 1955 πάσης
430 1881 625 1962 ἐγκρίνοιτο,
616 1881 647 1941 ιν’
664 1880 707 1957 εἴη
730 1880 777 1942 καὶ
798 1884 855 1953 τοῖς
877 1881 1021 1954 λοιποῖς
1007 1884 1159 1962 αρχέτυπον
1182 1883 1283 1953 παντός
1306 1877 1418 1960 ἀγαθοῦ,
1443 1881 1482 1956 μὴ
1505 1879 1545 1959 τῷ
1567 1887 1614 1955 της

317 2004 371 2083 ἠγο
358 2003 500 2080 υμενείας
527 1999 659 2080 ἀξιώματι
686 2003 943 2082 καλλωπιζόμενος,
974 1999 1052 2063 ἀλλὰ
1079 2004 1190 2079 μάλλον
1218 2004 1298 2076 αἰτος
1323 2001 1511 2073 καλλωπίζων
1538 2007 1614 2062 τοῦτο

318 2130 400 2186 τοῦτ
385 2129 483 2206 τρόπου
506 2131 539 2207 τῇ
566 2127 733 2202 κοσμιότητι.
777 2126 860 2200 66
825 2127 917 2201 μέιντο
943 2125 1119 2206 προχείρησις
1145 2125 1237 2187 τούτου
1265 2121 1360 2185 ούτωοί
1384 2123 1572 2204 προβαιν·έτω
1594 2127 1612 2198 ή

318 2247 560 2327 ἀρχιερατικὴο
527 2247 629 2328 ῥοῖβδος
657 2249 737 2325 ἡμῶν
767 2252 821 2306 τῶν
852 2247 971 2308 εὐτελῶν
1001 2253 1055 2307 τῶν
1085 2269 1134 2322 την
1165 2249 1250 2324 μονην
1236 2247 1515 2323 νδομηοαμένων
1495 2243 1559 2326 περὶ
1581 2245 1614 2304 τό

315 2371 435 2451 πρόθυρα
456 2375 503 2432 τοῦ
526 2369 598 2450 ίεροῦ
625 2369 809 2450 θυσιαστηρίου
836 2370 960 2448 τιθέσθω,
988 2367 1037 2430 καί
1058 2371 1073 2428 6
1094 2368 1249 2451 προκριθεὶς
1270 2369 1338 2448 πρός
1360 2367 1445 2442 τὴν’
1431 2366 1613 2445 ηγουμενείον

318 2492 347 2552 ἐν
369 2490 408 2570 τῷ
430 2493 541 2570 τοιούτῳ
563 2492 637 2570 τόπῳ
660 2489 834 2569 ογνυκλισίας
861 2493 978 2566 ποιήσοις
1000 2493 1130 2572 πρότερον
1152 2492 1201 2567 τὴν
1224 2491 1326 2571 ῥάβδον
1347 2489 1424 2569 παρὰ
1444 2492 1492 2549 τοῦ
1515 2487 1612 2570 ἱερέως

317 2615 388 2690 μετὰ
408 2635 458 2690 της
479 2615 669 2694 προσηκούσης
691 2616 775 2692 εύχῆς
802 2612 849 2674 καὶ
875 2613 1006 2693 εύλογίας
1033 2614 1237 2694 ἑγχσιριζέσθω,
1264 2633 1295 2672 το
1318 2607 1395 2684 ιίξιός
1416 2629 1448 2670 τε
1470 2610 1504 2670 ἐκ
1525 2609 1612 2689 τρίτου

316 2737 391 2818 παρὰ
411 2742 466 2798 τῶν
489 2742 620 2814 μοναχῶν
642 2735 774 2814 ἀκουέτω,
805 2733 853 2795 καὶ
875 2735 920 2794 6'
914 2735 1000 2816 ιερτύς
1024 2735 1121 2811 ἐκτενῆ
1145 2736 1237 2810 δέησιν
1257 2733 1377 2812 ποιείτω,
1400 2730 1449 2794 καί
1471 2732 1541 2808 μετὰ
1563 2733 1611 2806 τὴν

317 2862 427 2936 μνήμην
449 2863 547 2920 τοῦν
518 2859 651 2933 όνόματος
678 2863 731 2918 τῶν
755 2858 913 2938 δομητόρων
935 2859 1014 2932 ήμῶν
1036 2856 1083 2918 καί
1107 2857 1198 2918 τούτου
1226 2849 1430 2935 μνημονευέτω,
1457 2852 1504 2914 καὶ
1526 2853 1611 2924 οῦτως

317 2981 393 3042 ἔσται
415 2985 462 3042 τοῦ
484 2981 582 3040 λοιποῦ
603 2985 693 3057 τῆς
673 2979 838 3060 προστασίας
859 2981 1030 3054 κεκτημένος
1052 2977 1282 3059 ἀπαραλόγιοτον,
1303 2970 1495 3062 τιρτοιίούτῳ]
1510 2973 1611 3054 καὶτῷ

315 3101 418 3182 τυπικῷ
442 3103 472 3162 ἐν
495 3103 578 3162 άπαοι
600 3103 718 3182 χρῆσθαι
742 3100 932 3176 ἐντελλόμεθα
953 3106 1003 3176 τῆς
1030 3107 1116 3178 μονῆς
1140 3105 1187 3161 τοῦ
1210 3104 1289 3181 τυροῦ
1311 3097 1450 3160 Μελετίου
1474 3097 1504 3156 ἔν
1525 3101 1610 3156 τετῖ

318 3224 529 3306 ἐκκλησιαστικῇ
554 3223 680 3299 δηλονότι
703 3223 852 3305 ἀκολουθίᾳ
874 3221 921 3284 καὶ
942 3227 976 3304 τῇ
984 3218 1010 3305 ²)
1033 3227 1083 3299 τῆς
1109 3241 1180 3302 τραπ
1143 3223 1245 3296 απέζης
1269 3219 1357 3302 διαίτη
1379 3221 1410 3280 τό
1434 3219 1498 3280 αἰτό
1521 3237 1610 3280 σιτου-

317 3349 423 3424 μένους,
446 3347 477 3406 τ“ο
500 3348 564 3406 αύτό
584 3348 652 3426 πρός
673 3347 781 3406 πόσιν
772 3347 1015 3424 προσφερομένους,
1039 3366 1086 3404 και
1109 3345 1148 3420 μὴ
1172 3343 1301 3425 διαφορὰν
1325 3341 1513 3422 βρωμάτων
1501 3339 1545 3400 επὶ
1560 3346 1609 3416 τῆς

316 3473 411 3543 κοινῆς
433 3469 569 3546 τραπέζης
600 3465 767 3546 εἰσάγεσθαι,
797 3487 823 3526 ει
853 3469 892 3544 μή
922 3487 973 3528 που
1003 3466 1067 3538 ἴσως
1097 3465 1143 3526 διὰ
1164 3469 1242 3528 νόσον
1264 3485 1305 3538 τις
1326 3465 1360 3523 τὰ
1382 3465 1519 3544 πρόσφορα
1542 3462 1611 3522 σιτία
1664 3479 1665 3506 ι

315 3609 417 3670 ποσρσφ
420 3611 508 3669 ροιτο·
532 3589 557 3649 εί
578 3591 632 3668 γάρ
654 3609 720 3650 ποτε
742 3593 830 3650 νουσιν
859 3589 1037 3672 ἐπιουμβαίνη
1059 3587 1109 3648 τινί
1130 3585 1209 3648 καῖ’
1200 3589 1250 3648 υπό
1272 3593 1321 3663 τής
1344 3591 1502 3662 σωματικῆς
1524 3585 1609 3646 ἀσθε-

315 3710 390 3782 νείας
421 3711 607 3792 ἑπηρεάζοιτο,
638 3709 685 3772 καί
715 3711 787 3787 μηδὲ
818 3709 858 3784 είς
886 3712 935 3788 τήν
965 3712 1058 3786 κοινὴν
1086 3712 1220 3792 τράπεζαν
1243 3709 1308 3781 ἴσως
1332 3708 1416 3788 ἰσχύει
1438 3709 1608 3789 πορεύεσθαι,
1664 3691 1665 3728 ¹

314 3837 460 3908 τηνικαῦτα
482 3834 574 3912 χρεὼν
603 3835 649 3893 τὀν
679 3837 875 3913 προϊστάμενον
904 3839 994 3894 πᾶσαν
1023 3835 1183 3915 προσφέρειν
1213 3831 1285 3910 αύτῷ
1309 3831 1472 3908 ἐπιμέλειαν
1494 3830 1543 3892 καὶ
1566 3831 1608 3890 ἐπὶ

314 3961 348 4036 66
369 3955 463 4036 κε’λλῃ
485 3955 678 4035 παραβάλλειν
693 3960 739 4016 τοῦ
755 3957 955 4038 ἀρρωστοῦντος
969 3953 1016 4016 καὶ
1031 3957 1061 4014 τό
1076 3955 1235 4016 λυσιτελοῦν
1257 3955 1324 4034 πρός
1345 3953 1450 4031 ύγίειαν
1461 3953 1486 4030 ³)
1510 3953 1607 4034 βρῶμα

313 4081 485 4156 προστάττειν
513 4079 598 4157 τούτῳ
628 4073 907 4164 [παροιήοκευάζεσθαι
923 4123 931 4140 .
947 4079 1014 4158 πρός
1046 4076 1090 4138 έπὶ
1117 4079 1219 4148 τούτοις
1243 4077 1534 4162 διαταπόμσθαγοένα
1555 4081 1607 4134 τῶν

315 4202 487 4272 μοναζόντων
517 4198 700 4276 οἰκονόμον
691 4201 766 4282 παρὰ
795 4205 843 4262 τοῦ
872 4201 1080 4279 καθηγουμένου
1109 4199 1317 4281 προβάλλεσθαι
1346 4197 1393 4258 καὶ
1416 4197 1606 4275 διευθύνεοθοιι,
1664 4185 1665 4212 ³

200 4309 204 4318 ¹
315 4322 352 4380 ἔτι
375 4341 410 4400 γε
433 4321 556 4426 μὴικαί
579 4322 785 4404 ἐκκλησιάρχην
814 4321 1034 4396 τάττεβιβλία
1061 4321 1165 4384 καὶτὰ
1188 4321 1359 4396 δικαιώματα
1381 4325 1431 4395 τῆς
1454 4325 1543 4396 μονῆς
1562 4317 1607 4379 καὶ

313 4444 347 4502 τὰ
370 4443 482 4503 λοιπὰ*
476 4411 553 4523 ιερόί’
549 4445 742 4524 ξέπιτηροῦντα,
764 4447 833 4524 πρός
854 4447 954 4506 τούτων
977 4443 1025 4504 καί
1048 4442 1202 4524 δοχειάριον
1228 4440 1277 4502 καὶ
1299 4442 1408 4520 δοχεῖον
1432 4435 1538 4502 είναι
1526 4463 1555 4502 εν
1576 4449 1606 4524 τῇ

419 4707 437 4772 ¹)
456 4705 521 4756 eod.
541 4703 664 4754 τοσούτου.
735 4703 759 4771 ²)
777 4704 841 4754 eod.
860 4707 895 4772 τῷ
981 4702 1082 4768 όιοιίτην.
1154 4703 1176 4767 ³)
1196 4699 1265 4768 ύγίοιν
1283 4702 1342 4753 σού
