<?xml version="1.0" encoding="UTF-8"?>
<!DOCTYPE html PUBLIC "-//W3C//DTD XHTML 1.0 Transitional//EN"
    "http://www.w3.org/TR/xhtml1/DTD/xhtml1-transitional.dtd">
<html xmlns="http://www.w3.org/1999/xhtml" xml:lang="en" lang="en">
 <head>
  <title>
</title>
<meta http-equiv="Content-Type" content="text/html;charset=utf-8" />
  <meta name='ocr-system' content='tesseract 3.04.00' />
  <meta name='ocr-capabilities' content='ocr_page ocr_carea ocr_par ocr_line ocrx_word'/>
</head>
<body>
  <div class='ocr_page' id='page_1' title='image "./actaetdiplomata00miklgoog_0359.png"; bbox 0 0 3486 5282; ppageno 0'>
   <div class='ocr_carea' id='block_1_1' title="bbox 375 237 442 302">
    <p class='ocr_par' dir='ltr' id='par_1_1' title="bbox 375 237 442 302">
     <span class='ocr_line' id='line_1_1' title="bbox 375 237 442 302; baseline 0 0"><span class='ocrx_word' id='word_1_1' title='bbox 375 237 442 302; x_wconf 78' lang='lat'>232</span> 
     </span>
    </p>
   </div>
   <div class='ocr_carea' id='block_1_2' title="bbox 374 431 1670 882">
    <p class='ocr_par' dir='ltr' id='par_1_2' title="bbox 374 431 1670 882">
     <span class='ocr_line' id='line_1_2' title="bbox 374 431 1667 515; baseline -0.001 -22"><span class='ocrx_word' id='word_1_2' title='bbox 374 431 421 493; x_wconf 87' lang='grc' dir='ltr'>καὶ</span> <span class='ocrx_word' id='word_1_3' title='bbox 436 431 586 493; x_wconf 85' lang='grc' dir='ltr'>σακελλίου</span> <span class='ocrx_word' id='word_1_4' title='bbox 603 433 764 512; x_wconf 75' lang='grc' dir='ltr'>Μηθύμνης,</span> <span class='ocrx_word' id='word_1_5' title='bbox 784 431 828 491; x_wconf 86' lang='grc' dir='ltr'>ἵνα</span> <span class='ocrx_word' id='word_1_6' title='bbox 843 431 921 491; x_wconf 75' lang='grc' dir='ltr'>αὐτόν</span> <span class='ocrx_word' id='word_1_7' title='bbox 937 431 1094 514; x_wconf 80' lang='grc' dir='ltr'>καλλιεργῇ</span> <span class='ocrx_word' id='word_1_8' title='bbox 1109 431 1156 492; x_wconf 85' lang='grc' dir='ltr'>καί</span> <span class='ocrx_word' id='word_1_9' title='bbox 1172 433 1321 515; x_wconf 81' lang='grc' dir='ltr'>εῦτρεπίζῃ,</span> <span class='ocrx_word' id='word_1_10' title='bbox 1337 433 1399 492; x_wconf 87' lang='grc' dir='ltr'>όσσν</span> <span class='ocrx_word' id='word_1_11' title='bbox 1415 434 1445 492; x_wconf 87' lang='grc' dir='ltr'>τ“ο</span> <span class='ocrx_word' id='word_1_12' title='bbox 1460 433 1532 492; x_wconf 83' lang='grc' dir='ltr'>κατὰ</span> <span class='ocrx_word' id='word_1_13' title='bbox 1547 433 1667 507; x_wconf 79' lang='grc' dir='ltr'>δύναμιν,</span> 
     </span>
     <span class='ocr_line' id='line_1_3' title="bbox 374 550 1668 636; baseline -0.003 -21"><span class='ocrx_word' id='word_1_14' title='bbox 374 553 421 615; x_wconf 87' lang='grc' dir='ltr'>καὶ</span> <span class='ocrx_word' id='word_1_15' title='bbox 442 550 536 614; x_wconf 80' lang='grc' dir='ltr'>τᾶλλα</span> <span class='ocrx_word' id='word_1_16' title='bbox 556 555 644 613; x_wconf 88' lang='grc' dir='ltr'>πάντα</span> <span class='ocrx_word' id='word_1_17' title='bbox 665 551 814 636; x_wconf 74' lang='grc' dir='ltr'>πράτιηί),</span> <span class='ocrx_word' id='word_1_18' title='bbox 837 555 887 612; x_wconf 89' lang='grc' dir='ltr'>όσα</span> <span class='ocrx_word' id='word_1_19' title='bbox 911 554 1025 613; x_wconf 85' lang='grc' dir='ltr'>δέονται·</span> <span class='ocrx_word' id='word_1_20' title='bbox 1039 558 1085 614; x_wconf 88' lang='grc' dir='ltr'>τοῦ</span> <span class='ocrx_word' id='word_1_21' title='bbox 1108 559 1183 632; x_wconf 98' lang='grc' dir='ltr'>ναοῦ,</span> <span class='ocrx_word' id='word_1_22' title='bbox 1213 552 1260 613; x_wconf 89' lang='grc' dir='ltr'>καί</span> <span class='ocrx_word' id='word_1_23' title='bbox 1280 551 1416 632; x_wconf 86' lang='grc' dir='ltr'>ἔχεινκαὶ</span> <span class='ocrx_word' id='word_1_24' title='bbox 1432 554 1573 626; x_wconf 84' lang='grc' dir='ltr'>δεσπόζειν</span> <span class='ocrx_word' id='word_1_25' title='bbox 1589 555 1668 612; x_wconf 69' lang='grc' dir='ltr'>αὐτόν</span> 
     </span>
     <span class='ocr_line' id='line_1_4' title="bbox 374 673 1670 756; baseline -0.002 -20"><span class='ocrx_word' id='word_1_26' title='bbox 374 678 419 736; x_wconf 81' lang='grc' dir='ltr'>τόν</span> <span class='ocrx_word' id='word_1_27' title='bbox 442 677 557 756; x_wconf 77' lang='grc' dir='ltr'>ῥηθέντα</span> <span class='ocrx_word' id='word_1_28' title='bbox 579 676 643 734; x_wconf 81' lang='grc' dir='ltr'>ναόν</span> <span class='ocrx_word' id='word_1_29' title='bbox 665 673 711 734; x_wconf 84' lang='grc' dir='ltr'>καὶ</span> <span class='ocrx_word' id='word_1_30' title='bbox 734 675 767 733; x_wconf 80' lang='grc' dir='ltr'>τὰ</span> <span class='ocrx_word' id='word_1_31' title='bbox 790 675 870 734; x_wconf 78' lang='grc' dir='ltr'>αῖστοῦ</span> <span class='ocrx_word' id='word_1_32' title='bbox 892 676 1069 755; x_wconf 73' lang='grc' dir='ltr'>εὑρισκόμενα</span> <span class='ocrx_word' id='word_1_33' title='bbox 1091 677 1217 750; x_wconf 75' lang='grc' dir='ltr'>κτήματα</span> <span class='ocrx_word' id='word_1_34' title='bbox 1240 677 1319 746; x_wconf 84' lang='grc' dir='ltr'>αθτδς</span> <span class='ocrx_word' id='word_1_35' title='bbox 1334 673 1380 734; x_wconf 87' lang='grc' dir='ltr'>καὶ</span> <span class='ocrx_word' id='word_1_36' title='bbox 1396 673 1421 736; x_wconf 88' lang='grc' dir='ltr'>οί</span> <span class='ocrx_word' id='word_1_37' title='bbox 1437 677 1498 750; x_wconf 82' lang='grc' dir='ltr'>μετ’</span> <span class='ocrx_word' id='word_1_38' title='bbox 1511 677 1599 752; x_wconf 76' lang='grc' dir='ltr'>αὐτοῦ,</span> <span class='ocrx_word' id='word_1_39' title='bbox 1620 676 1670 746; x_wconf 81' lang='grc' dir='ltr'>οῦς</span> 
     </span>
     <span class='ocr_line' id='line_1_5' title="bbox 375 791 1669 882; baseline -0.004 -25"><span class='ocrx_word' id='word_1_40' title='bbox 375 800 455 869; x_wconf 80' lang='grc' dir='ltr'>κῦτος</span> <span class='ocrx_word' id='word_1_41' title='bbox 482 794 630 872; x_wconf 79' lang='grc' dir='ltr'>ἐκλέξηται</span> <span class='ocrx_word' id='word_1_42' title='bbox 656 795 703 856; x_wconf 86' lang='grc' dir='ltr'>καὶ</span> <span class='ocrx_word' id='word_1_43' title='bbox 731 791 782 881; x_wconf 89' lang='grc' dir='ltr'>[είς</span> <span class='ocrx_word' id='word_1_44' title='bbox 805 791 862 882; x_wconf 77' lang='grc' dir='ltr'>οὓς]</span> <span class='ocrx_word' id='word_1_45' title='bbox 889 797 1063 876; x_wconf 81' lang='grc' dir='ltr'>προσηλώσει</span> <span class='ocrx_word' id='word_1_46' title='bbox 1091 796 1169 868; x_wconf 82' lang='grc' dir='ltr'>αθτδς</span> <span class='ocrx_word' id='word_1_47' title='bbox 1192 797 1271 857; x_wconf 80' lang='grc' dir='ltr'>αὺτθν</span> <span class='ocrx_word' id='word_1_48' title='bbox 1293 799 1311 872; x_wconf 82' lang='grc' dir='ltr'><strong>ἠ</strong></span> <span class='ocrx_word' id='word_1_49' title='bbox 1335 796 1483 878; x_wconf 87' lang='grc' dir='ltr'>ἱερωμένον</span> <span class='ocrx_word' id='word_1_50' title='bbox 1506 800 1524 872; x_wconf 77' lang='grc' dir='ltr'><strong>ἡ</strong></span> <span class='ocrx_word' id='word_1_51' title='bbox 1547 798 1669 874; x_wconf 69' lang='grc' dir='ltr'>μοναχσν</span> 
     </span>
    </p>
   </div>
   <div class='ocr_carea' id='block_1_3' title="bbox 374 914 1669 1003">
    <p class='ocr_par' dir='ltr' id='par_1_3' title="bbox 374 914 1669 1003">
     <span class='ocr_line' id='line_1_6' title="bbox 374 914 1669 1003; baseline 0.001 -25"><span class='ocrx_word' id='word_1_52' title='bbox 374 925 392 995; x_wconf 75' lang='grc' dir='ltr'>ἡ</span> <span class='ocrx_word' id='word_1_53' title='bbox 414 921 594 994; x_wconf 81' lang='grc' dir='ltr'>πνευματικόν</span> <span class='ocrx_word' id='word_1_54' title='bbox 618 915 809 1003; x_wconf 63' lang='grc' dir='ltr'>ίερωμένονῖ),</span> <span class='ocrx_word' id='word_1_55' title='bbox 834 917 873 992; x_wconf 85' lang='grc' dir='ltr'>είς</span> <span class='ocrx_word' id='word_1_56' title='bbox 896 919 927 979; x_wconf 86' lang='grc' dir='ltr'>δὲ</span> <span class='ocrx_word' id='word_1_57' title='bbox 949 920 1096 996; x_wconf 86' lang='grc' dir='ltr'>κοσμικοίις</span> <span class='ocrx_word' id='word_1_58' title='bbox 1119 919 1193 989; x_wconf 89' lang='grc' dir='ltr'>όλως</span> <span class='ocrx_word' id='word_1_59' title='bbox 1217 919 1255 996; x_wconf 82' lang='grc' dir='ltr'>μὴ</span> <span class='ocrx_word' id='word_1_60' title='bbox 1280 921 1353 997; x_wconf 84' lang='grc' dir='ltr'>ἔχειν</span> <span class='ocrx_word' id='word_1_61' title='bbox 1377 914 1500 992; x_wconf 80' lang='grc' dir='ltr'>ἐξουσίαν</span> <span class='ocrx_word' id='word_1_62' title='bbox 1522 925 1567 980; x_wconf 90' lang='grc' dir='ltr'>τοῦ</span> <span class='ocrx_word' id='word_1_63' title='bbox 1581 941 1669 999; x_wconf 75' lang='grc' dir='ltr'>προσ-</span> 
     </span>
    </p>
   </div>
   <div class='ocr_carea' id='block_1_4' title="bbox 374 1019 1670 1122">
    <p class='ocr_par' dir='ltr' id='par_1_4' title="bbox 374 1019 1670 1122">
     <span class='ocr_line' id='line_1_7' title="bbox 374 1019 1670 1122; baseline 0 -20"><span class='ocrx_word' id='word_1_64' title='bbox 374 1042 483 1118; x_wconf 85' lang='grc' dir='ltr'>ηλῶσαι</span> <span class='ocrx_word' id='word_1_65' title='bbox 510 1041 589 1101; x_wconf 72' lang='grc' dir='ltr'>αὐτόν</span> <span class='ocrx_word' id='word_1_66' title='bbox 618 1045 635 1115; x_wconf 77' lang='grc' dir='ltr'>ἢ</span> <span class='ocrx_word' id='word_1_67' title='bbox 667 1040 815 1120; x_wconf 81' lang='grc' dir='ltr'>ἱερωμένον</span> <span class='ocrx_word' id='word_1_68' title='bbox 846 1041 910 1101; x_wconf 88' lang='grc' dir='ltr'>’όντα</span> <span class='ocrx_word' id='word_1_69' title='bbox 938 1043 957 1116; x_wconf 77' lang='grc' dir='ltr'>ἢ</span> <span class='ocrx_word' id='word_1_70' title='bbox 987 1019 1116 1116; x_wconf 85' lang='grc' dir='ltr'>κοσμικόν</span> <span class='ocrx_word' id='word_1_71' title='bbox 1124 1038 1158 1122; x_wconf 80' lang='lat'>³).</span> <span class='ocrx_word' id='word_1_72' title='bbox 1191 1039 1230 1113; x_wconf 83' lang='grc' dir='ltr'>εἰς</span> <span class='ocrx_word' id='word_1_73' title='bbox 1261 1041 1293 1101; x_wconf 86' lang='grc' dir='ltr'>δὲ</span> <span class='ocrx_word' id='word_1_74' title='bbox 1322 1041 1370 1116; x_wconf 84' lang='grc' dir='ltr'>τὴν</span> <span class='ocrx_word' id='word_1_75' title='bbox 1393 1043 1486 1102; x_wconf 81' lang='grc' dir='ltr'>τούτου</span> <span class='ocrx_word' id='word_1_76' title='bbox 1507 1043 1599 1120; x_wconf 68' lang='grc' dir='ltr'>ἀληθῆ</span> <span class='ocrx_word' id='word_1_77' title='bbox 1621 1043 1670 1102; x_wconf 82' lang='grc' dir='ltr'>καὶ</span> 
     </span>
    </p>
   </div>
   <div class='ocr_carea' id='block_1_5' title="bbox 373 1160 1734 3926">
    <p class='ocr_par' dir='ltr' id='par_1_5' title="bbox 373 1160 1734 3926">
     <span class='ocr_line' id='line_1_8' title="bbox 375 1160 1732 1244; baseline 0.003 -22"><span class='ocrx_word' id='word_1_78' title='bbox 375 1162 490 1238; x_wconf 80' lang='grc' dir='ltr'>βεβαίαν</span> <span class='ocrx_word' id='word_1_79' title='bbox 518 1162 668 1242; x_wconf 77' lang='grc' dir='ltr'>ἀσφάλειαν</span> <span class='ocrx_word' id='word_1_80' title='bbox 697 1162 807 1242; x_wconf 85' lang='grc' dir='ltr'>ἐγένετο</span> <span class='ocrx_word' id='word_1_81' title='bbox 833 1160 880 1222; x_wconf 88' lang='grc' dir='ltr'>καί</span> <span class='ocrx_word' id='word_1_82' title='bbox 906 1164 936 1222; x_wconf 80' lang='grc' dir='ltr'>τό</span> <span class='ocrx_word' id='word_1_83' title='bbox 958 1165 1044 1243; x_wconf 80' lang='grc' dir='ltr'>παρὀν</span> <span class='ocrx_word' id='word_1_84' title='bbox 1068 1161 1246 1242; x_wconf 85' lang='grc' dir='ltr'>οίκειόχειρόν</span> <span class='ocrx_word' id='word_1_85' title='bbox 1268 1184 1320 1239; x_wconf 92' lang='grc' dir='ltr'>μου</span> <span class='ocrx_word' id='word_1_86' title='bbox 1342 1167 1459 1244; x_wconf 82' lang='grc' dir='ltr'>γράμμα</span> <span class='ocrx_word' id='word_1_87' title='bbox 1481 1164 1528 1224; x_wconf 88' lang='grc' dir='ltr'>καὶ</span> <span class='ocrx_word' id='word_1_88' title='bbox 1552 1165 1670 1240; x_wconf 72' lang='grc' dir='ltr'>ἐπεδόθη</span> <span class='ocrx_word' id='word_1_89' title='bbox 1731 1169 1732 1226; x_wconf 50' lang='grc' dir='ltr'>ί</span> 
     </span>
     <span class='ocr_line' id='line_1_9' title="bbox 375 1281 1670 1366; baseline 0 -20"><span class='ocrx_word' id='word_1_90' title='bbox 375 1306 417 1346; x_wconf 90' lang='grc' dir='ltr'>σοι</span> <span class='ocrx_word' id='word_1_91' title='bbox 440 1284 478 1362; x_wconf 82' lang='grc' dir='ltr'>τῷ</span> <span class='ocrx_word' id='word_1_92' title='bbox 501 1284 777 1364; x_wconf 70' lang='grc' dir='ltr'>διαληρθησσμένῳί)</span> <span class='ocrx_word' id='word_1_93' title='bbox 800 1285 926 1364; x_wconf 75' lang='grc' dir='ltr'>ἡμετέρῳ</span> <span class='ocrx_word' id='word_1_94' title='bbox 948 1281 996 1364; x_wconf 80' lang='grc' dir='ltr'>υίῷ</span> <span class='ocrx_word' id='word_1_95' title='bbox 1017 1283 1150 1363; x_wconf 69' lang='grc' dir='ltr'>’ίγνατίηη</span> <span class='ocrx_word' id='word_1_96' title='bbox 1174 1283 1346 1364; x_wconf 87' lang='grc' dir='ltr'>ίερομονάχῳ</span> <span class='ocrx_word' id='word_1_97' title='bbox 1368 1283 1416 1346; x_wconf 88' lang='grc' dir='ltr'>καὶ</span> <span class='ocrx_word' id='word_1_98' title='bbox 1435 1287 1579 1366; x_wconf 85' lang='grc' dir='ltr'>σακελλίῳ</span> <span class='ocrx_word' id='word_1_99' title='bbox 1601 1287 1670 1362; x_wconf 85' lang='grc' dir='ltr'>Μη-</span> 
     </span>
     <span class='ocr_line' id='line_1_10' title="bbox 375 1403 1670 1490; baseline -0.002 -22"><span class='ocrx_word' id='word_1_100' title='bbox 375 1409 486 1486; x_wconf 75' lang='grc' dir='ltr'>θόμνης,</span> <span class='ocrx_word' id='word_1_101' title='bbox 514 1409 620 1476; x_wconf 88' lang='grc' dir='ltr'>πάντως</span> <span class='ocrx_word' id='word_1_102' title='bbox 643 1405 674 1466; x_wconf 88' lang='grc' dir='ltr'>δὲ</span> <span class='ocrx_word' id='word_1_103' title='bbox 696 1403 743 1465; x_wconf 86' lang='grc' dir='ltr'>καί</span> <span class='ocrx_word' id='word_1_104' title='bbox 765 1409 811 1466; x_wconf 87' lang='grc' dir='ltr'>τοῦ</span> <span class='ocrx_word' id='word_1_105' title='bbox 833 1407 967 1487; x_wconf 82' lang='grc' dir='ltr'>ἡμετέρου</span> <span class='ocrx_word' id='word_1_106' title='bbox 990 1407 1116 1466; x_wconf 80' lang='grc' dir='ltr'>αὺθέντου</span> <span class='ocrx_word' id='word_1_107' title='bbox 1139 1403 1186 1466; x_wconf 85' lang='grc' dir='ltr'>καί</span> <span class='ocrx_word' id='word_1_108' title='bbox 1208 1407 1347 1486; x_wconf 87' lang='grc' dir='ltr'>δεσπότου,</span> <span class='ocrx_word' id='word_1_109' title='bbox 1379 1407 1579 1490; x_wconf 86' lang='grc' dir='ltr'>μητροπολίτου</span> <span class='ocrx_word' id='word_1_110' title='bbox 1602 1409 1670 1482; x_wconf 84' lang='grc' dir='ltr'>Μη-</span> 
     </span>
     <span class='ocr_line' id='line_1_11' title="bbox 375 1523 1671 1611; baseline -0.002 -22"><span class='ocrx_word' id='word_1_111' title='bbox 375 1531 487 1610; x_wconf 78' lang='grc' dir='ltr'>θύμνης,</span> <span class='ocrx_word' id='word_1_112' title='bbox 515 1534 563 1609; x_wconf 86' lang='grc' dir='ltr'>κῦρ</span> <span class='ocrx_word' id='word_1_113' title='bbox 588 1528 741 1610; x_wconf 91' lang='grc' dir='ltr'>Μακαρίου,</span> <span class='ocrx_word' id='word_1_114' title='bbox 769 1529 846 1588; x_wconf 83' lang='grc' dir='ltr'>ἀλλὰ</span> <span class='ocrx_word' id='word_1_115' title='bbox 869 1527 903 1604; x_wconf 85' lang='grc' dir='ltr'>δὴ</span> <span class='ocrx_word' id='word_1_116' title='bbox 926 1526 1041 1588; x_wconf 85' lang='grc' dir='ltr'>καὶτοῦ</span> <span class='ocrx_word' id='word_1_117' title='bbox 1064 1532 1264 1610; x_wconf 85' lang='grc' dir='ltr'>πανιερωτάτσυ</span> <span class='ocrx_word' id='word_1_118' title='bbox 1287 1529 1487 1611; x_wconf 86' lang='grc' dir='ltr'>μητροπολίτου</span> <span class='ocrx_word' id='word_1_119' title='bbox 1509 1535 1554 1590; x_wconf 89' lang='grc' dir='ltr'>τοῦ</span> <span class='ocrx_word' id='word_1_120' title='bbox 1575 1523 1671 1610; x_wconf 80' lang='grc' dir='ltr'>πρῴην</span> 
     </span>
     <span class='ocr_line' id='line_1_12' title="bbox 377 1646 1672 1732; baseline -0.001 -21"><span class='ocrx_word' id='word_1_121' title='bbox 377 1646 510 1730; x_wconf 89' lang='grc' dir='ltr'>Πισιδίας,</span> <span class='ocrx_word' id='word_1_122' title='bbox 533 1655 581 1731; x_wconf 91' lang='grc' dir='ltr'>κῦρ</span> <span class='ocrx_word' id='word_1_123' title='bbox 598 1650 751 1730; x_wconf 91' lang='grc' dir='ltr'>Μακαρίου,</span> <span class='ocrx_word' id='word_1_124' title='bbox 774 1649 820 1710; x_wconf 84' lang='grc' dir='ltr'>καί</span> <span class='ocrx_word' id='word_1_125' title='bbox 842 1656 896 1710; x_wconf 85' lang='grc' dir='ltr'>τῶν</span> <span class='ocrx_word' id='word_1_126' title='bbox 919 1650 1024 1710; x_wconf 82' lang='grc' dir='ltr'>λοιπῶν</span> <span class='ocrx_word' id='word_1_127' title='bbox 1039 1655 1092 1710; x_wconf 88' lang='grc' dir='ltr'>τῶν</span> <span class='ocrx_word' id='word_1_128' title='bbox 1107 1651 1229 1711; x_wconf 81' lang='grc' dir='ltr'>κάτωθεν</span> <span class='ocrx_word' id='word_1_129' title='bbox 1247 1651 1467 1728; x_wconf 88' lang='grc' dir='ltr'>ἐνσημανθέντων</span> <span class='ocrx_word' id='word_1_130' title='bbox 1483 1649 1672 1732; x_wconf 87' lang='grc' dir='ltr'>οίκειοχείρως</span> 
     </span>
     <span class='ocr_line' id='line_1_13' title="bbox 374 1769 1671 1859; baseline -0.001 -26"><span class='ocrx_word' id='word_1_131' title='bbox 374 1775 541 1850; x_wconf 83' lang='grc' dir='ltr'>τιμιωτάτων</span> <span class='ocrx_word' id='word_1_132' title='bbox 563 1773 704 1853; x_wconf 81' lang='grc' dir='ltr'>κληρικιῦν</span> <span class='ocrx_word' id='word_1_133' title='bbox 726 1771 772 1832; x_wconf 88' lang='grc' dir='ltr'>καὶ</span> <span class='ocrx_word' id='word_1_134' title='bbox 795 1771 890 1853; x_wconf 90' lang='grc' dir='ltr'>ίερέων</span> <span class='ocrx_word' id='word_1_135' title='bbox 914 1771 1051 1852; x_wconf 84' lang='grc' dir='ltr'>εῦλαβιῦν,</span> <span class='ocrx_word' id='word_1_136' title='bbox 1076 1771 1153 1832; x_wconf 80' lang='grc' dir='ltr'>ἀλλὰ</span> <span class='ocrx_word' id='word_1_137' title='bbox 1176 1773 1209 1846; x_wconf 85' lang='grc' dir='ltr'>δὴ</span> <span class='ocrx_word' id='word_1_138' title='bbox 1230 1770 1277 1832; x_wconf 85' lang='grc' dir='ltr'>καί</span> <span class='ocrx_word' id='word_1_139' title='bbox 1293 1774 1410 1851; x_wconf 76' lang='grc' dir='ltr'>εὐγενῶν</span> <span class='ocrx_word' id='word_1_140' title='bbox 1426 1773 1566 1854; x_wconf 79' lang='grc' dir='ltr'>ἀρχόντων</span> <span class='ocrx_word' id='word_1_141' title='bbox 1583 1769 1671 1859; x_wconf 82' lang='grc' dir='ltr'>[μαρ-</span> 
     </span>
     <span class='ocr_line' id='line_1_14' title="bbox 373 1889 1674 1978; baseline -0.001 -24"><span class='ocrx_word' id='word_1_142' title='bbox 373 1895 458 1976; x_wconf 80' lang='grc' dir='ltr'>πίρων</span> <span class='ocrx_word' id='word_1_143' title='bbox 489 1889 616 1978; x_wconf 68' lang='grc' dir='ltr'>όντωνίί)</span> <span class='ocrx_word' id='word_1_144' title='bbox 646 1897 692 1953; x_wconf 89' lang='grc' dir='ltr'>τοῦ</span> <span class='ocrx_word' id='word_1_145' title='bbox 722 1893 760 1969; x_wconf 84' lang='grc' dir='ltr'>μὴ</span> <span class='ocrx_word' id='word_1_146' title='bbox 792 1894 865 1971; x_wconf 83' lang='grc' dir='ltr'>ἐχειν</span> <span class='ocrx_word' id='word_1_147' title='bbox 896 1914 931 1967; x_wconf 91' lang='grc' dir='ltr'>με</span> <span class='ocrx_word' id='word_1_148' title='bbox 939 1891 964 1976; x_wconf 74' lang='grc' dir='ltr'>θ)</span> <span class='ocrx_word' id='word_1_149' title='bbox 996 1891 1118 1965; x_wconf 85' lang='grc' dir='ltr'>ἐξουσίαν</span> <span class='ocrx_word' id='word_1_150' title='bbox 1140 1893 1193 1954; x_wconf 79' lang='grc' dir='ltr'>ἀπό</span> <span class='ocrx_word' id='word_1_151' title='bbox 1214 1898 1261 1954; x_wconf 89' lang='grc' dir='ltr'>τοῦ</span> <span class='ocrx_word' id='word_1_152' title='bbox 1283 1897 1328 1953; x_wconf 87' lang='grc' dir='ltr'>νῦν</span> <span class='ocrx_word' id='word_1_153' title='bbox 1350 1892 1397 1954; x_wconf 85' lang='grc' dir='ltr'>καὶ</span> <span class='ocrx_word' id='word_1_154' title='bbox 1421 1892 1461 1967; x_wconf 82' lang='grc' dir='ltr'>εἰς</span> <span class='ocrx_word' id='word_1_155' title='bbox 1484 1895 1513 1954; x_wconf 73' lang='grc' dir='ltr'>τ“ο</span> <span class='ocrx_word' id='word_1_156' title='bbox 1537 1892 1601 1970; x_wconf 65' lang='grc' dir='ltr'>ἑξῆς</span> <span class='ocrx_word' id='word_1_157' title='bbox 1621 1899 1674 1954; x_wconf 79' lang='grc' dir='ltr'>τοῦ</span> 
     </span>
     <span class='ocr_line' id='line_1_15' title="bbox 375 2011 1673 2096; baseline -0.001 -20"><span class='ocrx_word' id='word_1_158' title='bbox 375 2016 556 2094; x_wconf 67' lang='grc' dir='ltr'>ἐνοχλῆσαίῖ)</span> <span class='ocrx_word' id='word_1_159' title='bbox 580 2037 609 2075; x_wconf 87' lang='grc' dir='ltr'>σε</span> <span class='ocrx_word' id='word_1_160' title='bbox 633 2014 694 2094; x_wconf 88' lang='grc' dir='ltr'>περὶ</span> <span class='ocrx_word' id='word_1_161' title='bbox 716 2016 807 2074; x_wconf 87' lang='grc' dir='ltr'>τοίιτου</span> <span class='ocrx_word' id='word_1_162' title='bbox 829 2019 848 2088; x_wconf 80' lang='grc' dir='ltr'>ἢ</span> <span class='ocrx_word' id='word_1_163' title='bbox 872 2013 928 2093; x_wconf 84' lang='grc' dir='ltr'>ἐγὼ</span> <span class='ocrx_word' id='word_1_164' title='bbox 951 2017 968 2089; x_wconf 78' lang='grc' dir='ltr'>ἢ</span> <span class='ocrx_word' id='word_1_165' title='bbox 991 2015 1017 2073; x_wconf 83' lang='grc' dir='ltr'>οἱ</span> <span class='ocrx_word' id='word_1_166' title='bbox 1039 2014 1098 2090; x_wconf 87' lang='grc' dir='ltr'>μετ’</span> <span class='ocrx_word' id='word_1_167' title='bbox 1113 2015 1179 2090; x_wconf 87' lang='grc' dir='ltr'>ἐμοῦ</span> <span class='ocrx_word' id='word_1_168' title='bbox 1201 2018 1219 2090; x_wconf 85' lang='grc' dir='ltr'><strong>ῆ</strong></span> <span class='ocrx_word' id='word_1_169' title='bbox 1242 2011 1333 2087; x_wconf 79' lang='grc' dir='ltr'>ἄλλος</span> <span class='ocrx_word' id='word_1_170' title='bbox 1353 2037 1392 2088; x_wconf 87' lang='grc' dir='ltr'>τις</span> <span class='ocrx_word' id='word_1_171' title='bbox 1406 2021 1460 2076; x_wconf 84' lang='grc' dir='ltr'>τῶν</span> <span class='ocrx_word' id='word_1_172' title='bbox 1478 2017 1566 2096; x_wconf 88' lang='grc' dir='ltr'>ἐκτός,</span> <span class='ocrx_word' id='word_1_173' title='bbox 1591 2016 1673 2076; x_wconf 79' lang='grc' dir='ltr'>ἀλλά</span> 
     </span>
     <span class='ocr_line' id='line_1_16' title="bbox 374 2133 1672 2216; baseline -0.002 -18"><span class='ocrx_word' id='word_1_174' title='bbox 374 2141 502 2216; x_wconf 87' lang='grc' dir='ltr'>κατέχειν</span> <span class='ocrx_word' id='word_1_175' title='bbox 526 2137 589 2196; x_wconf 78' lang='grc' dir='ltr'>αῦτό</span> <span class='ocrx_word' id='word_1_176' title='bbox 612 2135 659 2196; x_wconf 85' lang='grc' dir='ltr'>καὶ</span> <span class='ocrx_word' id='word_1_177' title='bbox 682 2135 821 2207; x_wconf 76' lang='grc' dir='ltr'>δεσπόζειν</span> <span class='ocrx_word' id='word_1_178' title='bbox 829 2133 852 2216; x_wconf 66' lang='lat'>⁸)</span> <span class='ocrx_word' id='word_1_179' title='bbox 876 2137 915 2208; x_wconf 80' lang='grc' dir='ltr'>ιίις</span> <span class='ocrx_word' id='word_1_180' title='bbox 936 2136 1044 2205; x_wconf 85' lang='grc' dir='ltr'>τέλειος</span> <span class='ocrx_word' id='word_1_181' title='bbox 1066 2137 1156 2216; x_wconf 88' lang='grc' dir='ltr'>κίιριος</span> <span class='ocrx_word' id='word_1_182' title='bbox 1178 2135 1225 2196; x_wconf 90' lang='grc' dir='ltr'>καὶ</span> <span class='ocrx_word' id='word_1_183' title='bbox 1249 2134 1422 2212; x_wconf 81' lang='grc' dir='ltr'>ἐξουσιαοτὴς</span> <span class='ocrx_word' id='word_1_184' title='bbox 1445 2137 1476 2197; x_wconf 78' lang='grc' dir='ltr'>σίν</span> <span class='ocrx_word' id='word_1_185' title='bbox 1495 2137 1543 2198; x_wconf 93' lang='grc' dir='ltr'>καὶ</span> <span class='ocrx_word' id='word_1_186' title='bbox 1558 2138 1583 2198; x_wconf 89' lang='grc' dir='ltr'>οί</span> <span class='ocrx_word' id='word_1_187' title='bbox 1598 2142 1672 2214; x_wconf 80' lang='grc' dir='ltr'>μετά</span> 
     </span>
     <span class='ocr_line' id='line_1_17' title="bbox 375 2256 1672 2340; baseline -0.002 -20"><span class='ocrx_word' id='word_1_188' title='bbox 375 2281 430 2340; x_wconf 87' lang='grc' dir='ltr'>σου,</span> <span class='ocrx_word' id='word_1_189' title='bbox 454 2262 492 2331; x_wconf 60' lang='lat' dir='ltr'>or</span> <span class='ocrx_word' id='word_1_190' title='bbox 515 2259 617 2319; x_wconf 90' lang='grc' dir='ltr'>άνωθέν</span> <span class='ocrx_word' id='word_1_191' title='bbox 640 2277 738 2338; x_wconf 77' lang='grc' dir='ltr'>φαμεν,</span> <span class='ocrx_word' id='word_1_192' title='bbox 762 2256 802 2330; x_wconf 86' lang='grc' dir='ltr'>είς</span> <span class='ocrx_word' id='word_1_193' title='bbox 823 2257 886 2329; x_wconf 76' lang='grc' dir='ltr'>τοῦς</span> <span class='ocrx_word' id='word_1_194' title='bbox 907 2257 1073 2337; x_wconf 81' lang='grc' dir='ltr'>ἀπεράντους</span> <span class='ocrx_word' id='word_1_195' title='bbox 1096 2256 1205 2328; x_wconf 80' lang='grc' dir='ltr'>αἰῶνας.</span> <span class='ocrx_word' id='word_1_196' title='bbox 1252 2261 1323 2330; x_wconf 90' lang='grc' dir='ltr'>όστις</span> <span class='ocrx_word' id='word_1_197' title='bbox 1347 2259 1377 2318; x_wconf 86' lang='grc' dir='ltr'>δέ</span> <span class='ocrx_word' id='word_1_198' title='bbox 1400 2260 1514 2334; x_wconf 76' lang='grc' dir='ltr'>θελήσει</span> <span class='ocrx_word' id='word_1_199' title='bbox 1535 2265 1581 2320; x_wconf 90' lang='grc' dir='ltr'>τοῦ</span> <span class='ocrx_word' id='word_1_200' title='bbox 1605 2261 1672 2319; x_wconf 87' lang='grc' dir='ltr'>ἐνσ-</span> 
     </span>
     <span class='ocr_line' id='line_1_18' title="bbox 373 2378 1671 2464; baseline 0.001 -23"><span class='ocrx_word' id='word_1_201' title='bbox 373 2382 478 2460; x_wconf 85' lang='grc' dir='ltr'>χλῆσαί</span> <span class='ocrx_word' id='word_1_202' title='bbox 507 2403 538 2440; x_wconf 87' lang='grc' dir='ltr'>σε</span> <span class='ocrx_word' id='word_1_203' title='bbox 546 2379 571 2464; x_wconf 77' lang='lat'>⁹)</span> <span class='ocrx_word' id='word_1_204' title='bbox 601 2401 626 2440; x_wconf 90' lang='grc' dir='ltr'>τι</span> <span class='ocrx_word' id='word_1_205' title='bbox 655 2379 716 2460; x_wconf 87' lang='grc' dir='ltr'>περί</span> <span class='ocrx_word' id='word_1_206' title='bbox 745 2383 837 2440; x_wconf 88' lang='grc' dir='ltr'>τοῦτου</span> <span class='ocrx_word' id='word_1_207' title='bbox 859 2378 906 2439; x_wconf 84' lang='grc' dir='ltr'>καὶ</span> <span class='ocrx_word' id='word_1_208' title='bbox 929 2379 1142 2440; x_wconf 78' lang='grc' dir='ltr'>ἀνασκολοπίσαι</span> <span class='ocrx_word' id='word_1_209' title='bbox 1164 2379 1309 2455; x_wconf 78' lang='grc' dir='ltr'>θελήσειεν</span> <span class='ocrx_word' id='word_1_210' title='bbox 1332 2379 1378 2440; x_wconf 83' lang='grc' dir='ltr'>καί</span> <span class='ocrx_word' id='word_1_211' title='bbox 1401 2381 1548 2461; x_wconf 79' lang='grc' dir='ltr'>ἀνατρέψαι</span> <span class='ocrx_word' id='word_1_212' title='bbox 1571 2385 1671 2460; x_wconf 81' lang='grc' dir='ltr'>ταῦτ-ην</span> 
     </span>
     <span class='ocr_line' id='line_1_19' title="bbox 374 2502 1671 2583; baseline 0 -21"><span class='ocrx_word' id='word_1_213' title='bbox 374 2504 422 2579; x_wconf 79' lang='grc' dir='ltr'>τὴν</span> <span class='ocrx_word' id='word_1_214' title='bbox 446 2502 622 2583; x_wconf 83' lang='grc' dir='ltr'>οίκειόχειρόν</span> <span class='ocrx_word' id='word_1_215' title='bbox 645 2523 696 2578; x_wconf 90' lang='grc' dir='ltr'>μου</span> <span class='ocrx_word' id='word_1_216' title='bbox 718 2503 823 2582; x_wconf 78' lang='grc' dir='ltr'>γραφὴν</span> <span class='ocrx_word' id='word_1_217' title='bbox 848 2502 880 2561; x_wconf 90' lang='grc' dir='ltr'>ἐκ</span> <span class='ocrx_word' id='word_1_218' title='bbox 904 2504 1003 2582; x_wconf 89' lang='grc' dir='ltr'>μέρους</span> <span class='ocrx_word' id='word_1_219' title='bbox 1025 2503 1159 2582; x_wconf 82' lang='grc' dir='ltr'>ἡμετέρου</span> <span class='ocrx_word' id='word_1_220' title='bbox 1181 2507 1199 2576; x_wconf 81' lang='grc' dir='ltr'>ἢ</span> <span class='ocrx_word' id='word_1_221' title='bbox 1222 2502 1313 2575; x_wconf 83' lang='grc' dir='ltr'>σίλλος</span> <span class='ocrx_word' id='word_1_222' title='bbox 1334 2523 1383 2582; x_wconf 91' lang='grc' dir='ltr'>τις,</span> <span class='ocrx_word' id='word_1_223' title='bbox 1414 2503 1456 2578; x_wconf 87' lang='grc' dir='ltr'>εἴη</span> <span class='ocrx_word' id='word_1_224' title='bbox 1480 2503 1671 2583; x_wconf 79' lang='grc' dir='ltr'>ίερωμένοςῆ</span> 
     </span>
     <span class='ocr_line' id='line_1_20' title="bbox 375 2609 1734 2707; baseline -0.001 -22"><span class='ocrx_word' id='word_1_225' title='bbox 375 2627 483 2705; x_wconf 81' lang='grc' dir='ltr'>λαϊκός,</span> <span class='ocrx_word' id='word_1_226' title='bbox 507 2624 553 2686; x_wconf 87' lang='grc' dir='ltr'>καί</span> <span class='ocrx_word' id='word_1_227' title='bbox 576 2625 706 2685; x_wconf 79' lang='grc' dir='ltr'>ἀντειπεῖν</span> <span class='ocrx_word' id='word_1_228' title='bbox 729 2645 771 2684; x_wconf 91' lang='grc' dir='ltr'>σοι</span> <span class='ocrx_word' id='word_1_229' title='bbox 790 2623 835 2684; x_wconf 90' lang='grc' dir='ltr'>καὶ</span> <span class='ocrx_word' id='word_1_230' title='bbox 852 2623 1003 2703; x_wconf 82' lang='grc' dir='ltr'>ἐνοχλῆσαί</span> <span class='ocrx_word' id='word_1_231' title='bbox 1017 2645 1048 2684; x_wconf 86' lang='grc' dir='ltr'>σε</span> <span class='ocrx_word' id='word_1_232' title='bbox 1059 2623 1094 2706; x_wconf 90' lang='lat'>¹⁰)</span> <span class='ocrx_word' id='word_1_233' title='bbox 1109 2629 1127 2700; x_wconf 77' lang='grc' dir='ltr'>ἢ</span> <span class='ocrx_word' id='word_1_234' title='bbox 1143 2625 1205 2698; x_wconf 80' lang='grc' dir='ltr'>τοῦς</span> <span class='ocrx_word' id='word_1_235' title='bbox 1220 2625 1290 2701; x_wconf 84' lang='grc' dir='ltr'>μετὰ</span> <span class='ocrx_word' id='word_1_236' title='bbox 1305 2631 1351 2686; x_wconf 88' lang='grc' dir='ltr'>σοῦ</span> <span class='ocrx_word' id='word_1_237' title='bbox 1367 2627 1572 2707; x_wconf 80' lang='grc' dir='ltr'>εὑρισκομένους</span> <span class='ocrx_word' id='word_1_238' title='bbox 1588 2630 1618 2688; x_wconf 89' lang='grc' dir='ltr'>ἐν</span> <span class='ocrx_word' id='word_1_239' title='bbox 1634 2629 1672 2707; x_wconf 76' lang='grc' dir='ltr'>τῲ</span> <span class='ocrx_word' id='word_1_240' title='bbox 1733 2609 1734 2618; x_wconf 30' lang='lat'>¹</span> 
     </span>
     <span class='ocr_line' id='line_1_21' title="bbox 375 2741 1672 2832; baseline 0.002 -25"><span class='ocrx_word' id='word_1_241' title='bbox 375 2751 518 2828; x_wconf 86' lang='grc' dir='ltr'>πανσέπτῳ</span> <span class='ocrx_word' id='word_1_242' title='bbox 541 2748 646 2828; x_wconf 79' lang='grc' dir='ltr'>ῥηθέντι</span> <span class='ocrx_word' id='word_1_243' title='bbox 668 2746 735 2827; x_wconf 77' lang='grc' dir='ltr'>ναῷ,</span> <span class='ocrx_word' id='word_1_244' title='bbox 759 2748 774 2806; x_wconf 93' lang='grc' dir='ltr'>ό</span> <span class='ocrx_word' id='word_1_245' title='bbox 795 2749 923 2826; x_wconf 87' lang='grc' dir='ltr'>τοιοῦτος,</span> <span class='ocrx_word' id='word_1_246' title='bbox 946 2749 1018 2818; x_wconf 89' lang='grc' dir='ltr'>όστις</span> <span class='ocrx_word' id='word_1_247' title='bbox 1040 2741 1096 2832; x_wconf 78' lang='grc' dir='ltr'>[ἂν]</span> <span class='ocrx_word' id='word_1_248' title='bbox 1112 2745 1212 2831; x_wconf 75' lang='grc' dir='ltr'>είηίί),</span> <span class='ocrx_word' id='word_1_249' title='bbox 1235 2745 1282 2808; x_wconf 90' lang='grc' dir='ltr'>καί</span> <span class='ocrx_word' id='word_1_250' title='bbox 1295 2748 1369 2829; x_wconf 82' lang='grc' dir='ltr'>παρὰ</span> <span class='ocrx_word' id='word_1_251' title='bbox 1384 2753 1433 2825; x_wconf 77' lang='grc' dir='ltr'>τῆς</span> <span class='ocrx_word' id='word_1_252' title='bbox 1448 2753 1494 2809; x_wconf 90' lang='grc' dir='ltr'>τοῦ</span> <span class='ocrx_word' id='word_1_253' title='bbox 1509 2751 1571 2809; x_wconf 82' lang='grc' dir='ltr'>θεοῦ</span> <span class='ocrx_word' id='word_1_254' title='bbox 1587 2751 1672 2831; x_wconf 73' lang='grc' dir='ltr'>ἀργῆς</span> 
     </span>
     <span class='ocr_line' id='line_1_22' title="bbox 373 2869 1670 2951; baseline 0 -21"><span class='ocrx_word' id='word_1_255' title='bbox 373 2872 564 2951; x_wconf 84' lang='grc' dir='ltr'>πειραθήοεται</span> <span class='ocrx_word' id='word_1_256' title='bbox 586 2869 632 2930; x_wconf 92' lang='grc' dir='ltr'>καὶ</span> <span class='ocrx_word' id='word_1_257' title='bbox 654 2869 729 2950; x_wconf 82' lang='grc' dir='ltr'>παρὰ</span> <span class='ocrx_word' id='word_1_258' title='bbox 750 2873 796 2929; x_wconf 87' lang='grc' dir='ltr'>τοῦ</span> <span class='ocrx_word' id='word_1_259' title='bbox 819 2871 1018 2947; x_wconf 84' lang='grc' dir='ltr'>πανιερωτοίτσυ</span> <span class='ocrx_word' id='word_1_260' title='bbox 1037 2869 1116 2945; x_wconf 77' lang='grc' dir='ltr'>ἡμῶν</span> <span class='ocrx_word' id='word_1_261' title='bbox 1132 2870 1267 2949; x_wconf 83' lang='grc' dir='ltr'>αῦθέντου,</span> <span class='ocrx_word' id='word_1_262' title='bbox 1292 2871 1490 2950; x_wconf 89' lang='grc' dir='ltr'>μητροπολίτσυ</span> <span class='ocrx_word' id='word_1_263' title='bbox 1506 2873 1670 2951; x_wconf 79' lang='grc' dir='ltr'>Μηθῦμνης,</span> 
     </span>
     <span class='ocr_line' id='line_1_23' title="bbox 374 2989 1670 3073; baseline 0.002 -21"><span class='ocrx_word' id='word_1_264' title='bbox 374 2994 558 3073; x_wconf 82' lang='grc' dir='ltr'>ἀφωρισμένος</span> <span class='ocrx_word' id='word_1_265' title='bbox 582 2993 651 3052; x_wconf 84' lang='grc' dir='ltr'>ἔστω</span> <span class='ocrx_word' id='word_1_266' title='bbox 673 2989 718 3052; x_wconf 84' lang='grc' dir='ltr'>καὶ</span> <span class='ocrx_word' id='word_1_267' title='bbox 741 2992 851 3066; x_wconf 80' lang='grc' dir='ltr'>άλυτος,</span> <span class='ocrx_word' id='word_1_268' title='bbox 874 2989 921 3050; x_wconf 89' lang='grc' dir='ltr'>καὶ</span> <span class='ocrx_word' id='word_1_269' title='bbox 943 2991 992 3062; x_wconf 80' lang='grc' dir='ltr'>τὰς</span> <span class='ocrx_word' id='word_1_270' title='bbox 1014 2989 1083 3071; x_wconf 86' lang='grc' dir='ltr'>ἀράς</span> <span class='ocrx_word' id='word_1_271' title='bbox 1104 2997 1157 3050; x_wconf 80' lang='grc' dir='ltr'>τῶν</span> <span class='ocrx_word' id='word_1_272' title='bbox 1179 2991 1339 3072; x_wconf 88' lang='grc' dir='ltr'>τριακοσίων</span> <span class='ocrx_word' id='word_1_273' title='bbox 1362 2991 1431 3052; x_wconf 89' lang='grc' dir='ltr'>δέκα</span> <span class='ocrx_word' id='word_1_274' title='bbox 1453 2991 1499 3052; x_wconf 83' lang='grc' dir='ltr'>καὶ</span> <span class='ocrx_word' id='word_1_275' title='bbox 1515 2994 1589 3054; x_wconf 81' lang='grc' dir='ltr'>ἀκτὼ</span> <span class='ocrx_word' id='word_1_276' title='bbox 1604 2996 1670 3054; x_wconf 89' lang='grc' dir='ltr'>θεο-</span> 
     </span>
     <span class='ocr_line' id='line_1_24' title="bbox 375 3110 1669 3197; baseline 0 -23"><span class='ocrx_word' id='word_1_277' title='bbox 375 3117 462 3196; x_wconf 87' lang='grc' dir='ltr'>ρόρων</span> <span class='ocrx_word' id='word_1_278' title='bbox 491 3117 616 3196; x_wconf 84' lang='grc' dir='ltr'>πατέρων</span> <span class='ocrx_word' id='word_1_279' title='bbox 645 3119 697 3172; x_wconf 81' lang='grc' dir='ltr'>τῶν</span> <span class='ocrx_word' id='word_1_280' title='bbox 729 3114 757 3174; x_wconf 87' lang='grc' dir='ltr'>ἐν</span> <span class='ocrx_word' id='word_1_281' title='bbox 780 3113 881 3195; x_wconf 87' lang='grc' dir='ltr'>Νικαίᾳ</span> <span class='ocrx_word' id='word_1_282' title='bbox 912 3113 1001 3190; x_wconf 80' lang='grc' dir='ltr'>ἐχέτω</span> <span class='ocrx_word' id='word_1_283' title='bbox 1031 3110 1077 3172; x_wconf 88' lang='grc' dir='ltr'>καὶ</span> <span class='ocrx_word' id='word_1_284' title='bbox 1108 3114 1175 3187; x_wconf 86' lang='grc' dir='ltr'>ἐμοῦ</span> <span class='ocrx_word' id='word_1_285' title='bbox 1201 3117 1247 3173; x_wconf 87' lang='grc' dir='ltr'>τοῦ</span> <span class='ocrx_word' id='word_1_286' title='bbox 1275 3113 1449 3193; x_wconf 86' lang='grc' dir='ltr'>ἀμαρτωλσῦ,</span> <span class='ocrx_word' id='word_1_287' title='bbox 1481 3113 1527 3174; x_wconf 86' lang='grc' dir='ltr'>καί</span> <span class='ocrx_word' id='word_1_288' title='bbox 1549 3118 1567 3190; x_wconf 78' lang='grc' dir='ltr'>ἡ</span> <span class='ocrx_word' id='word_1_289' title='bbox 1592 3117 1669 3197; x_wconf 81' lang='grc' dir='ltr'>μερὶς</span> 
     </span>
     <span class='ocr_line' id='line_1_25' title="bbox 375 3233 1670 3317; baseline 0.002 -20"><span class='ocrx_word' id='word_1_290' title='bbox 375 3239 454 3298; x_wconf 86' lang='grc' dir='ltr'>αῦτοῦ</span> <span class='ocrx_word' id='word_1_291' title='bbox 477 3237 548 3312; x_wconf 83' lang='grc' dir='ltr'>μετὰ</span> <span class='ocrx_word' id='word_1_292' title='bbox 569 3241 614 3296; x_wconf 87' lang='grc' dir='ltr'>τοῦ</span> <span class='ocrx_word' id='word_1_293' title='bbox 636 3236 768 3316; x_wconf 76' lang='grc' dir='ltr'>προδότου</span> <span class='ocrx_word' id='word_1_294' title='bbox 783 3235 875 3294; x_wconf 83' lang='grc' dir='ltr'>Ἰούδα</span> <span class='ocrx_word' id='word_1_295' title='bbox 898 3233 944 3294; x_wconf 84' lang='grc' dir='ltr'>καί</span> <span class='ocrx_word' id='word_1_296' title='bbox 966 3235 1056 3314; x_wconf 86' lang='grc' dir='ltr'>κόριον</span> <span class='ocrx_word' id='word_1_297' title='bbox 1079 3235 1124 3293; x_wconf 73' lang='grc' dir='ltr'>τ’σν</span> <span class='ocrx_word' id='word_1_298' title='bbox 1148 3235 1208 3294; x_wconf 79' lang='grc' dir='ltr'>θεόν</span> <span class='ocrx_word' id='word_1_299' title='bbox 1231 3233 1350 3317; x_wconf 61' lang='grc' dir='ltr'>εθροιίῖ)</span> <span class='ocrx_word' id='word_1_300' title='bbox 1374 3239 1533 3314; x_wconf 79' lang='grc' dir='ltr'>μαχόμενον</span> <span class='ocrx_word' id='word_1_301' title='bbox 1550 3237 1670 3310; x_wconf 68' lang='grc' dir='ltr'>καὶτοὺς</span> 
     </span>
     <span class='ocr_line' id='line_1_26' title="bbox 375 3355 1669 3440; baseline 0 -22"><span class='ocrx_word' id='word_1_302' title='bbox 375 3357 469 3438; x_wconf 83' lang='grc' dir='ltr'>ἁγίους</span> <span class='ocrx_word' id='word_1_303' title='bbox 496 3357 635 3438; x_wconf 84' lang='grc' dir='ltr'>ἀγγέλους</span> <span class='ocrx_word' id='word_1_304' title='bbox 659 3359 738 3418; x_wconf 72' lang='grc' dir='ltr'>αυτοῦ</span> <span class='ocrx_word' id='word_1_305' title='bbox 759 3355 806 3416; x_wconf 87' lang='grc' dir='ltr'>καὶ</span> <span class='ocrx_word' id='word_1_306' title='bbox 831 3357 864 3415; x_wconf 85' lang='grc' dir='ltr'>ἐκ</span> <span class='ocrx_word' id='word_1_307' title='bbox 885 3358 984 3428; x_wconf 81' lang='grc' dir='ltr'>παντός</span> <span class='ocrx_word' id='word_1_308' title='bbox 1008 3355 1180 3436; x_wconf 84' lang='grc' dir='ltr'>δικαστηρίου</span> <span class='ocrx_word' id='word_1_309' title='bbox 1204 3357 1327 3417; x_wconf 82' lang='grc' dir='ltr'>διώκοιτσ</span> <span class='ocrx_word' id='word_1_310' title='bbox 1340 3357 1388 3440; x_wconf 84' lang='lat'><strong>¹³),</strong></span> <span class='ocrx_word' id='word_1_311' title='bbox 1420 3359 1457 3430; x_wconf 83' lang='grc' dir='ltr'>ὡς</span> <span class='ocrx_word' id='word_1_312' title='bbox 1480 3359 1669 3438; x_wconf 79' lang='grc' dir='ltr'>ἐλεγχόμενος</span> 
     </span>
     <span class='ocr_line' id='line_1_27' title="bbox 375 3477 1668 3561; baseline 0.002 -23"><span class='ocrx_word' id='word_1_313' title='bbox 375 3481 425 3539; x_wconf 82' lang='grc' dir='ltr'>ῦπδ</span> <span class='ocrx_word' id='word_1_314' title='bbox 454 3483 501 3540; x_wconf 87' lang='grc' dir='ltr'>τοῦ</span> <span class='ocrx_word' id='word_1_315' title='bbox 531 3478 707 3559; x_wconf 88' lang='grc' dir='ltr'>οίκειοχείρου</span> <span class='ocrx_word' id='word_1_316' title='bbox 738 3499 789 3554; x_wconf 89' lang='grc' dir='ltr'>μου</span> <span class='ocrx_word' id='word_1_317' title='bbox 811 3477 858 3537; x_wconf 88' lang='grc' dir='ltr'>καί</span> <span class='ocrx_word' id='word_1_318' title='bbox 886 3478 1086 3558; x_wconf 77' lang='grc' dir='ltr'>όμολογςτικοῦ</span> <span class='ocrx_word' id='word_1_319' title='bbox 1108 3481 1278 3558; x_wconf 90' lang='grc' dir='ltr'>γράμματος.</span> <span class='ocrx_word' id='word_1_320' title='bbox 1325 3479 1360 3538; x_wconf 87' lang='grc' dir='ltr'>ἐν</span> <span class='ocrx_word' id='word_1_321' title='bbox 1384 3477 1460 3555; x_wconf 86' lang='grc' dir='ltr'>μηνὶ</span> <span class='ocrx_word' id='word_1_322' title='bbox 1483 3481 1609 3561; x_wconf 83' lang='grc' dir='ltr'>μαρτίῳ</span> <span class='ocrx_word' id='word_1_323' title='bbox 1634 3481 1668 3540; x_wconf 90' lang='grc' dir='ltr'>ιε’</span> 
     </span>
     <span class='ocr_line' id='line_1_28' title="bbox 373 3597 994 3684; baseline -0.005 -24"><span class='ocrx_word' id='word_1_324' title='bbox 373 3606 428 3662; x_wconf 83' lang='grc' dir='ltr'>τοῦ</span> <span class='ocrx_word' id='word_1_325' title='bbox 452 3601 527 3684; x_wconf 73' lang='grc' dir='ltr'>,ζλά</span> <span class='ocrx_word' id='word_1_326' title='bbox 553 3602 655 3678; x_wconf 85' lang='grc' dir='ltr'>ἔτους,</span> <span class='ocrx_word' id='word_1_327' title='bbox 680 3599 886 3671; x_wconf 85' lang='grc' dir='ltr'>ίνδικτιῶνος</span> <span class='ocrx_word' id='word_1_328' title='bbox 909 3597 946 3658; x_wconf 91' lang='grc' dir='ltr'>ιε’</span> <span class='ocrx_word' id='word_1_329' title='bbox 969 3605 994 3676; x_wconf 80' lang='lat'>†.</span> 
     </span>
     <span class='ocr_line' id='line_1_29' title="bbox 478 3721 1453 3802; baseline -0.001 -20"><span class='ocrx_word' id='word_1_330' title='bbox 478 3727 494 3798; x_wconf 66' lang='grc' dir='ltr'>θ</span> <span class='ocrx_word' id='word_1_331' title='bbox 517 3725 552 3782; x_wconf 84' lang='lat'>‘0</span> <span class='ocrx_word' id='word_1_332' title='bbox 576 3725 729 3794; x_wconf 83' lang='grc' dir='ltr'>ταπεινός</span> <span class='ocrx_word' id='word_1_333' title='bbox 752 3721 1000 3802; x_wconf 87' lang='grc' dir='ltr'>μητροπολίτης</span> <span class='ocrx_word' id='word_1_334' title='bbox 1024 3722 1203 3796; x_wconf 84' lang='grc' dir='ltr'>Μεθῦμνης</span> <span class='ocrx_word' id='word_1_335' title='bbox 1226 3723 1402 3801; x_wconf 88' lang='grc' dir='ltr'>Μακάριος</span> <span class='ocrx_word' id='word_1_336' title='bbox 1425 3721 1453 3798; x_wconf 86' lang='lat'>†.</span> 
     </span>
     <span class='ocr_line' id='line_1_30' title="bbox 477 3841 1129 3926; baseline -0.005 -22"><span class='ocrx_word' id='word_1_337' title='bbox 477 3850 493 3920; x_wconf 88' lang='lat'><strong>†</strong></span> <span class='ocrx_word' id='word_1_338' title='bbox 516 3845 551 3904; x_wconf 86' lang='lat' dir='ltr'>‘O</span> <span class='ocrx_word' id='word_1_339' title='bbox 574 3841 686 3926; x_wconf 85' lang='grc' dir='ltr'>πρῴην</span> <span class='ocrx_word' id='word_1_340' title='bbox 710 3845 884 3916; x_wconf 87' lang='grc' dir='ltr'>Ιίισιδείας</span> <span class='ocrx_word' id='word_1_341' title='bbox 908 3847 1083 3923; x_wconf 82' lang='grc' dir='ltr'>Μακάριος</span> <span class='ocrx_word' id='word_1_342' title='bbox 1105 3847 1129 3918; x_wconf 87' lang='lat'>†.</span> 
     </span>
    </p>
   </div>
   <div class='ocr_carea' id='block_1_6' title="bbox 373 4013 579 4022">
    <p class='ocr_par' dir='ltr' id='par_1_6' title="bbox 373 4013 579 4022">
     <span class='ocr_line' id='line_1_31' title="bbox 373 4013 579 4022; baseline -0.01 0"><span class='ocrx_word' id='word_1_343' title='bbox 373 4013 579 4022; x_wconf 44' lang='lat' dir='ltr'>-ss—-n</span> 
     </span>
    </p>
   </div>
   <div class='ocr_carea' id='block_1_7' title="bbox 364 4109 1666 4668">
    <p class='ocr_par' dir='ltr' id='par_1_7' title="bbox 364 4109 1666 4668">
     <span class='ocr_line' id='line_1_32' title="bbox 479 4109 1665 4183; baseline -0.002 -19"><span class='ocrx_word' id='word_1_344' title='bbox 479 4117 497 4182; x_wconf 82' lang='lat'>¹)</span> <span class='ocrx_word' id='word_1_345' title='bbox 515 4113 625 4183; x_wconf 85' lang='grc' dir='ltr'>πράττειν</span> <span class='ocrx_word' id='word_1_346' title='bbox 638 4117 670 4167; x_wconf 89' lang='grc' dir='ltr'>Κ.</span> <span class='ocrx_word' id='word_1_347' title='bbox 742 4115 763 4182; x_wconf 87' lang='lat'>²)</span> <span class='ocrx_word' id='word_1_348' title='bbox 782 4113 822 4164; x_wconf 83' lang='grc' dir='ltr'>καὶ</span> <span class='ocrx_word' id='word_1_349' title='bbox 839 4113 880 4174; x_wconf 82' lang='grc' dir='ltr'>οθς</span> <span class='ocrx_word' id='word_1_350' title='bbox 899 4113 984 4180; x_wconf 71' lang='lat' dir='ltr'><strong>suppl.</strong></span> <span class='ocrx_word' id='word_1_351' title='bbox 1003 4111 1127 4181; x_wconf 84' lang='grc' dir='ltr'>ίερομένσυ</span> <span class='ocrx_word' id='word_1_352' title='bbox 1145 4113 1159 4176; x_wconf 77' lang='grc' dir='ltr'>ἢ</span> <span class='ocrx_word' id='word_1_353' title='bbox 1174 4114 1283 4181; x_wconf 87' lang='grc' dir='ltr'>μοναχοῦ</span> <span class='ocrx_word' id='word_1_354' title='bbox 1296 4113 1310 4176; x_wconf 75' lang='grc' dir='ltr'><strong>ἢ</strong></span> <span class='ocrx_word' id='word_1_355' title='bbox 1324 4113 1484 4180; x_wconf 83' lang='grc' dir='ltr'>πνευματικοῦ</span> <span class='ocrx_word' id='word_1_356' title='bbox 1497 4109 1621 4180; x_wconf 84' lang='grc' dir='ltr'>ίερσμένσυ</span> <span class='ocrx_word' id='word_1_357' title='bbox 1634 4115 1665 4164; x_wconf 84' lang='grc' dir='ltr'>Κ.</span> 
     </span>
     <span class='ocr_line' id='line_1_33' title="bbox 364 4207 1666 4280; baseline -0.004 -19"><span class='ocrx_word' id='word_1_358' title='bbox 364 4211 424 4276; x_wconf 56' lang='grc' dir='ltr'>’ἢῆ</span> <span class='ocrx_word' id='word_1_359' title='bbox 441 4210 565 4280; x_wconf 85' lang='grc' dir='ltr'>ίερομένου</span> <span class='ocrx_word' id='word_1_360' title='bbox 582 4207 657 4271; x_wconf 82' lang='grc' dir='ltr'>ὅντως</span> <span class='ocrx_word' id='word_1_361' title='bbox 674 4213 820 4280; x_wconf 75' lang='grc' dir='ltr'>ἣκσσμικοῦ</span> <span class='ocrx_word' id='word_1_362' title='bbox 832 4213 865 4262; x_wconf 85' lang='grc' dir='ltr'>Κ.</span> <span class='ocrx_word' id='word_1_363' title='bbox 937 4212 957 4278; x_wconf 81' lang='lat'>⁴)</span> <span class='ocrx_word' id='word_1_364' title='bbox 971 4211 1045 4276; x_wconf 74' lang='lat' dir='ltr'><strong>Lego</strong></span> <span class='ocrx_word' id='word_1_365' title='bbox 1062 4207 1219 4275; x_wconf 81' lang='grc' dir='ltr'>διαληρθέντι.</span> <span class='ocrx_word' id='word_1_366' title='bbox 1292 4207 1519 4274; x_wconf 75' lang='lat' dir='ltr'><strong>⁵)Supplovimur.</strong></span> <span class='ocrx_word' id='word_1_367' title='bbox 1592 4209 1613 4272; x_wconf 71' lang='grc' dir='ltr'>θ)</span> <span class='ocrx_word' id='word_1_368' title='bbox 1627 4225 1666 4276; x_wconf 86' lang='grc' dir='ltr'>μοι</span> 
     </span>
     <span class='ocr_line' id='line_1_34' title="bbox 374 4301 1664 4378; baseline -0.005 -20"><span class='ocrx_word' id='word_1_369' title='bbox 374 4308 406 4358; x_wconf 84' lang='lat' dir='ltr'>K.</span> <span class='ocrx_word' id='word_1_370' title='bbox 477 4309 497 4375; x_wconf 76' lang='grc' dir='ltr'>ί)</span> <span class='ocrx_word' id='word_1_371' title='bbox 516 4305 658 4378; x_wconf 79' lang='grc' dir='ltr'>ἐνοχλησεσι</span> <span class='ocrx_word' id='word_1_372' title='bbox 676 4309 709 4360; x_wconf 88' lang='lat' dir='ltr'>K.</span> <span class='ocrx_word' id='word_1_373' title='bbox 780 4307 801 4373; x_wconf 75' lang='grc'>8)</span> <span class='ocrx_word' id='word_1_374' title='bbox 821 4305 928 4376; x_wconf 84' lang='grc' dir='ltr'>κατέχεις</span> <span class='ocrx_word' id='word_1_375' title='bbox 951 4305 990 4356; x_wconf 78' lang='grc' dir='ltr'>καὶ</span> <span class='ocrx_word' id='word_1_376' title='bbox 1013 4303 1135 4364; x_wconf 76' lang='grc' dir='ltr'>δεσπόζεις</span> <span class='ocrx_word' id='word_1_377' title='bbox 1220 4301 1260 4353; x_wconf 90' lang='grc' dir='ltr'>σοί</span> <span class='ocrx_word' id='word_1_378' title='bbox 1277 4305 1309 4354; x_wconf 88' lang='lat' dir='ltr'>K.</span> <span class='ocrx_word' id='word_1_379' title='bbox 1381 4303 1402 4368; x_wconf 77' lang='lat'>⁹)</span> <span class='ocrx_word' id='word_1_380' title='bbox 1421 4301 1454 4361; x_wconf 83' lang='grc' dir='ltr'>ὥς</span> <span class='ocrx_word' id='word_1_381' title='bbox 1477 4319 1513 4362; x_wconf 81' lang='grc' dir='ltr'>τις</span> <span class='ocrx_word' id='word_1_382' title='bbox 1532 4301 1558 4354; x_wconf 80' lang='grc' dir='ltr'>δέ</span> <span class='ocrx_word' id='word_1_383' title='bbox 1577 4303 1664 4368; x_wconf 71' lang='grc' dir='ltr'>θεληση</span> 
     </span>
     <span class='ocr_line' id='line_1_35' title="bbox 373 4395 1663 4474; baseline -0.003 -21"><span class='ocrx_word' id='word_1_384' title='bbox 373 4405 415 4453; x_wconf 83' lang='grc' dir='ltr'>τοῦ</span> <span class='ocrx_word' id='word_1_385' title='bbox 435 4401 553 4474; x_wconf 72' lang='grc' dir='ltr'>ἐνοχλήσε</span> <span class='ocrx_word' id='word_1_386' title='bbox 572 4421 611 4454; x_wconf 89' lang='grc' dir='ltr'>σοι</span> <span class='ocrx_word' id='word_1_387' title='bbox 624 4405 656 4456; x_wconf 86' lang='lat' dir='ltr'>K.</span> <span class='ocrx_word' id='word_1_388' title='bbox 728 4404 758 4470; x_wconf 86' lang='lat'>¹⁰)</span> <span class='ocrx_word' id='word_1_389' title='bbox 771 4401 871 4454; x_wconf 86' lang='grc' dir='ltr'>ἀντείπει</span> <span class='ocrx_word' id='word_1_390' title='bbox 889 4399 929 4452; x_wconf 86' lang='grc' dir='ltr'>καὶ</span> <span class='ocrx_word' id='word_1_391' title='bbox 947 4399 1090 4470; x_wconf 79' lang='grc' dir='ltr'>ἐνσχλησεσι</span> <span class='ocrx_word' id='word_1_392' title='bbox 1103 4401 1134 4452; x_wconf 86' lang='lat' dir='ltr'>K.</span> <span class='ocrx_word' id='word_1_393' title='bbox 1208 4399 1240 4464; x_wconf 84' lang='lat'>¹¹)</span> <span class='ocrx_word' id='word_1_394' title='bbox 1253 4397 1287 4457; x_wconf 79' lang='grc' dir='ltr'>ὣς</span> <span class='ocrx_word' id='word_1_395' title='bbox 1301 4416 1337 4458; x_wconf 87' lang='grc' dir='ltr'>τις</span> <span class='ocrx_word' id='word_1_396' title='bbox 1351 4395 1386 4463; x_wconf 81' lang='grc' dir='ltr'>εἵη</span> <span class='ocrx_word' id='word_1_397' title='bbox 1399 4399 1432 4449; x_wconf 87' lang='lat' dir='ltr'>K.</span> <span class='ocrx_word' id='word_1_398' title='bbox 1507 4399 1539 4461; x_wconf 84' lang='lat'>¹²)</span> <span class='ocrx_word' id='word_1_399' title='bbox 1558 4397 1621 4467; x_wconf 84' lang='grc' dir='ltr'>εῦρει</span> <span class='ocrx_word' id='word_1_400' title='bbox 1633 4401 1663 4450; x_wconf 84' lang='grc' dir='ltr'>Κ.</span> 
     </span>
     <span class='ocr_line' id='line_1_36' title="bbox 375 4493 1664 4568; baseline -0.003 -18"><span class='ocrx_word' id='word_1_401' title='bbox 375 4502 406 4567; x_wconf 78' lang='lat'>¹⁸)</span> <span class='ocrx_word' id='word_1_402' title='bbox 425 4499 543 4552; x_wconf 78' lang='grc' dir='ltr'>διώκετον.</span> <span class='ocrx_word' id='word_1_403' title='bbox 566 4501 675 4553; x_wconf 80' lang='grc' dir='ltr'>Εττοιοε</span> <span class='ocrx_word' id='word_1_404' title='bbox 693 4501 911 4568; x_wconf 64' lang='lat' dir='ltr'><strong>orthographica</strong></span> <span class='ocrx_word' id='word_1_405' title='bbox 929 4497 1078 4564; x_wconf 76' lang='lat' dir='ltr'><strong>eompluros</strong></span> <span class='ocrx_word' id='word_1_406' title='bbox 1096 4499 1178 4546; x_wconf 68' lang='lat' dir='ltr'><strong>tacito</strong></span> <span class='ocrx_word' id='word_1_407' title='bbox 1197 4497 1366 4546; x_wconf 77' lang='lat' dir='ltr'><strong>correximus.</strong></span> <span class='ocrx_word' id='word_1_408' title='bbox 1395 4495 1447 4546; x_wconf 84' lang='lat' dir='ltr'>Pro</span> <span class='ocrx_word' id='word_1_409' title='bbox 1466 4493 1591 4564; x_wconf 82' lang='grc' dir='ltr'>Μεθόμνα,</span> <span class='ocrx_word' id='word_1_410' title='bbox 1611 4494 1664 4546; x_wconf 88' lang='grc' dir='ltr'>Μιθ.</span> 
     </span>
     <span class='ocr_line' id='line_1_37' title="bbox 373 4595 747 4668; baseline -0.005 -18"><span class='ocrx_word' id='word_1_411' title='bbox 373 4602 401 4652; x_wconf 85' lang='lat' dir='ltr'>in</span> <span class='ocrx_word' id='word_1_412' title='bbox 419 4605 495 4650; x_wconf 76' lang='lat' dir='ltr'><strong>textu</strong></span> <span class='ocrx_word' id='word_1_413' title='bbox 513 4601 666 4668; x_wconf 81' lang='lat' dir='ltr'><strong>roriprimus</strong></span> <span class='ocrx_word' id='word_1_414' title='bbox 686 4595 747 4664; x_wconf 90' lang='grc' dir='ltr'>Μηθ.</span> 
     </span>
    </p>
   </div>
   <div class='ocr_carea' id='block_1_8' title="bbox 0 0 1748 5282">
    <p class='ocr_par' dir='ltr' id='par_1_8' title="bbox 0 0 1748 5282">
     <span class='ocr_line' id='line_1_38' title="bbox 0 0 1748 5282; baseline 0 0"><span class='ocrx_word' id='word_1_415' title='bbox 0 0 1748 5282; x_wconf 95' lang='lat' dir='ltr'> </span> 
     </span>
    </p>
   </div>
  </div>
 </body>
</html>
