3486 5282
1378 335 1441 400 215

155 529 290 609 εῗρημένσυ
305 530 484 610 μοναστηρίου
498 534 544 592 τοῦ
557 531 693 610 Μεγάλου
705 529 846 607 Σπηλαίου
857 529 990 610 αἱρεῖσθαι
1001 527 1048 590 καὶ
1061 530 1189 609 ἐκλέγειν
1200 527 1247 590 καὶ
1259 525 1441 591 ἀποκαθιστᾶν

151 658 227 733 κοινῇ
249 653 346 736 γνώμη
374 651 460 712 αὐτῶν
486 654 532 714 τόν
559 655 722 731 σεμνότερον
748 651 795 712 καὶ
823 650 969 734 ἀξιώτερον
997 653 1175 732 άναρανέντα.
1206 651 1277 724 ὅστις
1301 651 1325 711 δ’
1339 655 1372 710 ἂν
1394 651 1442 712 καὶ

151 776 241 846 ότοῑσς
262 773 422 856 ἐπιχειρήσῃ
444 773 491 834 καὶ
513 774 640 858 τολμήσῃ
664 771 842 852 μετακινησαί
862 795 922 848 πως
943 773 990 835 καὶ
1013 775 1162 856 ἀνατρέψαι
1181 774 1215 834 τό
1231 774 1260 834 ἐν
1275 771 1314 853 τῷ
1328 775 1441 856 παρόντι

151 898 292 969 συνσδικώς
319 895 518 977 ἐπικυρωθέντα
539 895 601 978 περὶ
623 901 669 958 τοῦ
691 894 835 978 εἰρημένου
858 896 1046 978 μοναστηρίου,
1075 895 1204 974 μετοχίσυ
1226 897 1373 976 γεγονότος
1394 898 1441 956 τοῦ

149 1020 278 1098 ἡμετέρου
304 1022 499 1100 πατριαρχικοῦ
525 1017 572 1079 καὶ
601 1023 837 1099 σταυροστηγιακοῦ
860 1018 1039 1100 μσνασπηρίσυ
1061 1023 1107 1079 τσῦ
1129 1018 1200 1079 κατὰ
1221 1018 1270 1096 τὴν
1293 1019 1439 1079 Πελοπόν-

149 1153 228 1216 νησον
248 1138 385 1220 Μεγάλου
407 1141 559 1222 Σιεηλαίου,
587 1143 602 1202 ό
624 1145 751 1222 τοιοῦτος,
783 1141 877 1214 ὁποίας
904 1145 937 1201 δν
960 1139 980 1223 ᾖ
1000 1139 1105 1214 τάξεως
1127 1139 1173 1201 καὶ
1197 1140 1312 1221 βαθμοῦ,
1336 1140 1439 1221 ἀφωρι-

148 1263 247 1336 σμένος
269 1261 311 1337 είη
334 1262 388 1324 άπο
410 1263 474 1323 θεοῦ
495 1261 585 1344 κυρίου
607 1265 825 1346 παντοκράτορος
847 1263 894 1324 καὶ
917 1266 1106 1343 κατηραμένος
1121 1262 1169 1324 καὶ
1184 1264 1378 1343 άσυγχώρητος
1393 1261 1441 1322 καὶ

149 1385 220 1458 μετά
243 1385 357 1444 θάνατον
384 1384 485 1458 άλυτος
510 1383 558 1445 καὶ
585 1387 761 1462 τυμπανιαῖσς
783 1385 830 1446 καὶ
852 1389 952 1458 πάσαις
973 1389 1033 1458 ταῖς
1055 1388 1197 1466 πατρικαῖς
1219 1383 1267 1445 καὶ
1290 1386 1441 1456 συνσδικαῑς

148 1506 227 1585 άραῑς
254 1505 397 1578 θιτσόθυνος
425 1505 473 1566 καὶ
503 1505 638 1579 ὑπόδικος.
690 1508 752 1568 ὅθεν
784 1505 825 1580 εἰς
857 1505 971 1580 ἔνδειξιν
1000 1505 1047 1568 καὶ
1075 1507 1186 1582 διηνεκῆ
1213 1507 1262 1584 τὴν
1289 1506 1440 1586 ἀσφάλειαν

148 1627 257 1706 ἐγένετο
278 1626 325 1688 καὶ
347 1627 379 1688 τθ
399 1629 487 1710 παρὀν
510 1629 645 1709 ἡμέτερον
666 1630 861 1710 πατριαρχικδν
876 1627 923 1688 καὶ
938 1628 1076 1689 συνσδικθν
1092 1629 1121 1688 ἐν
1138 1627 1310 1708 μεμβράναις
1324 1631 1441 1710 γράμμα

146 1747 194 1809 καὶ
224 1749 468 1832 σταυρσιιηγιασθίν
497 1749 544 1810 καὶ
574 1753 763 1832 κατασυρωθὲν
795 1752 823 1812 ἐν
852 1751 891 1831 τῷ
921 1750 987 1832 ίερῷ
1014 1747 1120 1828 κώδηκι
1147 1755 1197 1828 τῆς
1224 1749 1286 1812 καθ’
1298 1752 1373 1827 ἡμᾶς
1395 1756 1441 1812 τοῦ

146 1873 261 1952 Χριστοῦ
283 1871 413 1953 μεγάλης
436 1873 596 1950 ἐκκλησίας.
622 1874 703 1950 ἐδόθη
727 1873 765 1953 τῷ
789 1874 895 1954 ῥηθέντι
918 1875 1073 1953 ἡγουμένῳ,
1097 1872 1179 1953 κυρίῳ
1200 1873 1377 1954 Βησσσιρίωνι,
1406 1874 1440 1934 έν

147 1995 216 2054 ἔτει
241 1995 390 2074 σωτηρίῳ
417 1995 580 2076 χιλιοστῷ
608 1994 857 2074 έπτακοσισστῷ
883 1995 1105 2074 ὀγδοηκοστῷ
1133 1999 1217 2074 έκτῳ
1243 1995 1327 2055 κατὰ
1354 2000 1440 2072 μῆνα

147 2113 278 2176 ἰοῦλισν
301 2117 533 2194 ἑπινεμήσεως
556 2115 580 2176 δ’
603 2123 628 2195 η.

250 2243 266 2314 †
296 2239 493 2319 Προκόπιος,
526 2239 613 2318 ἐλέῳ
643 2240 718 2300 θεοῦ
746 2239 1012 2320 άρχιεπίσκοπος
1039 2241 1438 2319 Κωνστσντινσυπόλεως,

147 2361 235 2433 Νέας
258 2361 395 2441 Ῥώμης,
418 2361 474 2422 καὶ
497 2359 729 2438 οἰκουμενικδς
750 2365 963 2442 πατριάρχης
985 2365 1009 2438 †.

146 2489 160 2556 ί
177 2484 312 2564 Ἐρέσου
335 2484 493 2560 Σαμουὴλ
507 2489 532 2562 1.
818 2484 992 2560 ’[Ιίυζίκου
1014 2483 1210 2562 Αγάπιοςθ.

147 2611 161 2680 †
178 2605 385 2687 Ἡρακλείας
407 2605 576 2679 Μεθόδιος
591 2610 616 2684 †.
849 2605 1070 2682 Χαλκηδόνος
1094 2607 1143 2666 [Ια
1147 2607 1317 2686 ρθὲνιοςθ.

145 2731 161 2804 †
175 2728 202 2788 N
209 2727 407 2804 ικομηδείας
430 2730 626 2799 Ἀθανάσιος
640 2733 666 2805 †.
848 2725 1105 2803 θεσσαλονίκης
1128 2725 1329 2806 Ιάκωβοςγ.

817 2609 833 2682 ί

817 2732 833 2804 ί

145 2849 307 2930 ίΔέρκων
331 2850 482 2921 Ἀνανίας
497 2853 522 2923 †.
816 2849 984 2930 γΔράμας
1006 2850 1232 2930 Γρηγόριοςη.

816 2971 1018 3048 γΝαυπλίσυ
1041 2972 1138 3032 Μελέ
1143 2975 1250 3048 τιοςί.

146 2971 482 3052 ί’.λδριανσυπόλεως
505 2971 716 3043 Καλλίνικος
736 2976 761 3048 †.

403 3315 463 3380 XI.
486 3315 709 3392 7300-1792,
732 3337 843 3380 mense
866 3317 1021 3398 ianuario,
1045 3315 1110 3380 ind.
1135 3317 1178 3380 X,

146 3497 310 3554 Ραίνίανοίια
322 3499 479 3569 Νεαρίιμίυο
491 3499 639 3568 confirmat,
656 3500 846 3553 monasterium
857 3497 955 3553 Sancti
969 3497 1089 3570 Georqii,
1102 3501 1170 3554 dicti
1183 3501 1292 3570 Carypi,
1303 3503 1336 3554 ἰἰι
1347 3503 1439 3557 insula

190 3604 329 3676 Ακίίροιιί,
346 3621 401 3658 esse
416 3605 634 3675 σίαιινορεράοιιιιι
649 3611 675 3657 οι
688 3604 795 3656 mitum
810 3621 870 3657 σιιιιι
884 3606 1047 3658 ιιιοιναείενίο
1063 3606 1133 3660 dicto
1148 3602 1231 3677 Μιρα
1248 3605 1389 3674 Spdaeon.

247 3831 264 3900 's
295 3826 472 3906 Νεόρυτος,
507 3825 594 3906 ἐλέῳ
628 3827 704 3886 θεοῦ
737 3823 1006 3906 άρχιεπίσκσπσς
1040 3827 1438 3906 Κωνσταντινουπόλεως,

147 3945 233 4021 Νέας
256 3950 396 4028 Ῥώμης,
418 3947 474 4008 καὶ
497 3946 734 4024 οἰκουμενικδς
755 3951 972 4028 πατριάρχης
994 3953 1019 4024 †.

247 4075 263 4146 †
286 4071 322 4130 Ἥ
351 4069 503 4146 κηδεμονία
533 4068 580 4160 καὶ
608 4071 720 4150 πρόνοια
747 4075 802 4130 τών
833 4069 918 4148 άγίων
949 4069 1104 4145 ἐκκλησιῶν
1130 4069 1177 4131 καὶ
1204 4077 1259 4131 τῶν
1286 4070 1365 4150 ἱερῶν
1392 4070 1438 4130 καὶ

149 4189 301 4268 σεβασμίων
329 4191 526 4270 μσναστηρίων,
556 4197 609 4250 τῶν
637 4189 676 4261 εἰς
699 4188 782 4264 δόξαν
804 4192 866 4252 θεοῦ
888 4189 935 4250 καὶ
958 4193 1128 4266 μνημόσυνον
1150 4191 1258 4253 αἰώνιον
1280 4192 1334 4252 τών
1356 4192 1437 4272 θρθο-

149 4309 231 4384 δόξων
261 4313 333 4373 κατὰ
362 4313 473 4392 καιροὺς
502 4313 732 4393 ἀνεγηγερμένον
761 4314 836 4394 παρὰ
865 4313 999 4391 φιλοθέων
1028 4312 1075 4374 καὶ
1105 4314 1224 4390 εῦσεβών
1251 4315 1355 4394 ἀνδρῶν
1384 4320 1438 4375 τών

149 4432 329 4512 ἠγαπηκότων
352 4433 500 4516 ἐξαιρέτως
517 4437 566 4510 τὴν
582 4437 741 4516 εὐπρὲπεισιν
756 4441 810 4496 τών
825 4441 871 4496 τοῦ
886 4437 949 4496 θεοῦ
963 4438 1160 4516 σκηνωμάτων,
1183 4437 1213 4495 σὺ
1229 4437 1310 4511 μόνον
1325 4437 1437 4514 όρειλο-

151 4557 214 4634 μένη
237 4556 294 4618 ἐστὶ
314 4555 362 4618 καὶ
383 4557 522 4638 χρειώδης
544 4561 602 4629 τοῖς
623 4559 688 4637 παρ’
700 4560 779 4618 αυτοῦ
802 4556 966 4634 ἠξιωμένοις
988 4559 1037 4634 τὴν
1058 4558 1220 4640 προστασίαν
1241 4556 1289 4618 καὶ
1304 4561 1437 4640 μέριμναν

151 4675 192 4736 καὶ
220 4679 350 4756 διοίκησιν
381 4685 434 4740 τῶν
463 4681 588 4740 τοιούτων
616 4682 721 4758 εὺαγών
750 4679 842 4760 οἴκων,
874 4681 951 4741 ἀλλὰ
979 4679 1026 4740 καί
1047 4682 1098 4760 πρό
1125 4682 1232 4740 πάντων
1259 4685 1313 4739 τών
1341 4681 1437 4741 ἀλλων
