3240 5286
1311 361 1375 428 255

77 559 158 636 κῦρος
189 554 296 630 ἐπιθείη
326 556 427 628 τοίιτοις
457 555 589 629 βασιλικὰ
611 553 793 636 διατάγματα,
824 556 1006 630 διατέμπεταί
1027 577 1056 616 τε
1078 558 1145 637 πρός
1167 558 1216 632 την
1238 559 1376 638 ἡμετέραν

77 677 236 759 βασιλείαν,
259 676 306 741 καὶ
327 683 362 760 τῇ
383 679 448 760 παρ’
461 677 544 754 σίντης
566 680 683 760 συστοίση
705 677 843 762 σεβασμία
865 683 936 758 μονῇ
957 677 987 740 τό
1006 682 1087 758 κῦρος
1102 683 1156 738 τῶν
1171 679 1376 758 ἐνυπαρχόντων

75 798 189 860 αἰτεῖται
213 800 260 865 διὰ
282 799 490 880 χρυοοβοίιλλου
510 802 707 881 προσγενέσθαι
730 807 779 878 τῆς
802 799 944 876 βασιλείας
967 821 1027 877 μου.
1059 801 1115 862 ἔστι
1137 801 1188 877 μὲν
1204 799 1250 862 οὖν
1263 802 1283 878 ἠ
1298 799 1375 864 οἰκο-

76 923 228 999 δομηθεῖσα
259 923 326 998 αόιη
352 922 399 984 καί
430 929 547 984 συστᾶσα
575 923 650 1004 παρὰ
678 923 777 999 ταίτης
807 923 877 1000 μονὴ
906 922 1023 998 πλησίον
1053 943 1105 982 που
1134 921 1294 1000 διακειμένη
1328 927 1375 984 τοῦ

74 1047 181 1125 ἁσιεος,
213 1046 393 1126 θΦανόριον
420 1045 591 1124 ὀνομάζεται,
625 1051 734 1121 τιμᾶται
762 1043 794 1104 δέ
825 1045 868 1106 ἐπ’
880 1045 991 1120 ὀνόματι
1022 1049 1071 1120 τῆς
1093 1048 1300 1125 πανυπερὰγνου
1322 1065 1374 1121 μου

75 1166 225 1244 δεσποίνης
246 1139 293 1228 καί
316 1169 386 1244 θεομ
404 1187 482 1248 τορος
503 1173 554 1243 τῆς
577 1165 737 1246 Ἐλεοίισης,
759 1164 807 1226 καί
829 1166 1008 1240 ἐπικέκληται
1030 1166 1099 1226 οίντω
1120 1187 1179 1239 πως
1201 1173 1250 1244 τῆς
1265 1169 1373 1230 Λυκου-

76 1289 174 1362 σσίδος·
200 1292 219 1348 ἁ
242 1289 273 1350 δὲ
296 1289 363 1372 αἰτῇ
385 1293 419 1371 τῇ
442 1295 512 1372 μονῇ
534 1291 620 1382 πρρση
638 1307 705 1364 μοσε
728 1291 865 1367 κτήματα,
887 1287 947 1348 ἐκεῖ
966 1288 1016 1362 μὲν
1032 1287 1200 1364 ἁπουδήτοτε
1215 1291 1375 1367 τυγχὰνουσι

73 1411 247 1490 δισοιείμενα,
277 1408 323 1472 καί
350 1413 435 1472 τσῶτα
457 1410 488 1472 δέ
510 1430 545 1488 γε
571 1411 717 1491 κατωτέρω
740 1407 771 1484 ἐξ
799 1408 933 1484 ὀνόματος
960 1408 1160 1484 δηλωθήσεται.
1205 1415 1238 1491 τῇ
1266 1413 1374 1494 τοιαίτη

71 1537 218 1615 τοιγαροῦν
247 1531 353 1608 αἰτήσει
381 1532 465 1608 αἰτίης
493 1533 543 1592 οἰικ
574 1533 646 1610 ίγνω
678 1531 740 1596 δέον
772 1526 842 1592 είναι
868 1532 885 1606 ἡ
913 1511 1042 1606 βασιλεία
1070 1551 1121 1608 μου
1147 1531 1289 1612 ὑπέρθεσιν
1314 1553 1373 1594 τινα

72 1653 168 1716 δοῦναι
186 1653 234 1716 καί
249 1655 289 1730 μὴ
304 1653 429 1735 παραυτὰ
442 1652 482 1732 τῷ
496 1653 574 1714 τέλει
589 1653 747 1734 ἰναγαγείν,
770 1653 849 1714 ἀλλὰ
864 1657 912 1729 τῆς
927 1653 1133 1732 εἰιγνωμοσίινης
1148 1654 1239 1733 ὥσπερ
1255 1653 1372 1730 ἀμειβο-

72 1779 145 1852 μένη
166 1777 268 1852 ταύτην
289 1774 336 1836 καὶ
357 1781 407 1852 τῆς
428 1779 475 1836 τοῦ
497 1775 586 1836 καλοῦ
609 1775 782 1854 ἐπιγνώσεως
805 1775 967 1851 έτοιμότατα
988 1775 1131 1836 κατανεύει
1152 1777 1220 1855 πρός
1234 1777 1264 1836 τό
1281 1773 1371 1836 αἰτοί-

71 1919 168 1978 μενον,
197 1895 246 1958 καί
275 1899 321 1958 τόν
350 1899 472 1979 παρόντα
501 1897 708 1978 χρυσόβουλλον
731 1897 817 1976 λόγον
840 1898 967 1978 ἐπορέγει
990 1898 1067 1979 αὐτῇ,
1096 1896 1131 1958 δι’
1144 1891 1175 1956 οό
1197 1895 1244 1958 καὶ
1267 1897 1374 1958 εδδοκεῑ

70 2019 120 2080 καί
142 2021 307 2100 προστάσσει
328 2017 375 2080 καί
398 2017 541 2100 διορίζεται
563 2020 729 2097 κατέχεσθαι
751 2019 826 2098 παρὰ
844 2025 893 2095 τῆς
909 2017 1104 2098 διαληφθείοης
1119 2017 1272 2094 σεβαομίας
1286 2025 1373 2094 μονῆς

70 2137 106 2202 τὰ
132 2142 210 2222 παρὰ
236 2147 286 2217 τῆς
314 2139 461 2222 εἰρημένης
484 2143 595 2221 συζύγου
617 2145 663 2202 τοῦ
686 2142 918 2218 μνημονευθέντος
941 2141 1191 2221 οεβαοτοκροίτορος
1212 2143 1372 2221 προσαρμό-

71 2285 159 2324 σαντα
189 2265 257 2345 οἰιτῇ
288 2264 463 2338 όποιαδήτινα
494 2265 632 2344 κτήματα,
665 2265 683 2322 ἁ
713 2264 748 2339 δὴ
777 2261 825 2326 καί
854 2263 924 2324 κατὰ
954 2264 1036 2344 μέρος
1063 2263 1148 2335 οίιτως
1179 2263 1222 2322 ἐπ’
1240 2262 1373 2339 ὀνόματος

72 2387 185 2464 ἔχουσι·
207 2384 309 2465 χωρίον
330 2386 349 2460 η
365 2384 537 2466 Λυκουσὰδα,
562 2385 591 2446 ἐν
607 2378 630 2464 ᾧ
644 2383 690 2446 καί
706 2386 724 2460 ἡ
739 2385 848 2460 τοιαότη
865 2385 1001 2464 ἀνηγέρθη
1018 2387 1098 2461 μονή.
1131 2387 1223 2465 ἕτερον
1237 2384 1338 2466 χωρίον
1353 2385 1371 2458 ἡ

71 2509 256 2582 Βατουοιάνη.
286 2508 315 2568 τό
338 2505 400 2588 περί
422 2507 456 2568 τό
470 2507 617 2588 Τρίκκαλα
631 2506 743 2586 χωρίον,
766 2509 832 2587 ὅπερ
849 2507 997 2587 εὑρίσκεται
1012 2507 1168 2585 κατέχουσα
1182 2508 1200 2584 ἡ
1217 2507 1286 2581 μονὴ
1302 2505 1372 2582 μετὰ

71 2634 120 2690 τοῦ
146 2629 237 2688 ἐκεῖσε
261 2629 383 2709 λοετροθ.
415 2631 543 2708 μετόχιον
567 2627 607 2702 εἰς
629 2629 717 2704 όνομα
738 2631 892 2705 τιμώμενον
914 2635 962 2705 τῆς
985 2628 1134 2709 όπεραγίας
1149 2626 1287 2690 Θεοτόκου
1311 2629 1371 2689 ἐπι-

70 2751 231 2830 λεγόμενον
253 2748 376 2827 ηῬὰξα
398 2752 468 2828 μετὰ
490 2757 544 2812 τῶν
567 2752 595 2812 ἐν
619 2750 691 2830 αδτῷ
709 2751 916 2832 παροίκωντῶν
933 2750 1199 2828 διαλαμβανομένων
1213 2752 1274 2812 κατ’
1285 2751 1372 2827 όνομα

70 2874 100 2932 ἐν
123 2875 183 2945 τοῖς
203 2877 345 2954 κροτοῦσιν
367 2871 440 2952 αἰιτῷ
463 2872 651 2952 δικαιώμασιν,
681 2874 719 2934 ἔτι
741 2872 842 2934 δὲκαὶ
864 2879 914 2952 τῆς
935 2875 1125 2952 κατεχομένης
1146 2873 1211 2954 παρ’
1224 2875 1303 2934 αὑτοῦ
1324 2879 1370 2933 τοῦ

68 2994 203 3073 μετοχίου
224 3001 279 3073 γῆς
299 2995 347 3054 καὶ
368 3001 422 3054 τῶν
445 2993 613 3072 μυλοθεσίων
634 2993 682 3055 καί
705 2991 858 3070 ἀμπελίων.
896 2997 988 3077 ἕτερον
1011 2997 1139 3074 μετόχιον
1162 2995 1176 3054 ό
1199 2991 1370 3075 Τριστενίκος

70 3115 112 3187 εἰς
136 3117 224 3192 όνομα
246 3119 400 3193 τιμώμενον
423 3121 468 3177 τοῦ
492 3117 570 3197 ἁγίου
593 3139 644 3194 μου
668 3119 915 3200 μεγαλομὰριυρος
932 3117 1077 3198 Γεωργίου.
1107 3119 1198 3198 ἕτερον
1222 3115 1261 3189 εἰς
1283 3117 1369 3192 όνομα

68 3243 117 3299 τοῦ
145 3238 225 3319 ἁγίου
248 3237 373 3320 Ἀνδρέου
401 3240 545 3316 μετὰτῶν
570 3239 597 3298 ἐν
620 3239 693 3319 αυτῷ
715 3239 853 3320 παροίκων
877 3237 923 3300 καὶ
946 3239 1089 3316 ἁμπελίων
1111 3239 1158 3300 καί
1181 3245 1229 3315 τῆς
1252 3259 1368 3319 προστε-

67 3360 165 3437 θείσης
187 3359 286 3441 ἀρτίως
307 3367 361 3440 γῆς
376 3361 593 3441 Βλοχοκοποῦνα
614 3363 632 3437 ἡ
657 3362 842 3441 ἐπιλεγομένη
860 3363 1070 3442 ίίρακτικὰτους.
1096 3362 1198 3442 χωρίον
1220 3362 1368 3442 ἠΓοριὰνη

68 3483 143 3556 μετὰ
166 3488 220 3541 τῶν
244 3483 273 3542 ἐν
297 3483 369 3562 ουτῷ
392 3483 559 3559 μυλοθεσίων
582 3482 628 3544 καί
653 3479 805 3560 ἀμπελίων.
843 3482 881 3556 εἰς
903 3485 952 3560 τὴν
974 3485 1075 3561 λίμνην
1097 3487 1143 3543 τοῦ
1166 3484 1279 3564 ’ίίζεροῡ
1301 3505 1368 3543 σαν-

68 3603 158 3663 δτίλια
188 3603 236 3664 δι’νο
264 3604 333 3679 μετὰ
355 3603 403 3664 καί
426 3603 527 3666 ἁλιέων
550 3605 607 3666 δύο.
643 3605 771 3684 μετόχιον
794 3603 834 3677 εἰς
856 3605 943 3682 ὄνομα
972 3610 1125 3683 τιμώμενον
1147 3611 1193 3666 τοῦ
1216 3605 1294 3684 ἁγίου
1316 3627 1369 3682 μου

68 3725 321 3807 μεγαλομὰρτυρος
343 3725 498 3808 Δημητρίου
529 3727 556 3786 ἐν
585 3725 624 3806 τῷ
653 3729 750 3804 θέματι
777 3725 926 3803 Βουναίνης
955 3727 1126 3804 διακείμενον
1156 3728 1226 3804 μετίι
1255 3733 1308 3788 τῶν
1340 3728 1368 3786 ἐν
1474 3729 1476 3733 ’

68 3847 144 3926 αὐτῷ
174 3849 323 3928 παροίκων,
353 3848 431 3909 ἀλλὰ
461 3849 496 3924 δὴ
525 3847 572 3908 καί
602 3855 654 3910 τῶν
685 3847 829 3926 σίμτελίων
859 3847 906 3910 καί
934 3849 1111 3925 μυλοθεσίων.
1147 3851 1186 3910 έτι
1208 3871 1238 3909 τε
1262 3847 1300 3921 εἰς
1322 3852 1368 3909 τόν

68 3971 153 4030 τόπον
181 3975 227 4029 τοῦ
251 3969 386 4050 Ἁλμυροῦ
415 3970 515 4049 χωρίον
546 3972 563 4045 ἡ
592 3971 732 4050 Μαγοόλα
761 3969 807 4030 καί
838 3970 862 4031 οί
889 3973 1063 4052 Σιμιοαροὶτοι
1089 3971 1236 4050 λεγόμενοι
1264 3971 1309 4032 οθν
1334 3979 1368 4054 τῇ

69 4091 162 4152 έκείσε
184 4097 223 4172 γῇ
245 4097 299 4151 τῶν
323 4091 495 4170 Λεβαχσίτων
517 4089 563 4151 καί
587 4089 767 4173 Ταρωνοίτων.
796 4095 814 4152 ἁ
837 4090 870 4168 δὴ
892 4095 981 4152 πάντα
1003 4089 1114 4166 καθέξει
1137 4091 1301 4174 ἡείρημένη
1318 4115 1366 4154 σε·
1412 4073 1416 4081 ’

69 4212 176 4288 βασμία
206 4213 276 4288 μονὴ
304 4219 354 4289 τῆς
382 4212 589 4295 πανυπερὰγνου
620 4211 764 4290 δεσποίνης
786 4213 832 4273 καί
862 4216 1029 4294 θεομήτορος
1050 4221 1100 4291 τῆς
1124 4215 1275 4293 Ἐλεοόσης
1297 4217 1367 4276 κατὰ

68 4333 230 4396 δεσποτείαν
252 4333 299 4396 καί
320 4335 407 4412 νομὴν
430 4334 615 4417 ἀναφαίρετον,
639 4337 678 4407 ὡς
699 4336 770 4397 κατὰ
793 4337 876 4418 μέρος
899 4336 1132 4412 διαλαμβάνοντα
1156 4337 1184 4398 έν
1203 4341 1260 4410 τοῖς
1278 4359 1366 4418 γεγο-

67 4457 142 4518 νόαιν
173 4454 216 4516 ἐπ’
234 4457 324 4528 αἰτοίς
353 4461 520 4538 πρακτικοῖς,
552 4459 590 4517 έτι
621 4457 652 4518 δὲ
683 4457 730 4518 καί
760 4459 797 4530 ὡς
826 4459 1070 4540 προσεκυρώθησαν
1096 4457 1144 4518 καί
1164 4461 1366 4540 προσετέθησαν

67 4580 151 4662 τσίιτη
172 4578 248 4660 παρὰ
271 4583 321 4656 τῆς
340 4577 535 4658 διαληφθείσης
551 4581 663 4659 οαζίιγου
678 4584 725 4640 τοῦ
740 4579 915 4655 δηλωθέντος
929 4581 1189 4662 σεβαοτοκρὰτορος,
1215 4580 1262 4642 καί
1276 4601 1365 4660 νεμη-

67 4701 181 4776 θήσεται
212 4699 280 4760 αθτὰ
309 4701 493 4782 ἁνενόχλητα,
525 4702 682 4762 ἀδιὰσειοτοί
704 4723 734 4769 τε
756 4701 803 4762 καί
826 4703 1020 4762 ἁναπόσπαοτα
1044 4701 1083 4774 εἰς
1105 4703 1211 4764 ἁπαντα
1232 4704 1278 4764 τόν
1301 4701 1366 4782 ἑξῆς
