3208 5310
1338 371 1358 432 3

67 559 104 630 ήν
121 563 200 632 νῆσον
215 557 291 618 Χίον
314 559 474 633 διακειμένη
491 559 551 620 Νέα
573 563 816 640 προσονομάζεται,
840 560 1042 636 διασκουμένων
1060 559 1189 632 εὐλαβῶν
1206 569 1359 639 μοναστιῖιν,

67 672 98 738 οἷς
116 680 128 736 ό
148 680 221 738 κατὰ
245 683 312 740 θεόν
337 681 544 756 ἐμπολιτεύεται
567 680 625 752 βίος
647 681 694 740 καί
717 681 857 760 ἀγγελικῆ
881 683 953 742 κατά
968 683 1080 758 δύναμιν
1102 683 1280 744 ύποτυπούται
1296 685 1359 744 δια-

66 802 130 878 γωγή
151 801 199 861 καί
221 805 404 882 κατοίοτασις,
428 804 504 862 ἔθετο
527 804 578 879 μὲν
600 801 648 863 καὶ
671 803 769 874 ἀλλως
790 807 929 883 πρόνοιαν,
954 805 1109 878 μεταδοῦσα
1124 809 1178 864 τῶν
1195 805 1293 880 ἑαυτῆς
1307 827 1359 884 χα-

67 923 130 1001 ρίτων
150 925 198 984 καί
220 923 402 1008 χαρίσασαί)
423 923 470 984 καί
497 926 599 996 τούτοις
621 925 670 1000 τῆν
693 927 807 1004 ἄφθονον
830 923 933 997 δεξιάν·
964 923 1026 986 ἐπεὶ
1051 924 1082 984 δὲ
1104 925 1154 986 καί
1174 947 1253 986 τινων
1276 929 1359 986 είιπο-

66 1043 189 1126 ρήσασαέ)
213 1047 304 1121 αὐτῆς
326 1046 378 1104 ύπθ
400 1053 448 1120 τὴν
472 1048 557 1122 μονήν
579 1049 726 1122 κτημάτων
748 1067 779 1106 τε
801 1045 847 1106 καί
863 1041 1001 1126 παροίκων
1018 1047 1071 1106 ἀπό
1087 1067 1116 1106 τε
1134 1047 1361 1127 δωρημάτωντού

65 1169 165 1244 τρίτους
188 1169 274 1242 ήμῶν
298 1167 346 1226 καὶ
368 1168 606 1246 συναλλαγμάτων
630 1166 747 1250 οἰκείων,
772 1165 904 1240 διενέξεσί
925 1189 955 1227 τε
970 1167 1017 1227 καὶ
1031 1171 1204 1248 πραγμάτων
1223 1168 1361 1249 ἐπιφοραῖς
1400 1188 1401 1192 ’

65 1286 258 1368 τεριπεήοεσθαι
288 1289 360 1364 μετά
386 1297 439 1349 τῶν
461 1291 530 1364 ὁμοῦ
552 1293 570 1365 ῆ
593 1287 640 1350 καί
661 1290 777 1364 πλησίον
800 1291 960 1369 χωρούντων
982 1291 1091 1349 πάντων
1114 1290 1269 1368 έποίναγκές
1293 1289 1360 1349 ἐστι’

66 1411 154 1482 τούτοις
175 1411 232 1491 γάρ
258 1415 295 1470 ἂν
318 1411 433 1471 κάκεῖνα
454 1412 686 1488 συναναμέμικται
709 1410 755 1471 καὶ
779 1403 834 1472 οἷον
858 1413 1028 1482 συνέζευκται
1051 1410 1098 1471 καὶ
1122 1411 1166 1472 διά
1180 1415 1262 1472 ταύτα
1278 1411 1361 1491 φόβος

66 1532 148 1603 αύτούς
166 1533 324 1612 ἀπέτρεχεν
340 1532 557 1611 ἀκαταλόγιστος
571 1532 618 1593 καί
633 1535 769 1614 κατέσειε,
793 1536 899 1609 μήποτε
922 1539 987 1594 πᾶσι
1003 1527 1114 1618 [τοῖς]3)
1140 1531 1276 1603 δικάζουσι
1294 1534 1362 1614 πρός

67 1652 204 1732 ἑπηωῖὰς
227 1651 279 1713 καὶ
303 1655 488 1730 μετακλήσεις
509 1653 555 1714 καί
571 1655 674 1730 βιαίους
697 1655 851 1730 έλκυομούς
872 1653 1080 1734 προσκείμενος,
1104 1654 1175 1735 θήρα
1190 1655 1258 1734 πρός
1273 1653 1360 1734 ἄγραν

66 1775 209 1853 θτάρχωσιν
233 1777 351 1854 ἕτοιμοι,
374 1776 519 1836 κάντεῦθεν
543 1777 750 1838 ἐπισκάπτοιντο
774 1775 825 1851 μὲν
847 1777 896 1850 τήν
917 1777 986 1856 πρός
1008 1780 1038 1836 τ“ο
1054 1776 1143 1836 καλόν
1160 1773 1215 1848 ἕξιν
1230 1781 1280 1852 τῆς
1295 1796 1360 1835 συν-

68 1899 152 1976 τρόφου
180 1897 332 1977 διαγωγῆς
354 1897 556 1978 ἀποσπώμενον,
579 1901 741 1976 κατάγοιντο
765 1898 796 1958 δὲ
818 1902 867 1972 τῆς
889 1899 958 1978 πρδς
980 1898 1047 1974 ύψος
1069 1897 1224 1976 ἀναγούσης
1245 1897 1362 1978 θεωρίας

68 2017 105 2076 διὰ
124 2013 175 2104 [τό]
198 2024 258 2078 τῶν
282 2021 452 2099 πραγμάτων
475 2018 630 2100 θορυβῶδες
651 2019 699 2079 καὶ
721 2021 880 2098 συγχυτικόν
903 2022 1022 2097 κατέχον
1048 2021 1066 2092 ή
1089 2021 1241 2100 κατασῦραν
1265 2016 1305 2090 είς
1328 2019 1360 2078 έ-

69 2137 149 2217 δαφσς,
172 2141 192 2216 ἡ
216 2140 350 2216 βασιλεία
371 2143 451 2216 ἡμῶν
473 2139 520 2200 καί
542 2142 641 2216 ταύτην
665 2143 756 2213 αύτοῖς
777 2141 864 2216 ἵστησι
886 2140 935 2215 τήν
958 2140 1077 2218 ἀγωνίαν
1100 2139 1146 2200 καὶ
1161 2140 1223 2200 λύει
1245 2142 1274 2200 τό
1298 2140 1361 2211 δέος

69 2261 106 2319 καί
131 2261 281 2342 βραχείαις
310 2262 465 2336 συλλαβαῖς
491 2264 521 2322 τ“ο
549 2263 761 2343 ἀπερικτύπητον
788 2263 891 2334 τούτοις
917 2261 1068 2342 χαρίζεται,
1096 2261 1141 2322 ἵνα
1161 2260 1208 2322 καὶ
1232 2259 1361 2322 ἀνεπιθο-

68 2380 160 2456 λύτονς
186 2384 238 2456 τάς
268 2383 336 2464 ὑπὲρ
364 2387 446 2462 αύτῆς
474 2381 603 2456 ἱκετείαις
628 2385 695 2464 πρός
718 2385 779 2444 θεόν
803 2384 970 2464 ἀναφέροιεν·
1000 2384 1191 2444 ἀπελαύνοντα
1214 2383 1267 2464 γάρ
1290 2383 1360 2464 πόρέ

69 2506 143 2581 ρωθεν
164 2507 270 2566 τούτων
292 2508 324 2566 τό
346 2507 509 2587 ταραχῶδές
530 2527 560 2566 τε
582 2505 629 2566 καί
651 2506 821 2584 πολύοχλον,
844 2507 889 2566 ἵνα
911 2507 950 2578 ὡς
974 2507 1002 2566 έν
1022 2505 1128 2578 ἀδύτοις
1143 2504 1195 2567 τισί
1211 2526 1360 2585 μυσταγω-

70 2627 184 2704 γούρενοι
205 2629 239 2688 τδ
263 2630 398 2709 ήρεμαῖόν
420 2648 449 2687 τε
472 2626 520 2688 καί
541 2627 673 2708 γαλήνιον
696 2629 827 2688 πάντοθεν
851 2628 951 2706 ἔχοιεν,
975 2626 1094 2698 θεσπίζει
1110 2627 1155 2687 διὰ
1169 2633 1215 2688 τού
1230 2631 1363 2708 παρόντος

71 2749 140 2824 τίτῆς
162 2751 295 2826 εύσεβοίις
311 2748 518 2829 χρυσοβούλλου
533 2751 629 2828 λύγου,
653 2751 723 2808 ὥστε
746 2749 799 2809 ἀπδ
821 2753 867 2808 τοῦ
889 2751 933 2808 νύν
956 2748 1003 2808 καί
1027 2745 1066 2820 είς
1080 2749 1143 2821 τούς
1159 2745 1225 2826 ἑξῆς
1241 2750 1363 2820 ἅπαντας

69 2869 108 2927 καί
128 2871 267 2946 διηνεκεῖς
288 2874 403 2950 χρόνους
431 2875 468 2946 μή
492 2893 551 2932 τινα
573 2872 703 2946 δικαστὴν
727 2869 766 2942 εἰς
788 2871 837 2946 τῆν
853 2869 1025 2947 δηλωθεῖσαν
1041 2872 1127 2946 μονὴν
1141 2873 1267 2951 παριέναι
1283 2870 1363 2946 δίκης

70 2989 228 3067 οίαςδήτινος
257 2994 363 3072 ἕνεκεν,
394 2995 465 3069 μήτε
491 3015 516 3054 τι
543 2993 680 3069 σύμβολον
708 2993 824 3073 ἀρχικῆς
852 2993 1008 3064 δυναστείας
1035 2992 1096 3052 κατ’
1126 2993 1208 3067 αύτῆς
1235 2991 1281 3051 καὶ
1308 2997 1362 3051 τῶν

72 3113 94 3170 έν
115 3115 177 3196 σαπῇ
200 3135 233 3174 τε
256 3113 306 3174 καὶ
327 3115 372 3174 ὑπ’
384 3116 466 3189 αθτὴν
490 3114 695 3175 ἐπιδείκνυσθαι.
720 3114 787 3174 ἀλλ’
802 3114 828 3172 εἴ
840 3134 907 3174 ποτε
930 3112 1053 3192 διαφοραὶ
1069 3111 1116 3173 καί
1131 3113 1265 3190 διαμοίχαι
1280 3115 1361 3191 τινές,

71 3231 89 3290 εί
109 3235 156 3310 μέν
176 3239 237 3308 τοῖς
268 3241 316 3314 τῆς
340 3242 426 3312 μονῆς·
447 3237 514 3317 πρός
536 3257 611 3308 τινας
634 3237 742 3316 ἑτέρους
765 3235 931 3314 έπιγένοιντο
952 3232 999 3294 καὶ
1020 3234 1161 3309 βούλοιντο
1177 3235 1274 3305 ταύτας
1289 3228 1362 3294 ούτοι

69 3357 131 3414 κατὰ
154 3363 208 3418 τῶν
242 3357 460 3437 ἀντιφερομένων
485 3357 675 3436 ἐγγυμνάζειν,
699 3357 850 3427 ἀκωλύτως
873 3359 956 3416 κινεῖν
983 3353 1030 3414 καὶ
1052 3358 1097 3415 τδν
1125 3359 1208 3432 νόμον
1232 3355 1362 3435 εύρίσκειν

71 3473 195 3554 διαιτητὴν
219 3482 268 3539 τού
290 3478 387 3550 καλῶς
411 3478 533 3557 ἔχοντος.
559 3475 581 3536 εἰ
606 3473 674 3536 δἀύ
699 3479 785 3558 έτεροι
807 3478 868 3536 κατ’
879 3479 965 3537 αὐτῶν
987 3478 1121 3552 κινηθεῖεν
1144 3476 1192 3536 καὶ
1215 3478 1362 3548 διστοίζσιεν

71 3599 128 3674 προ-ς
149 3599 299 3675 ἀλλήλους
323 3599 366 3660 ἐπί
389 3621 439 3659 τισι
462 3599 550 3671 δίκαις
572 3602 590 3674 ή
613 3597 675 3680 περὶ
697 3600 786 3659 τόπων
810 3599 977 3678 ἀφαιρέσεως
1000 3599 1209 3674 ήμεταθέσεως
1224 3601 1293 3679 όρων
1309 3605 1363 3659 τῶν

72 3718 107 3776 ἀπ’
118 3721 210 3794 αύτούς
233 3724 342 3781 πάντων
365 3725 511 3797 κτημάτων
534 3724 552 3796 ή
576 3721 751 3796 καινοτομίας
774 3721 871 3801 ἑτέρας
885 3722 956 3792 τινος
971 3718 1017 3780 καί
1034 3720 1210 3800 ἀμφιβολίας,
1227 3723 1297 3796 μήτε
1312 3722 1362 3781 θε-

73 3844 173 3912 ματικὸν
194 3847 215 3918 ἢ
238 3844 390 3922 πολιτικόν,
414 3845 453 3915 ὡς
470 3842 582 3923 εἴρηται,
600 3843 739 3922 δικαστήν,
756 3845 826 3917 μήτε
841 3843 900 3900 τινὰ
913 3848 967 3901 τῶν
983 3842 1080 3902 ἀλλων
1096 3843 1235 3923 ἀρχόντων
1251 3846 1269 3918 ῆ
1286 3842 1363 3921 βῆμα

74 3960 214 4026 δικαστικόν
242 3968 302 4037 τοῖς
328 3965 468 4043 ἀνοίγουσιν
496 3966 671 4025 ἀναπτύσσειν
697 3964 744 4024 καί
766 3961 815 4036 τάς
837 3964 898 4044 περὶ
920 3965 1019 4024 τούτων
1044 3964 1158 4044 ἀγωγὰς
1182 3965 1361 4042 ἐγγυμνάζειν

73 4085 304 4164 ἠύηφίζεσθαιή
332 4087 408 4158 ὅλοις
432 4086 574 4165 ἀγιύγιμόν
602 4107 661 4146 τινα
687 4091 741 4146 τῶν
770 4086 799 4144 ἐν
821 4091 854 4167 τῇ
878 4091 949 4168 μονῇ
972 4089 1058 4145 ποιεῖν
1081 4085 1128 4146 καὶ
1150 4085 1299 4146 καθέλκειν
1323 4083 1363 4158 εἰς

75 4202 246 4288 δικαστήριον,
270 4204 348 4268 ἀλλά
369 4208 404 4267 τά
426 4208 497 4268 κατά
519 4209 618 4269 τούτων
642 4209 786 4285 κινούμενα
807 4207 846 4286 τῷ
870 4207 972 4285 μείζονι
996 4213 1049 4266 τῶν
1073 4207 1169 4267 ἀλλων
1194 4207 1295 4286 ἐφιέναι
1319 4207 1368 4267 διι

75 4328 216 4410 καυτηρίων
240 4328 288 4389 καί
304 4330 385 4405 μόνον
402 4329 551 4410 ἀκροᾶσθαι
567 4331 665 4390 τούτων
680 4331 725 4389 τόν
740 4330 788 4408 τήν
805 4331 990 4410 αύτοκροίτορα
1005 4327 1129 4407 λαχόντα
1145 4328 1248 4389 διέπειν
1263 4328 1362 4410 ἀρχήν,

76 4445 173 4526 ἀρρεπεῖ
203 4471 235 4510 τε
262 4450 310 4510 καὶ
338 4451 480 4531 ἀδεκάστῳ
503 4451 590 4530 κρίσει
613 4455 631 4525 ή
656 4451 776 4512 διαλύειν
798 4451 847 4522 τάς
870 4451 1006 4525 ἀναμέσον
1028 4451 1128 4511 τούτων
1151 4450 1364 4530 ἀμφισβητήσεις

166 4617 186 4681 ¹)
205 4613 347 4666 Sakellion
360 4614 511 4684 γνωρίσασα.
585 4615 606 4679 ²)
626 4613 687 4664 Sak.
704 4615 858 4665 emendavit
873 4631 921 4681 pro
934 4611 1092 4680 εύπορίσοισα.
1111 4615 1200 4664 Locus
1213 4619 1360 4680 corruptus.

78 4707 95 4768 ιλ
111 4711 185 4762 Addit
203 4713 266 4762 Sak.

1123 4795 1150 4845 γ*
