3222 5284
1317 351 1380 416 357

60 539 215 615 καύσιμα·
241 541 404 621 ,μνησθητη
427 541 513 622 κύριε,
537 543 576 614 ώς
591 541 704 620 ἀγαθός,
727 547 777 618 τῆς
798 541 901 620 δούλης
920 562 977 623 σου,
1002 540 1079 623 δόξα,
1103 544 1267 622 ἀνάπαυσον,
1292 546 1381 627 σωτὴρ

61 659 172 734 ἡμῶν·
197 659 246 722 καὶ
268 666 323 723 νῦν.
354 659 443 734 ούδείς
464 665 639 744 προστρέχων
664 663 708 724 ἐπί
729 684 781 725 σοι.
816 665 999 744 ἡκαταφυγὴ
1022 664 1069 725 καί
1093 665 1236 741 δύναμις.“
1267 665 1381 727 καὶέπὶ

60 781 182 856 τούτοις
204 784 249 842 τό·
281 784 387 864 ,,κύριε,
416 785 556 860 ἐλέησονίέ
580 781 621 844 ιε’.
668 779 727 844 είτα
748 783 795 844 καί
818 786 865 861 τὴν
890 787 973 864 εύχὴν
996 787 1175 866 ἐπισυνάψετε
1197 789 1305 865 ταύτην.
1344 791 1380 870 ,,ό

62 903 263 964 ἀποστέλλων
285 907 316 964 τό
338 906 436 984 φῶς·“
470 908 560 978 πάσας
589 907 682 982 μέντοι
711 907 761 978 τάς
791 907 876 986 εύχάς
904 907 997 990 χερσίν
1021 910 1234 986 ἀνατεταμένοις
1258 907 1378 984 εύξεοθε.

62 1025 274 1104 τελειωθείσης
305 1026 336 1088 δέ
358 1033 408 1104 της
438 1027 611 1106 δηλωθείσης
643 1031 729 1107 εθχῆς
750 1027 798 1088 καί
819 1033 866 1090 τοῦ
896 1029 991 1110 ἱερέως
1013 1033 1063 1107 τὴν
1091 1035 1191 1110 συνήθη
1224 1033 1380 1104 ἐπειπόντος

66 1150 164 1227 εὐχὴν
188 1152 267 1226 ὑμεῖς
290 1151 341 1228 μὲν
363 1155 448 1211 πᾶσαι
471 1149 515 1211 ἐπί
536 1153 681 1232 πρόσωπον
704 1151 744 1224 είς
765 1157 818 1231 γῆν
840 1155 977 1234 πεσεῖσθε,
1004 1154 1022 1228 ἡ
1046 1152 1077 1213 δὲ
1098 1159 1258 1233 προεστῶσα
1280 1155 1380 1226 παντός

66 1272 205 1352 ἀρχηγός
220 1272 282 1348 ύμῖν
301 1275 432 1352 γινομένη
454 1273 566 1353 ἀγαθού,
590 1273 659 1334 ούιω
673 1295 732 1345 πως
753 1273 823 1354 ἐρεῖ·
848 1271 983 1354 ,εὔξασθε
1003 1274 1070 1356 ύπέρ
1091 1275 1167 1356 ἐμοῦ,
1192 1275 1318 1356 ἀδελφαί,
1341 1274 1380 1354 τῷ

66 1393 172 1474 κυρίῳ,
203 1395 248 1454 ίνα
270 1395 358 1475 ῥυσθῶ
381 1395 414 1454 ἐκ
435 1400 489 1455 τῶν
517 1395 612 1454 παθῶν
634 1393 757 1455 καὶτῶν
788 1393 950 1456 σκανδάλων
972 1400 1018 1458 τού
1040 1398 1190 1478 πονηρού.“
1234 1395 1281 1458 καί
1302 1396 1381 1473 ὑμεῖς

69 1515 274 1597 ἀπεκρίνεσθε·
298 1518 334 1596 ,,ό
354 1517 417 1589 θεός
432 1519 517 1576 σώσαι
532 1517 574 1595 σέ,
596 1516 673 1592 τιμία
688 1522 786 1598 μῆτερ,
810 1513 885 1589 εύξαι
900 1516 947 1578 καί
962 1517 992 1578 σὺ
1007 1519 1074 1598 ὑπὲρ
1088 1520 1178 1600 ἡμῶν,
1202 1519 1267 1598 ἀγία
1283 1525 1380 1600 μῆτερ,

66 1639 117 1697 ίνα
152 1639 295 1720 ῥυσθῶμεν
323 1639 357 1699 ἐκ
383 1645 437 1698 τῶν
466 1641 560 1699 παθῶν
590 1637 637 1698 καί
664 1645 719 1698 τῶν
750 1638 913 1700 σκανδάλων
935 1642 982 1699 τού
1010 1641 1160 1720 πονηρού.“
1206 1635 1265 1700 εἶτα
1295 1641 1380 1701 πάλιν

70 1761 171 1836 ἐκείνη
204 1761 377 1839 ἐπευχομένη
409 1761 480 1840 ἐρεῖ·
511 1762 547 1842 ,,ό
577 1762 641 1832 θεός
671 1759 807 1840 διέθχών
830 1765 883 1820 τῶν
912 1763 1037 1841 πατέρων
1066 1763 1146 1838 ἡμῶν
1176 1764 1263 1823 σώσαι
1290 1765 1380 1834 πάσας

71 1883 187 1959 ἡμᾶς.“
231 1881 279 1944 καὶ
302 1885 387 1955 σύτως
409 1885 557 1943 ἀναστᾶσαι
583 1884 730 1963 πορεύεσθε
754 1882 794 1956 είς
816 1885 847 1942 τό
868 1885 960 1944 κοινόν
981 1887 1031 1959 τῆς
1054 1883 1243 1962 συνδιαγωγῖης
1266 1882 1379 1964 οἴκημα,

72 2005 193 2064 κάκεῖσε
215 2006 364 2083 γενόμεναι
385 2008 476 2081 πάσης
498 2003 644 2085 ἀφέξεσθαι
667 2005 786 2082 ματαίας
806 2007 990 2085 ἀπασχολίας,
1013 2005 1160 2078 ἀνθέξεσθε
1181 2005 1213 2065 δὲ
1227 2013 1311 2066 πᾶσαι
1326 2011 1379 2065 τῶν

73 2126 247 2208 ἐργσχείρων
270 2127 355 2207 ὑμῶν,
384 2133 448 2204 μιᾶς
469 2148 541 2200 τινος
564 2129 648 2203 μέσον
670 2127 745 2204 ὑμῶν
768 2129 929 2206 καθημένης
950 2125 997 2188 καὶ
1020 2127 1268 2206 ἀναγινωσκούσης,
1298 2129 1316 2203 ἥ
1340 2148 1380 2200 τις

74 2253 108 2308 ἀν
133 2249 210 2330 παρὰ
230 2255 281 2328 τῆς
303 2251 461 2329 ἡγουμένης
482 2251 676 2332 προσταχθείη,
699 2251 747 2312 καί
769 2253 835 2332 άπερ
859 2254 892 2311 ἀν
914 2250 1086 2330 κελευσθείη,
1109 2251 1127 2324 ἡ
1150 2249 1204 2330 γάρ
1227 2250 1380 2330 ἀνάγνωσις

72 2373 169 2444 πάσας
193 2371 243 2447 μέν
267 2370 440 2432 ἀποκωλύσει
469 2372 587 2446 ματαίας
609 2371 656 2432 καί
680 2373 832 2452 ἀνωφελεῖς
853 2377 872 2448 ἢ
894 2372 941 2433 καί
966 2372 1119 2447 βλαπτικάς
1142 2371 1295 2452 συντυχίας,
1326 2393 1376 2448 με·

73 2493 171 2570 γάλην
195 2491 226 2552 δέ
248 2490 409 2573 προξενήσει
430 2493 480 2568 τὴν
503 2494 640 2573 ὠφέλειαν
662 2497 723 2567 ταῖς
744 2496 889 2576 προσέχειν
913 2496 981 2576 αίκιῇ
1005 2495 1196 2570 βουλομέναις.

184 2615 263 2694 Κεφ.
287 2614 350 2693 λγ’.
374 2613 456 2696 Περί
478 2615 540 2675 τών
563 2615 736 2697 μεσωρίων
759 2621 817 2692 τῆς
839 2618 982 2696 πρώτης,
1012 2617 1124 2696 τρίτης
1146 2637 1180 2675 τε
1203 2613 1259 2674 καὶ
1282 2617 1382 2692 ἕκτης

76 2739 177 2816 ώρας,
199 2741 263 2796 τῶν
285 2742 438 2818 τυπικῶν,
461 2743 519 2813 τῆς
540 2737 634 2818 ἱεροῖς
649 2738 868 2818 λειτουργίας
882 2737 938 2798 καί
953 2743 1011 2814 τῆς
1027 2737 1127 2818 ἀγίας
1144 2737 1379 2813 μεταλήψεως.

77 2857 358 2934 Καταλαμβσνούσης
378 2859 420 2930 Ιδὲ
449 2863 499 2935 τῖης
528 2859 718 2940 προσηκούσης
749 2862 823 2940 ῶρας
852 2861 1048 2940 κρουσθήσεται
1077 2860 1108 2918 τό
1139 2856 1231 2936 ξύλον,
1266 2859 1381 2918 κάκεῖσε

77 2979 194 3054 βαλεῖτέ
216 2981 250 3040 τά
273 2983 396 3061 μεσώρια
417 2985 467 3057 τῆς
488 2983 607 3062 πρώτης,
629 2984 679 3057 την
701 3002 731 3041 τε
753 2981 844 3062 τρίτην
866 2979 913 3040 καί
937 2984 1018 3058 ἕκτην
1034 2983 1108 3062 ώραν
1129 2979 1268 3056 μετὰτῶν
1285 2999 1379 3054 μεσω-

78 3095 153 3181 ρίων,
176 3107 231 3162 τῶν
247 3103 336 3180 εθχῶν
351 3100 398 3162 καί
413 3108 466 3162 τῶν
490 3108 651 3184 μετανοιῶν,
674 3104 740 3162 ἔνθα
756 3106 789 3162 ἀν
807 3104 825 3179 ἡ
848 3103 1043 3182 καθηγουμένη
1060 3101 1194 3184 βουληθῇ,
1219 3100 1273 3160 εἴτε
1297 3100 1380 3179 ἐντῷ

77 3222 258 3302 κοιμητηρίῳ,
282 3222 337 3283 εἴτε
361 3223 390 3282 ἐν
412 3223 450 3304 τῷ
472 3231 522 3300 τίης
546 3224 695 3300 ἐκκλησίας
720 3221 930 3305 ἐξωνάρθηκιί).
962 3223 1078 3302 ψαλεῖτε
1101 3223 1133 3283 δέ
1156 3221 1204 3282 καὶ
1226 3219 1260 3282 τά
1282 3223 1380 3283 τυπικά

80 3343 108 3402 ἐν
130 3342 171 3422 τῷ
193 3350 244 3421 της
266 3345 419 3420 ἐκκλησίας
441 3347 565 3426 νάρθηκι,
589 3347 635 3406 ὅτε
650 3347 743 3423 μέντοι
758 3343 862 3425 γίνεται
877 3343 1020 3426 ἀγρυπνία,
1044 3344 1074 3405 ού
1088 3347 1217 3420 ποιήσετε
1233 3347 1379 3420 μετάνοιαν

80 3464 107 3523 ἐν
129 3463 171 3544 τῷ
193 3465 362 3548 κοιμητηρίῳ
385 3465 460 3543 ὑμῶν
484 3466 528 3528 διὰ
549 3469 596 3528 τόν
620 3469 653 3527 ἐκ
673 3474 723 3544 τῆς
746 3467 896 3550 ἀγρυπνίας
918 3469 1013 3547 κόπτον,
1036 3465 1098 3527 ούτε
1117 3467 1189 3527 κατά
1202 3469 1233 3528 τό
1250 3466 1379 3528 δωδεκα-

78 3589 192 3668 ήμερον,
222 3586 282 3648 σύτε
304 3589 376 3649 κατά
396 3590 446 3664 τὴν
469 3589 539 3666 όλην
560 3591 757 3670 πεντακοστήν,
789 3587 850 3650 ούτε
873 3591 927 3667 μὴν
949 3589 1021 3649 κατὰ
1041 3588 1091 3661 τάς
1114 3589 1277 3670 μεθεόρτους
1301 3589 1380 3648 ἐννέα

78 3711 186 3790 ἡμέρας
207 3716 256 3786 τῆς
278 3713 437 3786 κοιμήσεως
459 3717 508 3787 τῆς
530 3710 678 3792 ύπεραγίας
700 3712 840 3788 θεοτόκου,
863 3717 913 3788 τῆς
934 3705 1173 3791 μεταμορφώσεως
1189 3715 1234 3771 τού
1256 3712 1378 3791 σωτῆρός

80 3853 130 3907 μου
146 3833 273 3912 Χριστοῦ,
297 3833 346 3892 ούκ
369 3832 397 3890 ἐν
422 3834 513 3904 οώταῖς
535 3835 595 3905 ταῖς
611 3831 782 3913 ἐορτασίμοις
797 3833 916 3914 ἡμέραις
929 3839 983 3893 τῶν
1000 3829 1118 3905 ἐνδόξων
1133 3831 1181 3892 καὶ
1195 3835 1378 3911 πανευφημων

81 3954 193 4014 δώδεκα
214 3954 385 4033 ἀποστόλων,
410 3955 440 4014 ού
462 3955 533 4014 κατά
555 3959 609 4014 πάν
632 3955 779 4030 σάββατον.
811 3956 829 4030 ἥ
852 3975 886 4034 γε
909 3955 964 4030 μἠν
987 3953 1048 4035 ίερά
1069 3951 1117 4014 καί
1139 3952 1200 4013 θεία
1222 3953 1380 4034 λειτουργία

82 4075 253 4136 ἐκτελεῖσθαι
280 4075 383 4154 όφείλει
412 4077 475 4136 καθ’
488 4077 606 4152 ἑκάστην
635 4075 763 4156 τετράδα,
794 4078 978 4156 παρασκευήν,
1008 4074 1145 4150 σάββατον
1173 4073 1220 4134 καί
1247 4075 1379 4154 κυριακὴν

80 4197 124 4258 καί
146 4197 219 4258 κατὰ
240 4197 290 4270 τάς
313 4199 418 4278 ἑορτάς.
465 4199 492 4257 ἐν
516 4199 644 4278 μέντοιγε
666 4199 725 4268 ταῖς
747 4199 978 4278 τεσσαρακοσταῖς
1000 4195 1123 4277 γίνεσθαι
1147 4196 1260 4276 δφειλει,
1284 4197 1378 4268 καθώς

81 4321 202 4400 περιέχει
232 4321 262 4378 τό
293 4317 460 4400 συναξάριον.
506 4317 668 4398 είσηγσύμαι
699 4319 730 4378 δέ
762 4319 833 4398 ὑμῖν,
865 4318 992 4399 ἀδελφαί,
1022 4324 1072 4396 τῆς
1103 4318 1178 4389 θείας
1207 4317 1378 4394 τελουμένης

82 4440 232 4522 ἱερουργίας
254 4443 506 4522 προσεκτικωτέρας
529 4441 627 4512 έαυτάς
651 4441 753 4500 ἑαυτῶν
775 4441 897 4518 γίνεσθαι
919 4438 966 4500 καί
988 4439 1072 4520 φόβου
1094 4439 1141 4500 καί
1164 4439 1261 4520 φρίκης
1277 4439 1378 4514 μεστὰς

184 4701 205 4762 ¹)
225 4697 359 4768 ἐξωιίρθηκι
378 4705 405 4751 εί
422 4701 534 4751 inferius
552 4694 640 4768 ἀρθηκι
657 4700 693 4751 Μ.
