3222 5284
1308 369 1370 436 387

57 568 117 618 τῶν
147 562 180 620 ἐκ
204 569 255 638 τῆς
283 564 532 642 πορφυρογεννήτου
561 564 759 641 καταγομένων
791 569 910 642 νυμφῶν,
939 562 1025 640 ήγουν
1046 561 1095 637 τήν
1117 567 1163 622 τού
1189 564 1282 642 χρόνῳ
1302 583 1372 642 προ-

58 685 197 756 ήκοντος.
228 683 276 742 καί
299 681 374 756 αὖθις
397 684 470 744 ἔσται
493 687 570 744 τούτο
593 683 805 764 συντηρούμενον
829 686 928 764 μέχρις
943 683 976 744 ἂν
996 683 1043 744 καί
1059 683 1087 744 αῖ
1102 683 1145 744 ἐπὶ
1162 685 1254 765 ἀρρεσι
1274 685 1373 764 νύμφαι

60 804 232 884 έκλείπωσι,
256 806 349 867 τούτου
372 806 584 886 φυλαττομένου,
612 810 658 866 τού
682 807 722 882 μή
744 807 793 880 τὴν
816 805 976 882 μέλλουσαν
999 811 1047 882 τῆς
1070 811 1156 882 μονῆς
1180 805 1278 886 ἐφορᾶν
1302 806 1373 882 μετὰ

60 927 187 987 θάνατον
211 931 257 986 τού
273 925 373 988 οἰκείου
389 929 500 1006 συζύγου
520 927 676 1008 περιελθεῖν
693 925 731 998 εἰς
747 926 874 1008 δεύτερον
888 930 988 1006 γάμον.
1033 929 1084 986 κάν
1100 928 1187 1008 φθάσῃ
1202 926 1268 998 ῖσως
1283 949 1372 987 κατα-

61 1054 164 1124 στῆναι
182 1047 222 1121 εἰς
238 1049 372 1130 ἐφορείαν,
396 1044 456 1110 είτα
471 1049 538 1130 πρθς
555 1047 679 1129 δεύτερον
696 1043 832 1130 ἀποκλίνῃ
842 1049 864 1124 ¹)
880 1050 980 1128 γάμον,
998 1049 1075 1120 εύθίις
1093 1047 1246 1108 ἐκπεσεῖται
1260 1047 1307 1109 καί
1322 1055 1372 1125 τῆς

63 1169 269 1250 ἐφορείαςωί
292 1171 476 1246 μεταβήσεται
500 1171 566 1248 αύτη
591 1169 630 1242 εἰς
652 1170 701 1245 τήν
724 1172 785 1246 μετ’
797 1169 906 1244 ἐκείνην
929 1168 1113 1250 καλουμένην,
1142 1175 1191 1246 τῆς
1214 1169 1372 1244 διαοτίξεως

63 1292 171 1367 ταύτης
197 1290 240 1351 έπί
270 1294 371 1364 πάσαις
400 1292 579 1370 φυλάττεσθαι
610 1291 779 1371 ὀφειλούσης.
825 1292 896 1365 μετὰ
926 1292 1017 1365 μέντοι
1043 1289 1091 1352 καί
1119 1292 1219 1364 ταύτας
1250 1292 1372 1353 ἐκλιπεῖν

61 1416 171 1492 πάσας,
195 1415 263 1492 πρὸς
284 1413 333 1491 τήν
356 1413 409 1474 ἀπὸ
432 1419 486 1474 τῶν
511 1413 726 1494 ἐπιφανεστέρων
748 1417 794 1472 τού
816 1415 914 1490 γένους
935 1413 1025 1493 ήμῶν,
1048 1412 1122 1488 πλὴν
1145 1412 1205 1492 ούχῖ
1229 1413 1275 1474 καί
1291 1415 1372 1490 αύτήν

64 1537 116 1608 τὴν
143 1535 184 1614 τῷ
206 1536 298 1615 χρόνῳ
320 1541 374 1596 τῶν
403 1536 502 1597 ἀλλων
532 1538 714 1616 προήκουσαν,
746 1535 813 1596 ἀλλ’
826 1538 860 1610 ήν
882 1536 937 1615 ἄρα
959 1535 1030 1595 κατὰ
1059 1536 1170 1615 καιρούς
1197 1534 1372 1616 αἰρετῖσονται

66 1656 95 1714 αῖ
118 1663 155 1738 τῇ
172 1658 282 1738 τοιαύτη
298 1664 369 1739 μονή
392 1658 590 1732 ἐνασκούμεναι
606 1659 769 1732 μονάζουσαι
785 1657 830 1716 σύν
845 1663 879 1738 τῇ
894 1657 1100 1737 καθηγουμένη.
1132 1655 1179 1718 καί
1194 1659 1272 1718 τούτο
1287 1659 1373 1730 οθτως

66 1779 304 1858 συντηρηθήσεται
326 1781 410 1859 μέχρι
431 1781 541 1858 παντός,
565 1779 644 1858 ἄχρις
666 1781 700 1837 ἐν
721 1779 737 1838 θ
758 1779 853 1859 παρὼν
877 1777 1000 1857 διαρκοίη
1023 1775 1100 1838 αἰών.

179 1901 227 1960 Ἐν
249 1907 283 1982 τῇ
306 1906 377 1982 μονή
401 1899 432 1960 δὲ
454 1901 473 1976 ἡ
496 1902 526 1960 τδ
548 1905 598 1975 της
622 1899 746 1978 ἐφορείας
770 1899 874 1960 δίκαιον
899 1899 999 1977 ἔχουσα
1021 1899 1162 1960 οθπῶποτε
1185 1899 1290 1962 ἄλλοτε
1313 1899 1371 1960 εἰσ-

69 2022 225 2101 ελεύσεται,
249 2020 273 2080 εἰ
297 2022 336 2097 μή
359 2023 404 2110 ὅτε
426 2023 444 2097 ἡ
468 2020 619 2082 ἀκολουθία
640 2027 691 2096 τῆς
714 2021 866 2097 ἐκκλησίας
888 2015 1000 2098 γίνεται.
1035 2019 1082 2080 καὶ
1104 2021 1203 2097 ταύτης
1225 2022 1371 2082 συντελου-

68 2146 158 2220 μένης
183 2144 259 2215 εύθυς
281 2140 328 2202 καί
352 2145 418 2218 αύτίῑ
442 2140 626 2221 ἐξελεύσεται,
651 2141 675 2201 εἰ
697 2145 736 2217 μή
759 2163 810 2202 που
827 2141 923 2218 ὁμιλία
945 2163 984 2214 τις
1006 2143 1148 2221 πρόκειται
1170 2142 1309 2221 ἀναγκαία
1323 2143 1371 2204 καὶ

70 2264 110 2338 εἰς
138 2268 263 2326 σύστασιν
285 2271 334 2341 τῆς
357 2272 444 2342 μονῆς
472 2264 651 2344 συντείνουσα,
681 2263 729 2324 καὶ
751 2266 812 2323 τάτε
842 2264 912 2338 μετὰ
935 2263 981 2323 δύο
1003 2267 1021 2338 ἢ
1044 2262 1092 2324 καί
1113 2269 1193 2343 τριῶν
1224 2271 1369 2344 γυναικῶν.

70 2385 95 2445 εί
118 2387 150 2447 δὲ
174 2387 222 2448 καί
243 2408 302 2447 τινα
324 2391 377 2446 τῶν
409 2387 592 2467 άρχοντιοσῶν
622 2391 762 2466 συγγενῶν
790 2384 871 2462 ἡμῶν
894 2389 912 2459 ή
934 2383 982 2445 καὶ
1005 2386 1100 2465 ἑτέραν
1131 2387 1207 2464 τύχοι
1230 2387 1372 2468 εὑρεθῆναι

71 2510 131 2582 μετ’
145 2511 240 2589 ουὐτής,
263 2509 495 2568 συνεισελεύσεται
518 2507 565 2568 καί
588 2508 654 2583 αύτή
679 2511 748 2582 μάνη
773 2505 811 2579 εἰς
833 2508 882 2582 τὴν
905 2509 1000 2589 μονήν,
1025 2507 1093 2588 ἀνὴρ
1116 2507 1148 2567 δέ
1172 2508 1236 2568 ούδέ
1259 2502 1309 2588 εἰς,
1333 2512 1373 2569 ὅτι

72 2629 174 2702 ἀβατον
190 2625 258 2690 εἰναι
274 2631 304 2690 τύ
328 2633 506 2710 μοναστήριον
529 2632 697 2690 παντάπασιν
713 2626 836 2710 ἀνδράσι,
858 2627 905 2688 καί
921 2629 1011 2701 αύτοῖς
1026 2633 1083 2702 τοῖς
1098 2629 1238 2707 εύνούχοις
1254 2630 1339 2712 διοριζ
1357 2667 1373 2676 -

72 2755 144 2824 μεθα
166 2751 215 2810 καὶ
237 2751 435 2827 κεκλεισμένον
459 2751 602 2825 διηνεκῶς.
634 2749 657 2810 εἰ
674 2750 704 2810 δέ
720 2771 790 2823 τινες
805 2756 859 2810 τῶν
882 2751 1004 2831 ἀρρένων
1027 2751 1132 2812 παίδων
1155 2753 1235 2826 ήμῶν
1257 2746 1373 2812 καὶτῶν

74 2872 116 2931 ἐπὶ
139 2875 287 2953 θυγατράσι
309 2871 444 2952 γαμβρῶν
466 2875 484 2946 ή
507 2871 554 2931 καὶ
578 2871 699 2950 ἐγγόνων
722 2874 798 2951 πάθῳ
820 2871 859 2950 τῷ
874 2874 942 2952 προς
963 2874 1038 2948 ἡμᾶς
1058 2875 1076 2946 ή
1099 2859 1255 2944 ἀποθέσεως
1279 2873 1372 2932 ἕνεκεν

74 3001 106 3075 τῇ
126 3002 198 3077 μονῇ
223 2989 376 3073 ἀναγκαίας
398 2993 560 3068 θελήσουσιν
583 2991 623 3065 εἰς
637 2995 668 3052 τύ
684 2996 864 3074 μονοιστήριον
888 2992 1031 3069 εἰσελθεῖν,
1055 2991 1256 3054 εἰσελεύσονται
1280 2991 1320 3065 εἰς
1343 2994 1373 3052 τθ

75 3113 311 3196 ἐξωνάρθηκονέ),
335 3115 389 3174 ἀπο
413 3119 456 3174 τοῦ
481 3117 579 3194 μέρους
602 3121 651 3190 τῆς
667 3122 717 3190 τῆς
740 3121 827 3190 μονῆς
849 3115 1126 3190 ἀντιλαμβανομένης
1143 3115 1214 3191 μετὰ
1227 3113 1275 3174 καί
1291 3116 1374 3190 αύτής

74 3236 146 3296 αύτοί
169 3239 258 3316 μύνοι,
289 3235 336 3295 καί
366 3239 479 3307 στάντες
509 3237 572 3315 ἀγρι
602 3236 825 3314 συμπληρῶσεως
848 3243 897 3311 τῆς
920 3235 1085 3306 ἀκολουθίας
1116 3235 1186 3311 μετὰ
1208 3231 1279 3322 [τὴν]
1301 3257 1374 3311 συμ-

74 3356 214 3438 πλήρωσιν
221 3356 247 3439 ³)
269 3359 378 3438 ταύτης,
400 3357 579 3419 ἐπελθουσῶν
593 3364 647 3418 τῶν
663 3361 837 3433 μοναζουσῶν
853 3357 893 3430 εἰς
907 3359 938 3418 τδ
953 3361 1129 3437 κοιμητήριον
1146 3359 1233 3418 αύτῶν
1249 3355 1373 3417 εἰσελεύ-

75 3499 161 3539 σονται
179 3478 219 3550 εἰς
235 3479 283 3554 τήν
300 3479 461 3560 ἐκκλησίαν,
477 3481 703 3560 καταλειφθείσης
719 3483 804 3556 μάνης
819 3487 868 3568 τῆς
882 3481 1038 3558 ἡγουμένης
1054 3480 1124 3555 μετὰ
1140 3479 1186 3540 δύο
1201 3483 1219 3555 ἢ
1235 3478 1282 3540 καὶ
1293 3486 1374 3560 τριῶν

75 3601 294 3681 γηραλειυτέρων
317 3603 491 3675 μοναζουσῶν
514 3601 651 3680 εύλαβῶν,
674 3599 721 3662 καὶ
738 3601 921 3676 ὁμιλήσαντες
936 3603 1029 3673 αὐταῖς
1043 3601 1078 3660 τά
1092 3603 1264 3680 προσήκοντα
1278 3599 1325 3661 καί
1340 3607 1374 3684 πή

75 3721 293 3802 Κεχαριτωμένη
316 3723 438 3802 θεοτάκιρ
461 3725 696 3802 προσκυνήσαντες
720 3719 918 3795 ἐξελεύσονται.
950 3721 996 3783 καί
1018 3727 1095 3784 τούτο
1112 3721 1252 3803 δράσουσιν
1268 3721 1374 3798 άτταξή

77 3841 115 3916 δὶς
131 3847 185 3904 τοῦ
208 3843 328 3904 ἐνιαυτοῦ
351 3841 491 3903 καὶκατὰ
513 3844 562 3918 τήν
585 3845 681 3922 ἑορτήν
703 3850 753 3918 τής
776 3845 912 3903 θεοτύκου.
960 3842 987 3902 αί
1011 3845 1103 3918 μέντοι
1124 3843 1299 3922 περιπύθητοί
1322 3865 1374 3917 μου

76 3965 224 4045 θυγατέρες
247 3965 275 4024 αἱ
289 3966 543 4044 πορφυρογέννητοι,
566 3967 584 4040 ή
600 3985 629 4024 τε
645 3965 714 4044 κυφά
730 3963 813 4026 Ἄννα
832 3963 878 4024 καὶ
895 3967 912 4040 ή
929 3965 997 4044 κυρά
1013 3964 1116 4044 Μαρία,
1139 3962 1186 4024 καί
1205 3966 1223 4039 ἡ
1245 3965 1372 4024 ποθεινο-

76 4090 139 4164 τάτη
164 4108 217 4162 μου
241 4087 354 4164 ἐγγάνη,
378 4085 447 4166 κυρίι
463 4084 565 4165 Εἰρήνη
587 4086 766 4164 ήΔούκαινα,
791 4083 894 4158 ἕξουσιν
919 4081 1026 4164 ἄδειαν,
1049 4085 1129 4144 ύττάτε
1152 4083 1199 4145 καί
1223 4085 1373 4164 βούλοιντο,

78 4206 103 4264 ἐν
125 4211 225 4278 πάσαις
247 4210 306 4278 ταῖς
329 4205 415 4278 θείαις
437 4205 575 4279 συνάξεσιν
591 4205 638 4266 καί
655 4205 737 4285 ἐντῷ
752 4205 840 4288 καιρῷ
855 4213 904 4282 τῆς
926 4208 1071 4278 ἑστιάσεως
1094 4207 1373 4280 συνεκκλησιάζεσθαι

78 4329 119 4388 καί
141 4329 408 4412 συνεστιᾶσθαιιταῖς
431 4329 619 4408 μοναζούσαις,
641 4331 715 4404 πλὴν
732 4329 802 4404 μετὰ
823 4328 870 4388 δύο
893 4333 1029 4406 γυναικῶν
1053 4329 1139 4388 αύτῶν
1155 4330 1173 4402 ή
1189 4332 1277 4406 τριῶν.
1308 4327 1374 4404 ήδέ

77 4449 138 4530 θύρα
159 4452 179 4526 ἡ
200 4448 347 4530 εἰσάγουσα
363 4449 401 4522 εἰς
421 4445 526 4536 [πἠνίέ)
547 4451 672 4524 τοιαύτην
692 4451 777 4526 μονὴν
793 4449 846 4510 άπθ
861 4454 908 4510 τού
927 4451 1026 4529 μέρους
1040 4456 1095 4509 τῶν
1111 4449 1276 4509 δεσποτικῶν
1292 4446 1372 4523 οἰκη-

179 4710 199 4776 Ι)
212 4707 334 4759 ἀποκλίνει
347 4709 382 4760 Μ,
436 4709 457 4775 ²)
472 4705 742 4778 ἐξαμιιίσοιτιροτθά.
796 4710 817 4774 ³)
832 4707 891 4774 μετὰ
904 4707 1108 4777 συμπληρῶσιως
1120 4708 1158 4760 Μ.
1208 4709 1231 4773 ⁴)
1244 4705 1372 4774 Supplev.

1117 4813 1167 4863 θῶ*
