3194 5298
1273 331 1332 396 175

44 527 184 606 εὑρεθῆναι
207 529 271 607 ἔχει
280 527 305 610 ¹)
333 529 392 588 τινόι
418 533 546 608 συγγενῆ,
573 529 616 588 ἵνα
643 535 757 608 τηρῆται
782 529 798 586 ό
825 529 883 604 βίος
910 530 990 590 αὑτοῦ
1016 529 1088 598 ἅπας
1113 527 1188 606 παρά
1213 531 1267 586 τῶν
1293 523 1334 598 εἰς

42 653 113 709 τούτο
137 649 351 728 άπσταχύέντων
373 651 514 731 ὑπηρετῶν
535 650 610 731 παρὰ
631 654 681 726 τῆς
703 648 847 722 βασιλείας
874 669 926 724 μου
953 648 1024 724 μετὰ
1050 646 1183 723 εἰδήσεως
1203 654 1251 708 τοὺ
1272 649 1334 708 τότε

43 772 235 850 εὑρισκομένου
257 769 297 844 είς
318 773 443 852 κεφαλὴν
465 773 562 851 αὑτῶν,
589 769 636 832 καὶ
663 769 880 853 εἰσκομίζηταιέ)
906 771 970 850 παρ’
987 772 1075 830 αὑτῶν
1097 770 1112 828 ό
1134 773 1253 842 τοιοῦτος
1275 769 1334 846 βίος

44 893 80 966 εύς
102 895 242 956 ἀνάκτισιν
268 891 316 954 καί
342 891 511 977 όχύρωσινθ)
539 891 585 954 καὶ
612 891 763 972 ἀσφάλειαν
790 897 835 954 τού
862 893 982 954 τοιούτου
1004 890 1120 974 κάστρου
1141 899 1191 969 τῆς
1213 893 1333 970 Μονεμ-

42 1016 148 1097 βαοίας,
171 1015 219 1077 καὶ
241 1013 423 1090 ἐξεταΖωυται
445 1015 471 1076 οί
492 1019 607 1078 τοιούτοι
628 1015 758 1096 ὑπηρέται
783 1015 858 1096 παρὰ
883 1021 932 1092 τῆς
959 1017 1085 1096 κεφαλῆς
1110 1013 1158 1076 καί
1185 1013 1335 1076 ἀποδίδωσι

35 1140 106 1218 πρός
134 1139 216 1198 αὑτόν
238 1138 427 1219 λογαριασμόν
453 1135 500 1198 καί
523 1135 684 1214 ἐξάντλησιν
706 1137 772 1216 ὑπὲρ
799 1137 892 1198 τούτου
913 1141 960 1198 τοῦ
982 1137 1051 1220 βίου,
1078 1136 1126 1198 καὶ
1148 1139 1219 1214 μήτε
1243 1135 1282 1209 εἰς
1303 1139 1334 1198 τό

46 1259 195 1340 βεσιιάριον
217 1265 268 1336 τῆς
290 1259 433 1342 βασιλείας
455 1280 507 1335 μου
530 1256 724 1343 είσέρχηταίύ)
747 1279 771 1320 τι
790 1259 845 1320 ἀπό
859 1260 962 1339 τούτου,
986 1262 1056 1335 μήτε
1071 1261 1089 1334 ἡ
1104 1260 1213 1340 κεφαλὴ
1237 1259 1335 1342 αὑτῶν,

44 1385 110 1456 μήτε
132 1383 226 1456 ἀλλος
247 1404 287 1455 τις
310 1383 364 1464 ἔχη
386 1381 430 1444 ἐπ’
442 1380 538 1453 ἀδείας
559 1380 658 1454 λαβεῖν
684 1378 715 1454 ἐξ
743 1383 822 1442 αὑτοῦ
845 1381 962 1464 διὰικόν
986 1385 1034 1442 ἕνα
1056 1383 1164 1463 τρόπον,
1193 1381 1260 1442 ἀλλ’
1274 1381 1335 1443 εἰσ-

45 1504 222 1588 κομίζηταιῦ)
244 1505 319 1587 παρὰ
340 1511 394 1566 τῶν
416 1504 556 1586 ὑπηρετῶν
578 1504 644 1583 ὑπὲρ
665 1510 714 1564 τοῦ
735 1507 862 1584 κάοτρου,
893 1505 931 1577 ὡς
954 1504 1126 1580 δεδήλωται·
1166 1503 1268 1580 ὁμοίως
1289 1503 1338 1566 καὶ

45 1625 101 1684 όοαι
124 1627 221 1702 ζημίαι
242 1624 290 1686 καὶ
311 1625 413 1708 κρίσεις
435 1628 568 1706 γένωνται
590 1629 658 1707 πρός
679 1647 754 1698 τινας
777 1624 817 1700 εἰς
838 1626 887 1704 τὴν
908 1631 1003 1708 χώραν
1025 1630 1124 1704 ταύτην
1146 1633 1196 1704 τῆς
1217 1629 1336 1703 Μονεμ-

47 1747 152 1828 βασίας,
175 1748 220 1808 ἵνα
242 1747 408 1809 ἀποδιδῶται
419 1745 445 1832 ⁸)
473 1745 520 1808 καί
547 1749 614 1826 αύιη
640 1750 708 1827 πρός
733 1748 795 1822 τούς
820 1749 955 1821 τοιούτους
981 1750 1116 1830 ὑπηρέτας
1138 1748 1178 1820 εἰς
1201 1749 1337 1812 ἀνάκτισιν
1411 1763 1416 1779 ·

47 1867 89 1928 καὶ
111 1869 264 1948 ἀσηαλειαν
285 1874 332 1931 τοὺ
353 1867 481 1951 κάστρου,
508 1865 580 1930 κατὰ
605 1871 654 1945 τὴν
682 1869 723 1943 εἰς
748 1875 826 1932 τοῦτο
849 1872 953 1932 ἄνωθεν
974 1870 1022 1931 καί
1045 1867 1077 1942 ἐξ
1099 1871 1188 1952 ἀρχῆς
1209 1868 1284 1944 τάξιν
1306 1891 1337 1931 τε

48 1989 90 2048 καί
112 1994 265 2072 συνήθειαν,
288 1991 335 2052 καὶ
350 1967 509 2054 Δοἰττοόιόιὺσι
536 1990 583 2052 καὶ
609 1991 675 2074 ὑπὲρ
702 1993 801 2070 ταύτης
827 1993 1017 2072 λογαριασμόν
1043 1994 1111 2074 πρός
1137 1991 1186 2068 τὴν
1213 1993 1337 2072 κεφαλὴν

49 2111 141 2174 αὑτῶν.
186 2111 234 2174 καὶ
261 2111 302 2186 εἰς
327 2113 376 2192 τἠν
404 2112 467 2196 περὶ
491 2115 584 2176 τούτου
611 2112 731 2190 δήλωσιν
759 2115 870 2194 ἐγένετο
897 2115 966 2196 πρός
996 2113 1091 2187 αὑτούς
1121 2111 1169 2174 καί
1199 2115 1215 2172 ό
1243 2114 1338 2195 παρὼν

51 2235 157 2313 ὁρισμός
177 2242 227 2312 τῆς
250 2235 394 2312 βασιλείας
416 2257 468 2312 μου
490 2235 568 2313 μηνί
592 2235 782 2316 δεκεμβρίῳ
807 2235 864 2298 tva.
886 2233 909 2310 ς’
932 2240 988 2298 τοῦ
1011 2234 1116 2318 ,ςῖὑνά
1144 2237 1237 2308 ἔτους
1259 2241 1287 2314 †.

148 2361 164 2434 η
187 2358 359 2433 Δεσπότης
382 2357 396 2417 ό
419 2357 734 2438 Πορηυρογέννητος
756 2362 781 2436 ὑ.

149 2519 249 2574 Edidit
268 2517 318 2590 Sp.
334 2519 468 2574 Lambros
488 2520 517 2574 in
531 2519 703 2590 Ενρὺιιτιονίά.
722 2515 890 2595 Παρνασσός.
915 2519 1034 2575 Athenis.
1055 2523 1146 2576 1883.
1174 2519 1248 2576 Τοινν.
1273 2521 1339 2575 VII.

50 2639 76 2690 ρ.
89 2625 158 2677 472.

312 2963 372 3029 ΙΧ.
398 2963 622 3050 7078-1570,
645 2985 757 3030 mense
779 2963 865 3051 iulio,
888 2964 954 3030 ind.
978 2964 1073 3030 XIII.

59 3141 173 3213 Syrwdm
195 3145 337 3216 confimat
358 3149 543 3218 metropolitae
563 3147 764 3204 Μονιωιιύασόαε
787 3150 901 3221 antiqua
913 3149 984 3218 jura
1006 3155 1031 3202 et
1044 3148 1195 3220 pn'vileqia
1214 3147 1339 3202 ecclesiae

362 3253 525 3322 praesertim
540 3253 630 3324 ητιοαά
645 3253 817 3324 episcopatus
832 3255 859 3308 σο·
876 3253 1016 3322 subjectos.

151 3459 167 3532 †
191 3452 281 3514 Ἀλλὰ
306 3452 354 3514 καί
376 3456 499 3532 Μωυσῆς
525 3456 541 3514 ό
569 3455 738 3536 δημαγωγός
766 3455 860 3540 ἐριστᾷ
886 3457 937 3532 μὲν
958 3455 998 3536 τῷ
1019 3453 1084 3535 λαῷ
1106 3453 1154 3516 καί
1175 3456 1341 3536 χιλιάρχους

60 3571 100 3632 καὶ
124 3576 341 3657 ἑκατοντάρχους
368 3575 416 3636 καί
446 3577 508 3648 τούς
534 3575 684 3656 κρίνοντας,
714 3577 788 3654 πλὴν
816 3577 844 3636 τί
867 3597 892 3638 τι
919 3578 994 3658 ῥῆμα
1020 3577 1171 3658 ὑπέρογκον
1199 3576 1246 3637 καί
1268 3580 1341 3638 Μω-

61 3699 146 3773 σαϊκῆς
169 3698 303 3775 δεόμενον
327 3697 486 3778 ἐπικρίσεως
507 3698 591 3760 πάλιν
612 3700 681 3780 πρός
703 3699 782 3759 αὑτόν
806 3700 959 3782 ἀνεφέρετο,
987 3698 1116 3760 κάκεῖθεν
1138 3699 1169 3758 τό
1191 3699 1273 3771 τέλος
1295 3698 1342 3760 καὶ

62 3815 102 3890 τἠν
122 3819 250 3896 σύμβασιν
274 3817 482 3898 ἀπελάμβανεν,
505 3820 591 3892 οὑτως
612 3818 660 3880 καὶ
681 3820 697 3878 ό
718 3826 768 3896 τῆς
790 3820 932 3901 ίεραρχίας
954 3822 1054 3897 θεσμός
1076 3819 1124 3882 καὶ
1145 3821 1207 3894 τούς
1227 3822 1341 3882 ἐπισκο-

64 3942 164 4014 τούντας
192 3943 244 4018 μὲν
270 3943 330 4014 ταῖς
353 3942 507 4020 ἑκασταχοῦ
527 3946 576 4019 τῆς
599 3940 762 4019 οἰκουμένης
784 3943 948 4022 ἁγιωτάταις
966 3942 1132 4020 Ιἐκκλησίαις
1155 3944 1275 4023 ἐφίστησι
1295 3941 1343 4002 καὶ

65 4056 144 4123 όίόωοι
172 4063 235 4136 τούς
264 4063 423 4140 κηδεμόνας
451 4061 490 4142 τῷ
520 4063 554 4124 ἐκ
575 4064 690 4143 Χριστοῦ
721 4066 972 4145 παρονομαζομένῳ
1001 4065 1166 4144 πληρώματι
1188 4063 1236 4124 καί
1259 4065 1341 4144 ἀρχι·

66 4187 206 4257 επισκόποις
227 4186 379 4246 πιστεύεται
401 4185 463 4258 τούς
484 4187 670 4258 πιστεύοντας·
695 4185 799 4246 δίκαιον
822 4186 846 4246 δ’
860 4189 892 4246 ἂν
916 4185 958 4262 είη
981 4187 1099 4266 πάντως,
1122 4185 1151 4245 εἴ
1170 4207 1193 4245 τι
1213 4207 1266 4246 που
1284 4189 1344 4258 ταῖς

68 4299 212 4382 ἐκκλησίαις
233 4307 450 4368 σκανδαλοποίον
475 4307 599 4386 ἐγγίνετο
621 4306 668 4368 καί
691 4307 850 4388 ἀμηίμαχον
877 4307 924 4368 καί
947 4310 995 4384 την
1016 4312 1063 4368 τοῦ
1086 4309 1234 4368 ἐπισκόπου
1257 4310 1342 4390 ὑπερ-

68 4473 256 4491 κι--ι

157 4595 177 4660 ¹)
196 4589 259 4663 ἔχειν
271 4591 302 4644 L.
375 4592 397 4659 ²)
415 4589 575 4661 είσκομίζεται
589 4593 620 4642 L.
692 4593 714 4660 ³)
733 4589 858 4662 άιρύρωσιν
870 4594 901 4644 Ι...
972 4594 993 4660 ⁴)
1013 4591 1147 4663 εἰσέρχεται
1159 4594 1190 4646 L.
1262 4594 1282 4657 ⁸)
1296 4591 1344 4642 σίσ-

69 4683 176 4752 ῑνμίζετοιι
193 4689 224 4740 L.
294 4689 317 4756 θ)
336 4685 476 4740 άποδίδοται
494 4689 525 4739 L.
