3194 5298
1272 359 1334 424 143

53 552 176 632 τηρεῖσθαι
198 552 276 634 ὅλως
298 553 423 634 ἀνέπαφα
444 552 491 614 καὶ
509 561 563 614 τῶν
579 553 675 616 ἀλλων
691 555 766 614 ὅλων
788 554 1048 635 καθυπερτερήσουσι
1072 556 1170 616 τέλεον
1185 553 1233 615 καί
1247 557 1336 632 πάσης

55 674 237 736 ἀπολαύσουσιν
263 676 421 757 ἐλευθερίας
444 675 490 736 καί
513 676 641 760 ἀνέσεως,
665 679 717 738 κάν
741 675 780 748 είς
804 674 947 754 ἐπαύξησιν
970 677 1010 737 ότι
1031 677 1162 753 πλείστην
1184 676 1223 756 τῷ
1245 680 1337 757 χρόνῳ

54 797 169 878 έιπὸοῐεν,
198 799 255 877 νέῳ
283 797 315 858 δὲ
342 795 389 858 καὶ
415 801 573 878 καινορανεί
599 798 677 878 βάρει
704 798 873 874 τελέσματος
899 801 917 873 ἢ
942 799 1071 880 ἐπηρείας
1093 799 1140 860 καὶ
1162 799 1336 876 καινοτομίας

53 922 180 1000 ἡμαρᾶς
201 923 221 996 ἢ
244 920 370 994 μείζονος
391 919 520 996 οὐδαμῶς
541 918 840 1000 καθυποβληθήσονται,
863 918 909 980 καί
931 923 999 1001 πρός
1020 942 1054 999 γε
1076 925 1208 1018 ροσσοίτου
1225 922 1335 983 διελεύ-

54 1060 112 1110 οεως
133 1039 181 1100 καὶ
204 1040 377 1121 βεστιαριτῶν
399 1039 446 1101 καί
470 1041 645 1121 μανδατόρων
667 1040 713 1102 καὶ
737 1041 839 1102 λοιπῶν
862 1041 1012 1116 βασιλικῶν
1032 1042 1179 1122 ἀνθρωπων
1193 1044 1242 1119 πἠν
1258 1043 1335 1104 οἱαν-

54 1159 142 1235 δήποτε
170 1161 299 1222 δουλείαν
326 1164 355 1222 ἐν
381 1165 439 1235 τοῖς
465 1161 618 1242 εἰρημένοις
644 1164 742 1238 θέμαοι
769 1163 979 1242 μετερχομένων
1006 1167 1024 1238 ἢ
1051 1162 1099 1224 καὶ
1124 1165 1196 1224 κατὰ
1217 1165 1335 1246 πάροδον

55 1281 229 1362 διερχομένων
259 1285 383 1364 ὑπεράνω
415 1285 521 1344 ἔσονται
548 1282 595 1344 καί
620 1283 757 1366 ἀγγαρείᾳ
778 1281 857 1366 καὶῑ)
880 1285 1074 1368 παραγγαρείᾳ
1095 1288 1169 1366 παρά
1190 1307 1261 1360 τινος
1283 1293 1335 1348 τῶν

55 1407 171 1465 τοιούτων
194 1408 226 1466 σύ
246 1407 503 1484 καθυπαχθησσνται
525 1405 586 1466 οὔτε
609 1405 693 1486 αύτοί,
717 1404 777 1465 ούτε
799 1405 833 1464 τά
855 1404 913 1484 ζῷα
933 1407 1041 1486 τούτων,
1065 1405 1126 1467 οὔτε
1149 1405 1188 1480 εἰς
1209 1410 1335 1489 παροχὴν

54 1533 143 1606 χρειῶν
174 1528 371 1604 ἑλκυθτίσονται
399 1536 452 1620 τῶν
480 1528 618 1598 δικασταῖς
646 1531 663 1601 ἢ
689 1529 851 1608 πράκτορσιν
877 1530 896 1601 ἢ
923 1531 980 1600 τοῖς
1010 1529 1112 1588 ἀνωθεν
1141 1529 1337 1608 ἠριθμημένοις

55 1646 203 1728 διδομένων,
234 1645 303 1710 ἀλλ’
315 1650 384 1710 οίπω
412 1649 565 1724 διαμενοῦσι
591 1651 675 1708 ταῦτα
703 1648 732 1707 ἐν
759 1646 893 1731 ἀταραξίᾳ
913 1652 987 1733 πάσῃ
1009 1648 1057 1710 καὶ
1079 1649 1160 1734 ἀδείᾳ
1181 1650 1228 1711 καὶ
1249 1655 1337 1712 πάντα

55 1769 126 1846 ρόβον
154 1771 349 1851 ἐπηρεαπικόν
375 1769 422 1832 καὶ
443 1770 564 1832 κίνδυνον
587 1769 795 1851 ἀπορραπίσουσι
818 1767 864 1830 καὶ
887 1770 1156 1847 ἀποδιατομπηυουσι
1178 1775 1270 1852 πόρρω
1291 1794 1336 1834 ποι

58 1893 93 1971 ἐρ’
102 1895 212 1966 ἑαυτῶν,
236 1896 275 1966 ῶς
298 1894 327 1954 ἐν
350 1893 495 1972 ἀκυμάντῳ
517 1893 647 1954 πάντοθεν
670 1891 762 1968 λιμένι
785 1892 874 1952 δοκεῖν
899 1891 1084 1973 ἐνορμίζεοθαι
1106 1893 1153 1954 καί
1175 1893 1336 1970 μηδαμόθεν

55 2015 131 2092 ζαλην
153 2019 172 2090 ἢ
194 2015 350 2092 διασεισμδν
372 2013 420 2076 καὶ
442 2015 551 2090 βλάβην
572 2015 631 2075 τινά
653 2015 807 2096 προσδοκᾶν
829 2018 847 2090 ἢ
870 2015 1013 2095 ὑπερτίμου
1036 2017 1117 2078 δόσιν.
1143 2015 1189 2076 καὶ
1212 2017 1255 2076 ίνα
1270 2036 1335 2076 συν-

56 2139 206 2219 εκτικοτέρῳ
232 2138 312 2218 λόγῳ
338 2139 356 2213 ἡ
383 2143 437 2198 τῶν
463 2137 624 2217 λεγομένων
653 2137 765 2212 δύναμις
791 2137 981 2218 περιληφθείη,
1012 2141 1051 2210 ῶς
1076 2159 1126 2198 τινι
1149 2139 1267 2218 μεγάλῳ
1289 2137 1336 2198 καὶ

57 2257 181 2338 ἀντλῶτῳ
201 2259 334 2320 πάντοθεν
357 2259 511 2340 ὀχυρώματι
534 2265 567 2342 τῇ
589 2258 788 2340 χρυσοβούλλῳ
810 2260 893 2343 ταύτῃ
913 2259 948 2319 δι’
961 2258 1058 2333 αἰῶνος
1073 2262 1271 2340 ουντηρούμενα
1285 2261 1336 2344 ύηῄ

57 2381 84 2438 τό
108 2386 153 2442 τοῦ
182 2381 326 2462 εἰρημένου
356 2383 503 2462 μαγίστρου
528 2380 575 2442 καί
603 2385 694 2463 κριτοΰ
724 2386 771 2442 τοῦ
800 2383 888 2458 βήλοιι
911 2379 1033 2442 καὶτῶν
1057 2380 1207 2463 εἰρημένων
1231 2384 1336 2462 εύσγῶν

57 2501 128 2562 οίκων
150 2505 265 2586 ἅπαντα,
288 2505 351 2564 καθ’
363 2505 394 2564 δν
416 2506 516 2585 ἐρρήθη
539 2507 637 2584 τρόπον
660 2506 776 2585 ἔσονται,
799 2507 887 2564 πάντα
909 2507 953 2565 τόν
970 2504 1025 2566 εἴτε
1042 2504 1257 2585 ἐπιχειρήσαντα,
1281 2505 1337 2566 εἴτε

58 2623 102 2700 μὴν
127 2625 173 2686 καὶ
198 2623 428 2707 προσδοκώμενον
456 2627 603 2707 ἐπηρεάσαι
626 2627 737 2707 τούτοις,
770 2629 809 2700 ὡς
836 2626 876 2700 εἰς
899 2626 1006 2708 μακρὰν
1029 2627 1267 2710 ἀποπέμψοιταά)
1290 2627 1337 2688 καὶ

57 2747 168 2829 καθάπερ
198 2748 232 2809 ἐκ
258 2755 399 2829 περιωπῆς
421 2749 594 2828 ύμηλοτάτιης
617 2749 814 2830 ἀκροβολισμῷ
836 2750 907 2810 κατὰ
927 2751 1028 2822 παντός
1049 2750 1168 2811 τοιούτου
1190 2753 1337 2830 χρήσονται

58 2865 97 2926 ταί
115 2875 161 2947 της
184 2871 217 2932 ἐκ
238 2873 331 2932 τοίπου
353 2869 463 2948 βλάβης
484 2871 531 2932 καί
546 2872 646 2948 ζημίας
661 2871 862 2952 ύπερκείτονπαι
876 2869 923 2931 καί
938 2874 1067 2954 καθαρῶς
1080 2871 1334 2950 ἀπαλλαγήσονται,

59 2987 316 3070 ἐξιουσοενθήσονται
339 2994 370 3054 δὲ
392 2993 439 3054 καὶ
461 2995 514 3054 ἀπό
541 2996 657 3070 μιτάτων
665 2991 690 3078 ³)
713 2994 852 3075 ἀρχόντων
874 2999 1049 3072 τογματικῶν
1070 2998 1088 3070 ἡ
1111 2995 1273 3074 θεμαπικῶν,
1296 2994 1335 3054 ἔτι

59 3131 83 3171 τε
102 3113 178 3191 Ῥόης,
201 3117 357 3197 Βαράγγων
378 3113 396 3191 ἢ
419 3115 604 3196 Κουλπίγγων
631 3121 649 3192 ἢ
673 3119 814 3198 Φράγγων
836 3119 854 3192 ἢ
877 3115 1044 3196 Βουλγάρων
1066 3118 1267 3196 ὴΣσιρακηνῶν
1289 3113 1336 3174 καὶ

61 3233 145 3294 ἀλλων
168 3243 248 3297 τινῶν
278 3237 483 3315 ἀντιμισαιικῶν
515 3239 663 3314 ἀπλήκπων
692 3238 738 3298 καὶ
768 3245 817 3315 τῆς
842 3238 908 3319 ὑπὲρ
938 3238 992 3297 τῶν
1023 3239 1171 3314 ἀπλήκτων
1202 3237 1336 3319 χορηγίας

61 3359 257 3441 μεσαπλήκτων,
292 3365 400 3442 κριτῶν,
431 3360 594 3442 ἀπαιτητῶν,
626 3361 788 3441 ἀρχηγετῶν
818 3359 864 3422 καὶ
891 3361 996 3421 λοιπῶν
1025 3361 1160 3441 ἀπάντων,
1191 3361 1338 3432 ἐπιθέσεως

61 3485 267 3564 μονοπροσῶποιι,
299 3482 402 3555 δόσεως
430 3484 575 3543 κανιοκίων
603 3485 622 3558 ἡ
653 3483 845 3543 ἀντικανίσκων
854 3481 879 3564 ⁴)
909 3483 1036 3542 παλαιῶν
1065 3502 1096 3542 τε
1122 3479 1243 3543 καὶτῶν
1267 3481 1337 3558 μετά

61 3605 131 3662 ’.οὖτα
149 3603 214 3677 ἴσως
238 3603 400 3679 μελλόντων
421 3605 541 3683 τεθῆναι,
572 3607 756 3685 σιταρκήοεως
778 3607 911 3684 νάστρων,
936 3604 1039 3685 ἀγοράς
1061 3605 1226 3688 μουλαρίων,
1251 3623 1336 3680 μεσο-

63 3723 209 3806 μουλορίων,
234 3725 399 3807 βορδωνίων,
423 3725 657 3808 μεσοβομδωνίων,
681 3726 778 3804 ἵππων,
800 3726 942 3806 παρίππων
950 3723 985 3809 ⁵),
1013 3726 1213 3806 ὅνσκηλωνίων,
1236 3725 1337 3802 ὅνοθη-

64 3840 140 3916 λειῶν,
162 3847 317 3931 φορβάδων,
334 3847 406 3922 βοῶν
422 3849 572 3930 ἐργατικῶν
588 3846 634 3908 καὶ
651 3847 801 3928 ἀγελαίων,
816 3847 928 3928 χοίρων,
944 3847 1098 3929 προβάτων,
1115 3845 1210 3926 αἰγῶν,
1227 3847 1336 3926 ἀγελα-

65 3959 126 4047 ἰίων,
145 3967 311 4052 βονβαλίων,
333 3975 421 4030 κυνῶν
436 3969 600 4050 λαγωνικῶν
615 3969 661 4032 καί
677 3970 780 4031 λοιπῶν
796 3970 969 4050 τετραπόδων
984 3965 1071 4050 ζῴων,
1094 3977 1219 4051 παροχῆς
1234 3991 1336 4050 γεννη-

66 4089 141 4158 μάτων
163 4089 193 4164 ἐξ
216 4087 323 4171 ἀγορᾶς
344 4093 537 4171 γεγενημένων
545 4091 569 4174 6)
592 4095 610 4168 ἢ
631 4092 724 4167 ἀλλης
739 4089 835 4171 αἰτίας,
860 4091 960 4170 ἀνοχῆς
975 4097 1021 4152 τοῦ
1037 4091 1147 4173 δρόμου,
1171 4090 1336 4176 οίκομοδίου,

66 4209 305 4298 ιινμοδρομίκωνί),
320 4213 470 4294 προσοδίων
481 4213 639 4296 άερικῶνδ),
656 4220 784 4297 συνωνης,
801 4211 951 4296 στρατείας,
966 4221 1106 4294 καπνικοῡ,
1121 4213 1337 4296 καστροκτισίας,

67 4327 235 4414 ίδοιτρωσίας,
267 4336 489 4421 γεηυρῶοοωςθ),
518 4333 695 4416 ταξατιῶνος,
727 4339 970 4415 ματζουκατιῶνος,
999 4342 1126 4417 παροχῆς
1151 4341 1253 4418 χρειῶν
1283 4341 1337 4398 τῶν

69 4447 253 4466 Ἀ...

155 4527 172 4590 ¹)
189 4521 205 4588 ἤ
224 4525 249 4577 Β.
321 4525 341 4593 ²)
359 4523 539 4594 ἀποπέμπονται
557 4528 583 4579 S.
654 4526 675 4591 ³)
695 4523 793 4593 μιτάτσυ
812 4527 838 4578 Β.
909 4525 931 4591 ⁴)
950 4523 1073 4575 κανισκίον
1091 4524 1106 4588 ἢ
1126 4519 1291 4576 ἀντικανίοκον
1310 4525 1336 4577 Β.

70 4612 225 4684 Ιἰκιιριιτσιίων
243 4621 271 4672 S.
341 4621 364 4688 ο)
381 4619 538 4690 γεγενημένης
557 4621 582 4673 Β.
654 4621 676 4688 ί)
695 4617 869 4689 κωμοδρομίας
882 4619 909 4672 S.
979 4619 1000 4687 ⁸)
1017 4617 1114 4689 ἀερικοῦ
1127 4621 1153 4674 S.
1224 4619 1245 4686 ο)
1264 4635 1337 4688 γεφυ-

71 4710 145 4774 ιντύτ
161 4715 186 4767 S·
