3240 5286
1288 353 1349 421 251

59 561 167 638 ασραλῆ
197 559 289 633 μένειν
318 563 544 638 παρασκευάσειε,
574 559 636 630 τοῦς
667 559 697 618 δὲ
719 560 750 618 τδ
778 560 907 639 πρότερον
931 559 1012 630 αῦτδς
1035 557 1215 633 δειμαμένους
1237 551 1352 614 κάκεῖνα

58 683 165 752 τείποις
199 681 401 760 ἀφιερῶσαιτοις
428 678 467 752 είς
497 681 635 758 ἐγκώμιον
666 680 715 741 οῖικ
745 680 867 740 ἔλαττον.
913 683 940 740 οἱ
963 680 1013 754 μὲν
1035 679 1089 760 γάρ
1111 676 1249 758 πρσσῆξαν
1271 681 1354 748 αὑτὰς

58 801 98 879 τῷ
127 799 191 879 θεῷ,
222 800 248 862 οἱ
271 800 373 876 δὲτὴν
400 803 552 882 ἀσφάλειαν
574 803 674 862 τοῦτων
697 802 964 882 ἐπραγματεύσαντο.
1010 803 1077 881 ὅπερ
1104 801 1154 860 οῦκ
1177 803 1208 859 θν
1232 799 1354 860 άλλοθέν

59 945 110 1004 περ
132 925 247 1005 γένοιτο,
269 925 289 998 ἢ
313 923 345 984 ἐκ
366 923 581 1005 χρυσοβοῦλλων
603 923 697 1004 λόγων
720 923 766 984 καὶ
789 929 992 1005 πατριαρχικῶν
1015 922 1168 1002 σιγιλλίων,
1197 923 1353 998 δυναμένων

59 1046 158 1126 πολλῷ
179 1067 213 1126 γε
236 1044 275 1124 τῷ
296 1047 423 1126 περιιόντι
444 1041 493 1117 τὰς
516 1046 604 1125 ὁρμάς
626 1052 680 1106 τῶν
701 1047 876 1106 πλεονεκτῶν
899 1044 1078 1106 ἀναστέλλειν
1100 1041 1217 1120 κοίτην
1238 1044 1353 1104 ἐλευθε-

60 1169 118 1248 ρίαν
140 1171 233 1241 αὐταῖς
254 1169 397 1248 παρέχειν,
421 1169 460 1240 ῶς
481 1169 499 1243 ἡ
521 1168 649 1247 πρόθεσις
667 1164 701 1246 ἦν
726 1165 756 1242 ἐξ
776 1167 866 1248 ἀρχῆς
880 1173 934 1228 τῶν
949 1167 1032 1241 αίιτδις
1047 1167 1230 1245 δειμαμένων,
1255 1167 1285 1228 οὺ
1301 1167 1354 1242 μὴν

60 1291 136 1353 ἀλλὰ
156 1290 204 1352 καὶ
224 1289 311 1366 τιμῶν
333 1295 522 1365 πνευματικῶν
546 1286 683 1362 ἀξιοῦσθαι
705 1289 747 1349 δεῖ
768 1291 834 1370 παρ’
844 1291 934 1371 ἡμῶν,
957 1292 1004 1350 άτε
1027 1295 1077 1365 τῆς
1096 1291 1164 1370 πρδς
1179 1289 1261 1360 αὑτὰς
1275 1295 1355 1365 τιμῆς

60 1413 104 1474 ἐπὶ
132 1415 177 1474 τδν
206 1412 316 1492 κτίτορα
345 1413 445 1474 τοῦτων
473 1412 706 1493 παραπεμπούσης
735 1413 781 1472 τθν
811 1413 931 1493 ἔπαινον,
962 1409 994 1486 ἐξ
1016 1405 1053 1472 ὧν
1075 1413 1124 1488 τῆν
1147 1431 1176 1472 τε
1206 1410 1354 1492 προθυμίαν

61 1536 146 1594 ω’πῶν
173 1535 243 1596 ἐστιν
266 1531 416 1610 ἐπαυξῆσαι
437 1531 485 1594 καί
508 1534 614 1607 ἄλλους
634 1533 702 1614 πρὸς
723 1535 769 1594 τδν
791 1535 885 1611 όμσιον
908 1535 994 1612 ζῆλον
1017 1533 1170 1616 διερεθίσαι.
1217 1531 1256 1606 είς
1277 1537 1354 1596 τοῦτο

62 1657 93 1718 δὲ
113 1651 194 1718 τείνει
213 1656 249 1716 τὰ
271 1661 317 1718 τοῦ
347 1660 456 1718 σκοποῦ.
503 1656 600 1731 ἐπειδὴ
626 1654 712 1718 τοίνυν
739 1654 786 1716 καὶ
812 1657 828 1716 ό
850 1654 950 1729 οἰκεῖος
970 1659 1017 1716 τοῦ
1039 1655 1179 1736 κρατίστου
1206 1654 1253 1717 καὶ
1275 1656 1354 1737 ἁγίου

62 1801 113 1854 μου
135 1779 273 1854 βασιλέως
296 1776 342 1839 καὶ
365 1775 562 1860 αῦτσκράτορος
583 1777 674 1858 κυρίου
689 1761 843 1861 Νικηφόρου
864 1782 911 1839 τοῦ
934 1781 1034 1856 Φωκᾶ,
1057 1783 1103 1838 τοῦ
1126 1778 1155 1838 ἐν
1179 1776 1249 1859 ἁγίῳ
1271 1779 1355 1839 πνεῦ-

62 1923 125 1976 ματι
146 1903 336 1962 πσθεινοτάτου
358 1899 414 1960 υίοῦ
434 1905 484 1976 τῆς
506 1903 586 1976 ἡμῶν
609 1903 793 1982 μετριότητος,
820 1902 910 1980 κῦρισς
934 1899 1066 1976 Ἰωάννης
1088 1901 1355 1982 Λαμπαρδόπουλος,

61 2024 213 2103 φιλόσοφος,
243 2024 478 2103 πρωτσσυκρήπης,
510 2023 557 2082 άτε
587 2023 689 2102 φάσεως
719 2027 757 2082 ῶν
788 2022 894 2102 ἀγαθῆς
927 2021 973 2084 καὶ
1002 2021 1113 2098 πολλὴν
1142 2009 1267 2104 περὶτὰ
1297 2025 1357 2083 θεῖα

61 2145 219 2220 ποιούμενος
245 2146 294 2220 τὴν
316 2144 453 2225 φροντίδα,
482 2144 567 2220 ζῆλόν
590 2164 620 2204 τε
642 2137 791 2220 ἀναλαβὼν
814 2145 906 2206 ἔνθεον
928 2143 975 2205 καὶ
998 2145 1124 2224 διάπυρον
1147 2146 1245 2226 ἔρωτα,
1275 2145 1356 2224 φιλο-

61 2266 130 2346 τίμῳ
157 2270 335 2347 χρησάμενος
363 2268 445 2348 χειρί,
475 2268 617 2348 όνῆγειρεν
641 2268 674 2328 ἐκ
696 2269 804 2349 βάθρων
828 2270 913 2344 μονὴν
936 2267 1009 2349 ίερδν
1034 2269 1063 2328 ἐν
1085 2274 1119 2350 πῆ
1142 2269 1357 2349 Πελοποννήσῳ,

61 2396 94 2468 τῇ
118 2389 238 2472 ἐπαρχίφι
259 2393 309 2466 τῆς
332 2390 530 2470 μητροπόλεως
545 2391 678 2450 Παλαιῶν
695 2391 819 2472 Πατρῶν,
842 2390 913 2450 κατὰ
935 2391 983 2466 τῆν
1008 2389 1113 2471 ἐνορίαν
1136 2396 1183 2466 τῆς
1207 2390 1357 2466 ἐπισκοπῆς

63 2511 293 2590 Λακεδαιμονίας,
315 2511 431 2587 πλησίον
452 2515 548 2592 χώρας
562 2513 756 2594 Δημηστάνης,
780 2514 810 2573 ἐν
832 2520 866 2594 τῇ
887 2511 1035 2596 τσπσθεσίφ
1052 2519 1102 2589 τῆς
1118 2515 1289 2594 Μονσπόρσυ,
1314 2513 1356 2573 ἐπ’

64 2637 172 2710 δνόματι
201 2635 358 2710 τιμωμένην
389 2640 439 2710 τῆς
468 2633 619 2715 ὑπεραγίας
652 2635 795 2710 δεσποίνης
824 2637 903 2710 ἡμῶν
935 2635 1072 2697 Θεοτόκου
1102 2634 1149 2695 καί
1182 2635 1358 2716 ἀειπαρθένου

65 2759 182 2838 Μαρίας,
204 2759 238 2832 ῆν
262 2755 307 2816 διδ
327 2755 376 2834 τῆν
398 2761 445 2817 τοῦ
466 2756 611 2836 φιλοσόφου
628 2757 781 2833 ἐπωνυμίαν
798 2758 884 2832 μονὴν
899 2762 946 2818 τοῦ
961 2757 1118 2837 Φιλοσόφου
1134 2757 1272 2818 ἐκάλεσαν
1288 2759 1359 2832 μετὰ

64 2886 151 2958 ταῦτα,
178 2881 248 2960 πρδς
274 2879 431 2954 καταμσνῆν
455 2880 626 2954 μσναζόντων
649 2879 753 2959 ἀνδρῶν
776 2877 823 2938 καί
845 2877 900 2957 θεῷ
923 2881 1113 2959 ἀφιερωμένων
1136 2884 1255 2958 ψυχικῆς
1279 2881 1358 2941 αὑτοῦ

64 3001 194 3082 σωτηρίας
221 3002 319 3060 ἕνεκα·
350 3001 415 3060 ναόν
437 3023 467 3060 τε
489 3001 690 3080 παρακείμενον
713 2998 760 3062 καὶ
782 3002 921 3082 φιλότιμον
944 3003 1146 3062 κατασκεθασεν
1171 3002 1199 3061 ἐν
1221 3003 1288 3084 αῦπῆ
1311 3001 1358 3062 καί

63 3123 183 3184 κελλίων
213 3121 362 3198 οἰκοδομάς
388 3121 435 3182 καὶ
465 3123 542 3183 ἀλλα
569 3123 629 3183 τινὰ
657 3124 845 3204 ἐργασάμενος
872 3125 940 3202 πρδς
968 3123 1113 3204 θεραπείαν
1141 3123 1187 3184 καί
1212 3125 1357 3184 ἀνάπαυσιν

64 3252 114 3304 τῶν
137 3245 336 3325 εὑρισκομένων
359 3243 388 3303 ἐν
411 3245 478 3326 αῦτῆ
500 3249 605 3324 ψυχῶν,
629 3245 721 3306 ἔτιδὲ
744 3245 791 3306 καὶ
814 3245 874 3325 ἱερὰ
893 3247 1028 3321 κειμήλια
1042 3244 1089 3306 καί
1104 3245 1286 3326 προσενέξεις,
1309 3247 1358 3317 τὰς

65 3367 113 3442 μὲν
139 3365 316 3446 ίδισποιῆσας,
346 3366 395 3438 τὰς
418 3367 450 3427 δὲ
478 3365 526 3427 καὶ
556 3367 627 3442 μετὰ
648 3371 732 3428 ταῦτα
754 3368 870 3444 μέλλων
891 3367 1069 3448 προσηλῶσαι
1092 3368 1121 3428 ἐν
1144 3369 1224 3452 αὐτῇ·
1256 3367 1357 3444 ιῆξίωσε

65 3490 95 3548 τά
117 3493 171 3567 νῦν,
201 3489 246 3548 ἵνα
271 3489 318 3549 καί
344 3490 419 3570 παρὰ
445 3495 494 3566 τῆς
519 3488 598 3567 ἡμῶν
627 3491 801 3569 μετριότητος
823 3493 892 3571 τῦχη
915 3491 1106 3569 σιγγιλιῶδαυς
1128 3493 1291 3571 γράμματος
1315 3489 1358 3552 ἐπὶ

66 3611 101 3690 τῷ
122 3613 319 3691 καθιερωθῆναι
342 3611 393 3688 μὲν
417 3611 459 3672 ἐπὶ
474 3611 662 3692 πατριαρχικῷ
680 3612 878 3694 οταυρσπηγίῳ,
900 3613 1070 3692 εὑρίσκεσθαι
1087 3612 1117 3674 δέ
1133 3611 1179 3672 καί
1194 3610 1233 3684 είς
1247 3613 1277 3671 τδ
1294 3609 1359 3690 ἑξῆς

67 3731 109 3793 ἐπὶ
130 3735 178 3807 τὴν
201 3727 272 3818 [τῆς]
294 3733 489 3814 πατριαρχείας
502 3735 521 3810 ¹)
544 3733 684 3815 περιωπῆν
707 3734 938 3795 ἀκαταδοόλωτόν
958 3757 989 3796 τε
1011 3735 1057 3796 καὶ
1080 3735 1288 3810 ἀκαταπάτητσν
1309 3735 1359 3794 ὑπό

66 3877 94 3915 τε
115 3859 160 3915 τοῦ
181 3855 253 3915 κατὰ
273 3857 383 3936 καιροὺς
406 3855 595 3936 εὑρισκομένου
618 3857 708 3918 ἐκεῖσε
732 3857 933 3938 μητροπολίτου
957 3859 1089 3918 Παλαιῶν
1107 3858 1220 3938 Πατρῶν
1243 3853 1358 3916 καὶτοῦ

69 3979 208 4037 ἐπισκόπου
234 3979 314 4037 αῦτοῦ
336 3977 567 4060 Λακεδαιμονίας,
598 3981 635 4052 ῶς
662 3979 799 4056 μηδεμίαν
830 3980 949 4058 ἐχόντων
974 3981 1002 4040 ἐν
1029 3977 1100 4059 αῦτῷ
1123 3975 1217 4038 ἄδειαν
1247 3981 1264 4052 ῆ
1288 3977 1358 4037 ἀνά-

67 4119 147 4178 κρισιν
168 4100 252 4158 ποιεῖν
274 4102 292 4173 ῆ
316 4099 436 4160 ἀπαιτεῖν
459 4103 523 4181 παρ’
536 4101 614 4160 αὑτοῦ
636 4103 667 4161 τδ
689 4103 781 4180 τυχόν.
812 4100 869 4162 ἰδοῦ
892 4103 940 4177 τῆν
962 4103 1055 4161 τοῦτου
1078 4099 1181 4178 αἴτησιν
1203 4097 1358 4182 προσδεξα-

70 4222 134 4295 μένη
161 4221 179 4294 ῆ
203 4223 344 4300 μετριότης
366 4223 454 4301 ἡμῶν,
489 4225 527 4294 ὡς
558 4222 669 4301 θεοφιλῆ
693 4221 740 4283 καί
769 4221 896 4296 καθάπαξ
925 4229 1025 4283 σκοποῦ
1052 4225 1222 4302 μετέχουσαν
1245 4222 1359 4302 ἀγαθοῦ,

69 4343 98 4402 εδ
118 4342 200 4420 παρδν
223 4341 401 4421 σιγιλλιῶδες
423 4347 541 4424 γράμμα
564 4344 725 4426 ἐπιχορηγεῖ
746 4351 778 4426 τῇ
803 4345 868 4427 αὐτῇ
892 4352 973 4428 μονῇ,
998 4344 1031 4404 δι’
1044 4339 1074 4406 οὗ
1098 4345 1132 4420 δὴ
1155 4343 1202 4404 καί
1218 4345 1359 4424 διορίζεται

69 4462 114 4524 καὶ
135 4463 315 4544 ἀποφαίνεται,
345 4465 389 4524 ἵνα
418 4465 436 4540 ἡ
459 4466 567 4542 τοιαῦτη
590 4465 649 4526 θεία
672 4467 742 4542 μονῆΙ
765 4471 815 4542 τῆς
839 4466 980 4544 Ιίαναγίας
1004 4488 1054 4542 μου
1077 4471 1122 4526 τοῦ
1146 4467 1314 4545 Φιλοσόφου,
1341 4468 1359 4543 ἡ

170 4727 187 4790 1)
204 4725 363 4794 Legeudum
381 4725 499 4778 videtur:
519 4723 557 4777 ἐπὶ
574 4723 617 4791 τὴν
636 4723 814 4794 πατριαρχικῆν
833 4725 965 4794 περιωπήν,
