3486 5282
1270 379 1329 444 197

51 570 180 645 διαιάττω,
211 570 251 628 ὅτι
280 571 311 630 τὲ
342 573 521 648 μοναοτῇριον
544 571 629 648 Μέγα
652 571 802 651 Σιιῇλαιον,
834 573 901 651 ἀροῦ
932 572 1006 654 διίισῇ
1036 575 1096 632 κατ’
1111 574 1171 645 ἔτος
1202 573 1240 644 είς
1269 574 1331 644 τοῦς

49 685 209 774 σιν[τ]άκτοις
239 696 293 750 τῶν
320 692 408 770 ρόρων
431 693 465 751 τὰ
486 697 605 768 πενῇντα
627 695 724 772 γρὸσια
745 693 806 771 ἤτοι
828 691 860 766 ἒξ
882 695 1011 772 χιλιάδες
1033 695 1122 754 λεπτὰ
1146 691 1261 775 (οἷσπρα)
1284 696 1330 754 τδν

47 811 280 892 πρασδιωρισθέντοι
302 814 382 894 ράρον
398 813 443 874 διὰ
457 814 490 872 τὰ
508 815 611 885 ἐντοῖς
633 815 776 896 ἐπαρχίαις
793 816 992 896 Καλαβρίιτων,
1017 817 1171 896 Βοστίτζης,
1197 817 1329 877 Παλαιιῦν

49 935 152 1014 Πατρῶν
174 934 220 996 καὶ
243 935 263 994 Γ
264 935 395 1011 αοτοίινης
419 937 535 1015 μετάχιά
557 956 602 996 που
623 935 671 996 καὶ
693 937 727 996 τά
748 937 812 1016 παρ’
826 937 906 998 αὑτοῦ
928 938 1170 1020 καλλιεργοῦμενα
1192 942 1328 1020 χωράρια,

48 1055 171 1136 ἀμπέλια,
193 1056 332 1136 λειβάδια,
356 1057 454 1138 δένδρη
485 1057 532 1118 καί
562 1059 647 1119 λοιπὰ
677 1061 803 1135 κτῇματα
835 1060 898 1120 tna
928 1061 977 1120 ὑπο
1000 1062 1048 1137 τὴν
1072 1059 1194 1134 ἐξουσίαν
1216 1083 1273 1142 του,
1295 1060 1329 1120 νδι

45 1177 81 1252 μὴ
102 1181 130 1236 το
152 1178 318 1257 ἐνοχλήσουν
340 1179 426 1240 πλέον
457 1181 493 1256 μὲ
521 1181 680 1256 ἀπαιτήσεις
701 1179 864 1261 χαροιτζίων,
897 1179 1019 1242 δεκάτων
1041 1181 1088 1242 καὶ
1111 1183 1207 1243 σίλλων
1230 1187 1327 1263 ράρων,

44 1297 99 1358 οὔτε
121 1299 143 1359 οί
166 1301 379 1382 μιριμηράνιδες,
408 1300 468 1362 οὔτε
496 1302 522 1362 οἱ
547 1301 602 1379 χδις
625 1299 785 1382 βοεβάνδας,
815 1301 875 1364 οὔτε
898 1303 923 1364 οἱ
947 1304 1084 1364 ἐπιστάται
1111 1311 1164 1363 τῶν
1187 1305 1327 1385 τιμαρίων,

44 1422 100 1482 εὖτε
128 1425 152 1484 οί
180 1425 300 1504 ρῦλακες
332 1429 384 1484 τῶν
412 1425 551 1505 ρρουρίων,
581 1423 643 1484 οὔτε
674 1424 757 1485 άλλοι
788 1427 899 1504 ἔχοντες
931 1423 1052 1499 ἐξουσίαι
1080 1428 1147 1486 τινά.
1187 1427 1272 1499 οὕτως
1295 1429 1328 1499 ἃς

43 1541 170 1626 ῇξεῦρωσι
192 1545 239 1606 καὶ
262 1550 295 1619 ἃς
319 1545 427 1607 διίισωσι
448 1545 533 1606 πίστιν
557 1545 596 1619 εἰς
619 1549 648 1606 τῦ
671 1547 812 1622 βασιλικόν
837 1567 888 1622 μου
910 1551 1033 1624 σημεῖον.
1058 1545 1198 1624 ἐξεδόθη
1221 1555 1259 1629 τῇ
1281 1547 1327 1608 κε’

42 1671 97 1741 τῆς
117 1669 261 1744 σελήνης
282 1668 473 1743 τίεμάζουλ
497 1667 579 1742 ἐβὲλ
602 1667 636 1726 ἐν
660 1669 726 1728 ἔτει
751 1663 835 1730 1090
857 1669 931 1747 (ἀπο
955 1669 1094 1748 Χριστοῦ
1120 1665 1229 1753 1674).

138 1785 213 1864 (Ὅτι
236 1791 315 1864 πιστὴ
339 1792 357 1866 ἡ
380 1791 555 1870 μετάρρασις.
593 1790 636 1870 Τῇ
662 1786 702 1849 12
725 1787 826 1849 ίουλίου
849 1786 932 1852 1834
956 1789 984 1848 ἐν
1000 1787 1105 1870 Ἄργει,
1129 1793 1143 1850 θ
1167 1789 1327 1871 διερμηνεὶις

41 1915 85 1969 τοῦ
104 1910 240 1984 βασιλείου
261 1917 310 1987 τῇς
334 1911 485 1984 Ἑλλάδος.
532 1912 733 1990 Ἰουσουρμπέις
756 1911 999 1989 Ἀχμετπασαζαδέ
1016 1911 1039 1996 ).

245 2239 303 2304 IV.
328 2238 552 2322 atos-1693,
575 2239 604 2304 5.
622 2241 741 2304 mensis
765 2239 970 2326 septembris,
993 2240 1059 2304 ind.
1083 2241 1109 2304 I.

42 2425 164 2478 Διιίοπίιιε
177 2423 262 2492 Zeno,
275 2429 441 2494 procurator
451 2423 585 2494 yeneralt's
597 2425 760 2478 exercituum
772 2429 923 2478 vasatorum
936 2425 965 2477 in
978 2423 1166 2494 Peloponneso,
1179 2427 1326 2494 praecipit,

42 2536 67 2582 ut
86 2531 272 2584 monasterium
291 2529 379 2583 εοίοαί
399 2528 542 2582 annuatim
561 2529 650 2582 realta
672 2529 787 2582 ducenta
805 2546 857 2597 pro
873 2529 985 2597 decima,
1010 2529 1154 2582 seeundum
1170 2531 1326 2584 decisionem

617 2639 735 2688 senatus.

45 2836 128 2914 Παρὰ
148 2841 203 2895 τοῦ
226 2837 384 2914 εὐγενοῦς
412 2834 467 2895 καὶ
490 2839 587 2914 σοροῦ
611 2835 730 2914 ἀνδρὸς
751 2835 922 2896 Ἀντωνίου
941 2837 1062 2914 Ζῇνου,
1085 2840 1219 2913 γενικοῦ
1242 2837 1326 2898 διοι-

42 2962 131 3030 κητοῦ
162 2963 224 3016 τῶν
259 2955 309 3028 εἰς
341 2959 398 3032 τὴν
431 2957 690 3031 Πελοπόννησον
720 2958 986 3036 στρατευμάτων,
1020 2955 1142 3035 πίστιν,
1181 2957 1325 3038 ἀγάπην,

503 3077 633 3156 ὑγιείαν
656 3077 711 3138 καὶ
735 3077 859 3157 ριλίαν.

137 3254 363 3332 Ἐνερανίσθησοιν
395 3251 434 3324 εἰς
464 3253 513 3328 τὴν
542 3252 678 3327 σεβαστῇν
709 3254 886 3330 γοιληνότητά
916 3274 970 3327 μοις
1001 3255 1016 3312 ὁ
1045 3254 1199 3330 ἡγούμενος
1227 3252 1274 3314 καί
1300 3255 1326 3314 οί

44 3377 184 3456 καλάγηροι
206 3381 256 3452 τῇς
279 3381 365 3451 μονῆς
387 3379 436 3450 τῇς
460 3375 648 3455 άριερωμένης
671 3373 711 3446 εἰς
732 3375 781 3449 τὴν
804 3374 951 3454 θπεραγίαν
974 3376 1101 3434 θεοτὸκον
1123 3379 1169 3434 τοῦ
1191 3375 1325 3452 Μεγάλου

44 3499 172 3574 Σπηλαίου
194 3503 243 3574 τῇς
267 3497 295 3556 ἐν
318 3503 351 3579 τῇ
374 3503 490 3577 περιοχῇ
513 3503 567 3556 τῶν
590 3497 780 3576 Καλαβρῦτων
802 3495 850 3556 καὶ
873 3496 907 3556 δι’
925 3496 1087 3570 εῦοεβάστου
1111 3498 1248 3578 ιἰναροράς
1270 3517 1324 3556 των

45 3619 250 3700 ἑπαρεκάλεσαν,
282 3621 321 3679 δτι
352 3619 388 3694 μὲ
416 3619 520 3678 ἐκεῖνον
551 3620 595 3677 τον
619 3619 700 3698 ράρον
722 3622 768 3677 τοῦ
792 3618 917 3698 δεκάτου,
941 3619 1004 3690 ὅσος
1029 3619 1140 3701 ἐγκριθῇ
1164 3619 1268 3678 δίκαιον
1292 3619 1326 3679 νδι

45 3743 219 3824 προσδιορισθῇ
245 3743 320 3822 παρὰ
346 3747 395 3817 τῇς
424 3741 555 3818 δημοσίου
584 3738 706 3813 ἐξουσίας
728 3741 762 3800 νδι
784 3741 950 3823 συγχωρηθῇ
979 3739 1018 3812 είς
1046 3741 1140 3814 αὐτοὺς
1161 3742 1180 3817 ἡ
1205 3739 1323 3820 εἰρηνικὴ

45 3867 167 3944 νάρπωσις
190 3870 242 3924 τῶν
265 3861 422 3944 κτημάτων,
446 3865 485 3935 ὡς
508 3863 670 3943 διωρισμένη
692 3863 759 3942 προς
784 3860 987 3938 ἐξοικονὲμησιν
1013 3867 1060 3922 τοῦ
1084 3863 1212 3942 ῥηθέντος
1235 3883 1324 3936 μονα-

47 3988 137 4065 οτηρίου
160 3989 248 4048 οιύτοῦ.
276 3985 409 4066 περὶτῆς
432 3985 635 4064 παρακλήσεως
658 3985 744 4043 αὐτῶν
768 3985 926 4064 ἐλήφθησαν
950 3983 978 4044 αἱ
1000 3983 1194 4058 ἀπαιτούμενοι
1215 3985 1324 4064 πληρο-

48 4109 127 4187 ρορίοιι,
158 4108 205 4168 καὶ
228 4108 285 4168 ἰδοῦ
315 4109 385 4168 κατὰ
414 4109 463 4184 τὴν
491 4109 591 4168 τούτων
621 4108 762 4167 συνέπειαν
791 4105 893 4166 ἑκδίδει
923 4108 941 4182 ἡ
970 4107 1098 4186 γερουσία
1120 4108 1169 4180 τὴν
1193 4106 1323 4184 ἀπόφασιν

47 4231 137 4310 τιῦιην,
161 4233 201 4291 δτι
224 4233 316 4291 ἐπάνω
339 4229 378 4300 εἰς
399 4231 434 4290 τδι
462 4233 590 4304 κτήματα
618 4227 665 4288 καὶ
689 4231 760 4304 ὅλην
788 4231 836 4304 τὴν
866 4227 1020 4308 περιουσίαν
1051 4232 1096 4288 τοῦ
1125 4230 1204 4288 αὺτοῦ
1235 4249 1324 4303 μοναυ

49 4354 146 4436 μηρίον,
170 4355 236 4428 ὅσην
258 4353 329 4412 κατὰ
350 4355 380 4412 τθ
403 4354 488 4432 παρὀν
511 4353 634 4432 κατέχει,
657 4352 691 4409 νδι
712 4351 887 4431 πληρώνηται
911 4351 994 4428 μέχρι
1008 4351 1073 4420 νέας
1096 4347 1230 4424 δημοσίας
1252 4350 1323 4410 ἀπο-

50 4476 138 4549 ράοεως
158 4479 189 4536 τ“ο
211 4476 296 4556 χρέος
317 4479 364 4534 τοῦ
387 4473 501 4534 δεκάτου
524 4476 605 4552 ρθρσυ
628 4471 667 4544 εἰς
690 4473 783 4552 ριάλιοι
806 4473 929 4532 διακόσιοι
952 4471 1012 4530 κατ’
1027 4472 1097 4542 ἔτος.
1133 4471 1323 4546 διευθὺνθηοαν

50 4593 91 4671 ἤδη
109 4600 174 4678 πρὸς
195 4599 245 4672 τὴν
269 4599 348 4657 αὐτοῦ
374 4597 561 4674 γαληνάιητα,
588 4597 634 4655 τὀν
661 4596 769 4672 γενικδν
797 4595 921 4674 ἀρχηγὸν
949 4599 998 4668 τῇς
1021 4592 1172 4672 θαλάσσης,
1201 4593 1227 4652 αἱ
1252 4591 1322 4652 εἰδο-

51 4721 150 4793 ποιήοεις
181 4718 216 4780 δι’
238 4719 345 4790 ἐκείνας
374 4718 423 4789 τὰς
454 4718 605 4797 διαταγάς,
635 4717 684 4788 τὰς
713 4716 808 4788 ὁποίας
835 4717 853 4790 ἡ
883 4714 937 4774 ἰδία
962 4735 1009 4774 του
1036 4716 1162 4794 φρόνησις
1189 4715 1323 4793 ἐνέκρινεν
