3222 5284
1306 361 1371 426 315

64 555 158 630 λομαι
190 556 237 615 τδν
260 555 317 616 ινίόν
340 577 392 632 μου
414 557 460 616 τόν
491 553 688 637 μυστογράφον,
719 559 768 636 κύρ
791 554 947 636 θεόδωρον,
979 556 1132 615 ἀθετεῖσθαι
1161 558 1237 636 παρά
1258 559 1370 630 τινοςὴ

63 677 298 757 καταφρονεῖσθαι
319 683 373 736 τῶν
397 683 527 754 μοναχῶν
549 680 568 753 ἢ
590 675 821 756 παρενοχλεῖσθαι
842 677 917 756 παρά
939 677 970 736 τδ
993 673 1075 756 εἰκός,
1099 675 1178 736 ἀλλά
1199 677 1274 738 θέλω
1296 677 1371 755 ἔχειν

64 801 176 870 πάντας
198 801 267 879 πρός
290 799 368 858 οάντδν
392 799 503 876 ἀγάπην
525 795 573 858 καὶ
596 798 728 872 συστολὴν
750 797 797 857 καὶ
822 795 890 858 αἰδῶ
913 796 960 858 καὶ
983 797 1066 876 φόβον
1087 789 1136 857 καί
1159 798 1197 868 ὡς
1221 796 1272 872 ἐμὲ
1292 797 1371 858 αύτδν

66 921 133 1000 ἀράν
159 921 258 993 αύτούς
279 919 327 980 καὶ
349 921 488 1001 σέβεσθαι,
512 921 607 995 ἐπειδὴ
630 918 676 980 καί
698 922 831 1000 κτὴτορος
853 919 925 1000 αύτῷ
947 923 1082 1000 προνόμια
1103 920 1304 995 καταλιμπάνω
1324 919 1371 980 καί

65 1041 247 1122 κληρονόμον
269 1040 317 1102 καί
338 1043 428 1122 κύριον
451 1041 522 1117 μετά
544 1043 606 1101 θεόν
628 1039 674 1101 καὶ
689 1043 737 1117 τὴν
754 1043 883 1102 θεοτόκον
899 1041 1097 1118 ἀμετακίνητον
1113 1039 1161 1100 καί
1177 1041 1372 1119 ἀνεκλόγιστον

68 1165 101 1223 ἐκ
122 1167 218 1241 πάσης
241 1161 329 1235 αἰτίας
350 1161 398 1223 καί
421 1164 528 1242 τρόπον,
550 1163 625 1238 πλὴν
649 1164 731 1239 μόνον
752 1167 798 1223 τοῦ
815 1163 982 1224 ἐκποιεῖοθοιί
997 1183 1021 1222 τι
1036 1169 1089 1222 τῶν
1104 1165 1372 1243 προσκεκυρωμένων

67 1288 85 1360 ἡ
108 1286 274 1365 θποκραπεῖν
297 1284 352 1345 ἀπδ
373 1291 426 1344 τῶν
449 1289 572 1364 ψυχικῶν
595 1279 632 1344 ὧν
657 1285 790 1366 ἐτύπωσα,
813 1289 831 1361 ἡ
851 1287 1071 1364 παραχαράττειν
1091 1285 1139 1359 τὴν
1156 1285 1226 1359 ἐμὴν
1242 1281 1371 1356 διάταξιν.

68 1406 137 1466 ἀλλ’
152 1405 230 1488 εἴπερ
261 1405 325 1478 ἴσως
348 1403 394 1466 καί
425 1401 545 1466 ἐναντίον
567 1427 592 1466 τι
615 1407 767 1482 δοκιμάσει,
800 1406 844 1466 ἵνα
867 1407 937 1482 μετά
969 1405 1115 1478 ἐπιεικείας
1137 1407 1373 1482 ύπαμιμνὴσκηται

69 1521 145 1607 παρὰ
167 1533 223 1587 τῶν
247 1533 378 1605 μοναχῶν
399 1526 447 1587 καί
470 1528 658 1607 ἀναγκάζηται
682 1528 752 1604 μετά
773 1528 978 1607 παρακλήσεως
992 1530 1128 1606 πράττειν,
1154 1529 1206 1588 όσα
1219 1528 1251 1588 τδ
1265 1529 1373 1587 τυπικόν

70 1669 122 1724 μου
147 1650 353 1710 διακελεύεται·
385 1649 488 1729 ὀφείλει
520 1649 574 1731 γάρ
596 1648 643 1710 καί
674 1649 754 1722 αὐτδς
782 1651 856 1728 ἔχειν
883 1652 950 1730 τρδς
972 1651 1034 1722 τούς
1065 1651 1203 1728 μοναχοὶνς
1224 1650 1304 1725 τιμὴν
1326 1646 1374 1708 καί

71 1771 181 1848 μηδένα
207 1775 366 1833 κακοποιεῖν
394 1775 412 1848 ἡ
440 1773 597 1852 ἀποστερεῖν
625 1771 679 1832 τῶν
705 1774 902 1848 πεπιττωμένων
930 1771 1001 1850 αύτῷ
1028 1771 1114 1852 χωρίς
1137 1769 1224 1844 αίτίας
1246 1772 1372 1850 εῖνλόγου.

594 1981 620 2042 ι’.
645 1981 725 2063 Περὶ
749 1983 854 2060 δίκης.

179 2139 212 2200 Εἰ
236 2139 267 2199 δὲ
291 2139 425 2217 ἀνακύψει
448 2141 559 2214 ζήτησις
581 2143 599 2215 ἡ
623 2139 685 2216 δίκη
704 2139 767 2219 περί
788 2143 927 2216 κτὴματος
946 2144 993 2200 τοῖν
1008 2140 1080 2202 θείου
1094 2139 1313 2222 πτωχοτροφείου
1328 2137 1375 2199 καί

73 2265 122 2334 τῆς
155 2268 253 2338 μονῆς,
285 2261 329 2321 ίνα
357 2263 396 2338 μὴ
425 2263 524 2340 ἔχωσιν
553 2261 675 2334 ἐξουσίαν
697 2266 744 2322 τοῖν
772 2261 928 2334 δικάζεσθαι
956 2263 1019 2322 άνευ
1041 2266 1087 2322 τοῦ
1114 2261 1212 2336 λαβεῖν
1239 2261 1375 2337 λίβελλον

74 2385 251 2462 περιέχοντα,
285 2386 323 2444 ότι
355 2384 413 2461 ἐγάν
441 2385 455 2442 ό
484 2383 559 2442 δεῖνα
589 2389 656 2444 κινεῖν
684 2384 755 2443 κατὰ
781 2391 830 2460 τῆς
861 2383 1048 2464 κληρονομίας
1073 2388 1120 2444 τοῦ
1147 2384 1202 2444 υίού
1229 2389 1275 2444 τοῖν
1303 2385 1375 2444 θεοῦ.
1422 2379 1424 2384 ’

77 2502 173 2581 ἐπειδὴ
198 2503 229 2564 δέ
252 2501 325 2585 οίδα,
349 2507 388 2564 ότι
412 2503 454 2564 ἀεὶ
478 2505 492 2564 ό
514 2503 586 2565 κατά
604 2505 654 2579 ιὴν
670 2505 776 2585 ἡμέραν
794 2507 915 2585 ἔπαρχος
931 2506 1246 2578 Κωνσταντινουπόλεως
1261 2504 1377 2580 εύσεβὴς

77 2625 132 2686 ἐστι
161 2625 209 2686 καί
240 2627 367 2706 φιλόθεος
388 2625 436 2686 καί
466 2628 607 2708 ἅνθρωπος
628 2631 675 2686 τοῦ
706 2629 778 2704 θεοῦ,
810 2627 905 2702 ἐπειδὴ
929 2625 1030 2688 δὲκαὶ
1059 2629 1148 2708 πατὴρ
1176 2627 1378 2708 προχειρίζεται

77 2747 197 2828 πόλεως,
230 2749 316 2829 θέλω,
345 2748 389 2808 ἵνα
412 2748 483 2824 μετά
511 2751 628 2827 γνώμης
652 2748 757 2808 ἐκείνου
779 2748 825 2809 καί
849 2749 1002 2830 ἐπικουρίας
1025 2750 1195 2822 δικάζωνται.
1240 2751 1288 2810 καὶ
1310 2750 1378 2830 ὑπὲρ

78 2875 124 2946 τῆς
154 2873 280 2946 τοιαύτης
310 2870 452 2942 διακονίας
486 2871 540 2953 ἔχῃ
563 2871 613 2946 μὲν
636 2869 682 2930 καί
705 2873 751 2931 τάν
773 2873 826 2931 ἀπδ
855 2874 918 2933 θεοῦ
941 2873 1034 2948 μιοθδν
1056 2870 1104 2932 καί
1126 2873 1255 2951 στέφανον
1278 2871 1378 2948 άφατόν

79 3009 106 3048 τε
135 2991 183 3052 καὶ
213 2993 358 3072 άφθαρτον,
392 2994 595 3068 μνημονεύηται
619 2993 720 3053 δὲκαὶ
743 2993 782 3066 εἰς
804 2997 835 3054 τό
866 2995 991 3070 διηνεκὲς
1022 2995 1227 3076 ἐγγραφόμενος
1253 2993 1377 3068 καὶτοῖς

80 3111 159 3189 ίεροῖς
182 3115 330 3194 διπτύχοις,
355 3115 487 3198 λαμβάνῃ
512 3115 613 3176 δὲκαὶ
639 3117 771 3194 εθλογίαν
795 3122 843 3193 τῆς
865 3122 955 3194 ψυχῆς
977 3116 1024 3176 καὶ
1046 3122 1091 3177 τοῦ
1114 3117 1173 3193 βίου
1195 3119 1274 3176 αὐτοῖν
1296 3116 1376 3191 νομί-

80 3255 169 3310 σματα
197 3237 288 3318 πέντε,
321 3236 468 3318 ἀρραβῶνα
501 3244 685 3314 πνευματικῆς
710 3239 870 3311 ἐπινεύσεως
892 3237 938 3298 καὶ
962 3234 1089 3319 ἀφθονίας
1110 3243 1156 3300 τοῦ
1180 3239 1238 3314 βίου
1260 3238 1307 3298 καί
1328 3245 1379 3316 τῆς

80 3357 150 3432 ζωῆς
178 3359 273 3418 αύτοῖν·
304 3360 369 3418 άνευ
390 3360 445 3440 γάρ
474 3363 588 3438 γνῶμης
611 3363 701 3440 αὺτοῦ,
732 3361 759 3420 εί
778 3382 803 3420 τι
826 3365 857 3420 ἀν
880 3359 927 3422 καὶ
949 3363 1038 3444 κριθῇ,
1068 3363 1113 3421 ίνα
1136 3363 1245 3444 ὑπάρχῃ
1270 3362 1378 3442 ἀκυρσν,

82 3474 102 3534 εί
125 3481 163 3554 μὴ
187 3478 301 3554 θελήσει
323 3482 338 3538 ό
360 3481 535 3560 κληρονόμος
558 3503 621 3560 μου,
646 3482 774 3554 εὐτελούς
797 3483 877 3559 οὔσης
901 3490 949 3560 τῆς
970 3486 1133 3565 ἀποθέσεως,
1156 3483 1204 3545 καὶ
1220 3486 1283 3544 ἀνευ
1299 3486 1379 3544 αθτοῦ

83 3596 251 3662 δικάσασθαι·
282 3605 344 3662 τότε
373 3604 427 3684 γάρ
460 3600 563 3676 ἔξεστιν
587 3605 659 3683 αύτῷ
683 3607 752 3665 ούτω
775 3609 877 3666 ποιεῖν·
910 3609 1001 3688 ἕτερον
1026 3607 1057 3666 δὲ
1079 3609 1226 3686 προνόμιον
1249 3608 1300 3684 ούχ
1323 3603 1380 3678 ἕξει

83 3721 248 3804 όέπαρχος,
271 3723 345 3799 πλὴν
368 3730 417 3800 τὴς
442 3725 597 3807 ἐπικουρίας
619 3725 666 3786 καὶ
690 3733 739 3802 τὴς
763 3729 791 3786 ἐν
814 3733 873 3799 ταῖς
897 3727 986 3801 δίκαις
1002 3729 1208 3808 ἀντιποιήσεως,
1231 3729 1310 3803 ἡτδν
1326 3729 1379 3788 ἀπά

83 3848 125 3903 τοῖν
146 3847 209 3906 θεοῦ
233 3847 328 3921 μισθδν
351 3845 398 3906 καὶ
420 3849 469 3922 τὴν
493 3848 622 3927 εὐλογίαν
645 3855 698 3906 τῶν
720 3851 802 3908 πέντε
824 3853 1013 3924 νομισμάτων·
1038 3849 1063 3908 εί
1084 3851 1137 3929 γάρ
1154 3847 1297 3924 δοκιμάσει
1311 3851 1380 3929 προς

86 3963 202 4045 ἐφορείαν
227 3967 333 4026 ἀπιδεῖν
355 3971 373 4043 ἡ
397 3969 547 4048 προνομίαν
572 3970 666 4049 ἑτέραν
689 3973 707 4043 ἡ
731 3967 866 4050 ἐξουσίαν,
889 3973 956 4049 πρός
978 3969 1016 4051 τῷ
1033 3971 1070 4046 μὴ
1088 3969 1284 4050 είσακούεσθαι,
1307 3971 1378 4030 παύ-

84 4105 140 4158 ηται
162 4088 209 4148 καί
231 4095 281 4165 τῆς
309 4090 434 4165 τοιαύτης
465 4091 611 4166 ἐπιβούλου
642 4091 796 4171 ἐπικουρίας
826 4091 872 4151 καί
894 4098 944 4167 τῆς
974 4093 1187 4168 μισθαποδοσίας
1215 4091 1301 4172 εὐθύς,
1332 4091 1379 4152 καί

87 4207 130 4269 οὐκ
152 4211 191 4270 ἐτι
214 4210 307 4285 δεὴσει
331 4211 484 4290 ἐπαρχικῆς
508 4213 637 4287 βοηθείας
659 4215 716 4283 τοῖς
739 4213 867 4284 τοιούτοις
888 4213 981 4294 ίεροῖς,
1005 4216 1043 4285 ὡς
1059 4213 1212 4288 ἐπιβούλου.
1245 4212 1380 4292 ὀφείλουσι

87 4327 114 4388 δέ
134 4333 288 4410 λαμβάνειν
312 4333 337 4394 οί
353 4334 480 4414 μοναχοί,
505 4335 586 4410 θμέν
601 4337 819 4414 καθηγούμενος,
842 4337 888 4394 ὅτε
903 4337 1025 4414 γένηται,
1049 4337 1088 4406 ῶς
1102 4333 1270 4416 προείρηται,
1295 4335 1379 4414 ρόγαν

87 4457 251 4530 νομισμάτων
269 4455 314 4530 ιβ’.
346 4455 372 4515 οί
394 4455 553 4532 διακονηταί
569 4453 620 4516 ἀνά
636 4458 791 4533 νομίσματα
805 4456 843 4532 η’.
875 4457 900 4517 οῖ
915 4457 1090 4537 πρεσβύτεροι
1106 4457 1158 4516 ἀνά
1173 4456 1327 4532 νομίσματα
1341 4455 1380 4538 ζ’,

88 4573 126 4634 καὶ
148 4576 173 4635 οἱ
194 4575 287 4636 λοιποί
309 4576 361 4636 ἀνά
383 4577 539 4653 νομίσματα
560 4574 601 4653 ς’.
647 4579 681 4637 τά
706 4579 756 4654 μέν
778 4577 864 4654 ἡμίση
886 4581 1002 4658 τραχέα,
1032 4578 1066 4637 τά
1090 4578 1120 4637 δὲ
1142 4577 1227 4654 ἡμίση
1249 4580 1379 4659 τέταρτα·

89 4693 101 4750 ὅ
125 4699 331 4777 καθηγούμενος
361 4699 433 4760 σίτου
464 4700 515 4776 μὲν
542 4698 652 4776 μοδίους
681 4703 883 4780 τεσσαράκοντα
914 4700 961 4760 καὶ
992 4702 1073 4781 ἀκτάν,
1105 4700 1129 4760 οἱ
1153 4699 1184 4760 δὲ
1213 4699 1305 4760 λοιποὶ
1330 4699 1381 4759 ἀνά
