3246 5288
201 254 265 318 406

201 449 352 528 ὀφείλουσιν
374 448 461 508 τοίνυν
482 451 583 521 πάντες
606 449 631 508 οἱ
652 455 702 524 τῆς
724 450 862 529 ἡμετέρας
884 449 1069 528 ἀδελρτηιος
1084 449 1123 527 τῷ
1143 457 1291 530 προεστῶτι
1306 449 1369 522 τούς
1385 449 1510 521 οἰκείους

202 569 399 650 ἐξαγγέλλειν,
429 573 468 642 ὡς
491 570 604 651 εἴρηται,
636 570 785 650 λογισμούς
807 569 854 630 καί
879 571 907 632 ἐν
938 571 1009 651 αύτῷ
1033 572 1070 650 τῲ
1092 577 1142 647 τῆς
1172 572 1315 650 ἀποταγῆς
1344 571 1432 652 καιρῷ
1457 569 1510 631 καί

201 693 240 773 τῷ
258 683 332 770 ’μετὰ
355 693 404 770 τὴν
427 693 568 771 ἀποταγὴν
590 694 677 772 ἀγῶνι
699 692 745 753 καὶ
767 697 908 770 σκάμματι
930 693 977 754 καὶ
999 697 1038 770 μή
1059 715 1133 766 τινας
1157 695 1296 774 ἐτέρσυςὴ
1313 695 1509 772 ἡσυχάζοντας

201 815 267 886 ἴσως
288 819 306 890 ἢ
331 815 360 875 ἐν
384 815 543 896 ἀλλοτρίοις
572 816 652 888 δντας
680 816 871 896 μοναστηρίοις
892 823 945 875 τῶν
969 813 1076 876 οἰκείων
1100 817 1252 895 ἀναδόχους
1274 818 1424 892 κεκτῆσθαι
1447 815 1507 876 λο-

200 944 316 1020 γισμῶν,
340 938 418 997 ἀλλά
437 939 505 1018 προς
525 939 606 1014 μόνον
622 939 668 998 τὀν
689 945 849 1018 προεστῶτα
863 941 951 998 πάντα
973 937 1006 997 τά
1023 940 1125 998 ἑαυτῶν
1149 939 1319 1016 ἀπογυμνοῦν
1343 938 1507 1017 σφάλματα,

199 1061 264 1140 παρ’
276 1054 307 1119 ού
329 1059 376 1119 καὶ
397 1059 431 1119 τά
453 1061 583 1139 φάρμακα
605 1063 777 1139 προσήκοντα
801 1057 924 1133 δέξονται
946 1059 993 1119 καὶ
1015 1059 1195 1138 κατάλληλα,
1219 1062 1266 1120 καὶ
1287 1061 1355 1139 πρὸς
1378 1060 1508 1132 ἐκείνους

202 1182 243 1266 δέ,
267 1178 307 1254 οἷς
330 1182 363 1242 ἀν
385 1182 466 1252 αύτδς
488 1183 503 1240 ὁ
525 1183 663 1262 προεστὼς
685 1182 715 1240 τύ
737 1187 853 1263 πρᾶγμα
877 1183 1054 1262 ἐπιτρίψειεν,
1078 1184 1116 1254 ὡς
1132 1181 1300 1260 δεδήλωται,
1323 1183 1391 1261 πρὸς
1408 1184 1507 1260 ἕτερον

202 1304 233 1364 δέ
256 1304 287 1362 σύ
309 1302 462 1377 βαδιοῦνται
484 1306 565 1384 χάριν
590 1301 803 1383 ἐξαγορεύσεως,
828 1304 884 1364 ουδ’
898 1304 1108 1382 ἐπιφημησουσιν
1131 1306 1237 1376 ἑαυτοῖς
1255 1307 1362 1384 πατέρα
1376 1325 1508 1379 πνευμα-

200 1426 274 1484 τικδν
296 1421 384 1506 πάρεξ
405 1429 451 1485 τοῦ
474 1431 644 1504 προεστῶτος
666 1425 767 1484 αὐτῶν·
790 1429 868 1486 τοῦτο
891 1426 945 1506 γάρ
966 1428 1134 1486 παντάπασιν
1157 1428 1196 1497 ῶς
1217 1427 1310 1501 λύμης
1327 1425 1411 1486 αἴτιον
1428 1427 1507 1486 ἀπο-

200 1547 345 1626 τρέπσμεν.
385 1544 408 1605 εἰ
432 1547 464 1606 δέ
486 1567 525 1619 τις
548 1546 614 1620 ἴσως
636 1551 674 1606 ὢν
685 1546 706 1630 1)
730 1548 862 1624 άκαμπης
883 1569 914 1608 τε
936 1547 983 1608 καί
1005 1547 1120 1624 ἀπειθὴς
1142 1545 1189 1608 καὶ
1210 1546 1249 1627 τῷ
1267 1549 1362 1608 ἑαυτοῦ
1378 1549 1507 1623 ἀνοήτως

202 1672 317 1745 στοιχῶν
340 1668 477 1743 θελήματι
504 1669 543 1744 μὴ
568 1668 694 1752 βούλοιτο
716 1670 765 1744 τὴν
787 1670 855 1749 πρὸς
877 1671 922 1729 τύν
944 1675 1105 1749 προεστῶτα
1129 1671 1264 1730 ποιεῖσθαι
1288 1667 1506 1750 ἐξομολόγησιν,

202 1789 269 1848 ἀλλ’
282 1785 372 1848 ἀλλον
396 1791 490 1849 ἐαυτοῦ
513 1788 560 1850 καὶ
582 1790 613 1849 ού
634 1794 726 1850 τοῦτον
750 1791 922 1869 ἐπιγράφοιτο
944 1792 1050 1872 πατέρα
1071 1795 1262 1871 πνευματικόν,
1294 1790 1416 1871 κάκείνην
1438 1791 1507 1863 τούς

201 1909 318 1982 οἰκείους
339 1911 489 1990 λογισμούς
511 1912 719 1991 προανατιθέναι
743 1911 909 1993 διατείνοιτο,
943 1910 997 1984 ἐξω
1019 1933 1070 1971 που
1093 1911 1139 1972 καὶ
1163 1912 1270 1992 μακράν
1292 1918 1342 1987 τῆς
1364 1914 1507 1992 ἡμετέρας

202 2033 318 2108 ποίμνης
339 2034 472 2110 γενέσθω,
495 2032 629 2112 παρευθύς
653 2033 821 2108 διωκόμενος
843 2031 890 2093 καὶ
913 2033 984 2110 μηδὲ
1007 2033 1091 2113 φειδῶ
1114 2033 1280 2111 λαμβάνειν,
1312 2033 1386 2108 μηδὲ
1410 2035 1506 2113 ἔλεον,

202 2153 322 2225 ἀλλ’ὡς
344 2155 438 2213 ἑαυτὸν
461 2154 625 2234 ἀλλοτριῶν,
656 2147 698 2226 οἷς
720 2155 774 2232 ἀρα
797 2162 900 2233 κακῶς,
928 2158 950 2214 ὢ
973 2156 1036 2215 θεοῦ
1059 2156 1209 2230 βλέποντος
1232 2153 1378 2234 ὀφθαλμοί,
1408 2161 1507 2227 κακῶς

202 2273 250 2334 καί
279 2275 342 2333 λίαν
373 2275 547 2347 ἐπικινδύνως
578 2275 753 2355 βεβούλευτο,
785 2272 1042 2357 ἀπσσκορακιζέσθω
1072 2283 1122 2354 τῆς
1151 2281 1239 2352 μονῆς
1269 2273 1316 2336 καὶ
1345 2273 1427 2348 ξένος
1454 2283 1507 2352 τῆς

202 2399 341 2476 ἡμετέρας
364 2399 433 2456 ἔστω
441 2396 465 2480 ²)
490 2397 601 2478 μερίδος
622 2396 670 2458 καί
692 2399 847 2476 συναυλίας,
871 2400 975 2476 διαίτης
990 2397 1038 2458 καί
1061 2397 1182 2476 ὁμιλίας,
1206 2399 1245 2470 ὡς
1268 2397 1441 2474 διασπασμοῦ
1456 2397 1506 2456 καὶ

203 2520 372 2592 διαστάσεως
387 2519 434 2580 καὶ
449 2523 539 2596 πάσης
554 2519 647 2596 άλλης
662 2520 862 2592 ἀκαταστασίας
877 2519 924 2581 καί
946 2527 1071 2603 ταραχῆς
1093 2519 1140 2581 καὶ
1163 2521 1274 2596 βλάβης
1296 2519 1382 2592 αἴτιος
1404 2521 1436 2579 ού
1455 2526 1507 2595 τῆς

203 2643 345 2721 τυχούσης.
391 2642 480 2720 ἐχέτω
503 2643 554 2718 μὲν
577 2643 646 2702 ούτω
668 2641 715 2702 καί
738 2647 830 2704 ταῦτα.

309 2762 355 2838 ιβ’.
380 2765 493 2838 Ῥητέσν
510 2763 540 2822 δὲ
556 2764 653 2824 λοιπον
668 2762 715 2823 καί
730 2762 792 2845 περὶ
806 2767 1037 2845 προσερχομένων
1052 2771 1085 2846 τῇ
1109 2771 1179 2846 μονῇ
1203 2762 1247 2824 ἐπὶ
1269 2763 1308 2842 τῷ
1331 2763 1509 2843 ἀπσκαρῆναι

203 2886 380 2967 πλατύτερον,
412 2885 440 2944 οί
463 2905 508 2964 γε,
540 2884 566 2944 εἰ
585 2905 656 2956 τινες
678 2879 734 2944 εἰεν
755 2889 910 2965 περιφανεῖς
932 2890 950 2961 ἢ
973 2892 1027 2946 τῶν
1050 2887 1183 2946 ἀνέκαθεν
1205 2886 1350 2966 γνωρίμων
1374 2887 1438 2961 ύμῖν
1460 2885 1508 2944 καί

205 3009 305 3086 σχεδον
336 3005 446 3068 εἰδότων
475 3007 523 3083 τὴν
553 3011 603 3083 τῆς
634 3013 720 3084 μονῆς
751 3007 892 3086 διαγωγὴν
922 3007 969 3068 καί
991 3011 1164 3088 κατάστασιν,
1196 3007 1436 3088 ἀπσκειρέσθωσαν
1459 3005 1508 3067 καὶ

207 3131 308 3190 ἔσωθεν
324 3133 369 3189 τοῦ
386 3126 561 3205 ἐξαμηνιαίου
580 3131 684 3209 καιροῦ,
709 3125 845 3200 ἀξιοῦντες
866 3127 913 3188 καί
937 3128 1010 3189 αῦτοί
1033 3133 1109 3189 τοῦτο
1132 3129 1197 3201 ἴσως
1220 3126 1267 3188 καί
1290 3129 1507 3206 ἀποδεχόμενοι.

207 3250 231 3311 εἰ
247 3251 278 3312 δὲ
294 3257 347 3311 τῶν
370 3253 505 3330 τυχόντων
528 3249 593 3311 εἰσὶν
609 3254 627 3326 ἡ
645 3253 787 3332 άγνωστοι,
811 3251 882 3327 μετὰ
903 3250 1066 3332 παρέλευσιν
1090 3252 1158 3311 έπτά
1179 3251 1292 3330 ἡμερῶν
1314 3256 1365 3326 τῆς
1389 3251 1507 3312 ἐνταῦθα

206 3375 305 3434 τούτων
329 3371 446 3453 ἀφίξεως
469 3373 653 3433 ἐνδυέσθωσαν
676 3374 709 3433 τά
733 3375 802 3454 ράκη
811 3372 835 3456 ³)
866 3372 913 3432 καί
935 3373 984 3445 τάς
1007 3373 1161 3452 μσναχικάς
1182 3371 1402 3455 περικεφαλαίας
1424 3393 1507 3452 περι-

208 3493 417 3574 βεβλησθωοαν,
450 3494 680 3554 ἐπιταττέσθωσαν
711 3494 742 3554 δέ
771 3495 821 3566 τάς
850 3495 921 3554 κατὰ
950 3493 1061 3570 δύναμιν
1084 3493 1131 3554 καί
1153 3495 1341 3573 προσηκούσας
1365 3494 1507 3566 διακονίας

207 3615 254 3676 καὶ
271 3611 511 3696 ἐπιτηρείσθιύσαν,
535 3613 557 3674 εἰ
574 3617 635 3691 μεθ’
648 3615 787 3692 ὑπομονῆς
803 3615 942 3676 ἐκτελείεν
958 3617 1057 3689 ταύτας
1072 3613 1119 3676 καὶ
1134 3618 1335 3694 ταπεινώσεως,
1358 3619 1392 3674 ἀν
1415 3617 1506 3689 μέντοι

209 3739 293 3810 σύτως
324 3739 436 3816 ἔχοντες
467 3737 669 3817 διακαρτεροῖεν
693 3737 758 3818 ἀχρι
781 3743 830 3813 τῆς
860 3739 1085 3818 συμπληρῶσεως
1114 3743 1194 3818 τριῶν
1219 3737 1355 3816 ἐνιαυτῶν,
1379 3735 1505 3810 καὶτοῖς

209 3860 340 3940 ἀδελφοῖς
356 3861 588 3919 συντκττέσθωσαι
604 3859 812 3940 ἀπσκειρὸμενσι
827 3857 873 3926 καὶ
888 3861 933 3919 τὀν
957 3859 1103 3940 ἀρραβῶνα
1125 3863 1172 3919 τού
1195 3859 1267 3919 θείου
1283 3855 1329 3918 καί
1353 3858 1504 3938 ἀγγελικτῦ

208 3985 351 4062 σχήματος
384 3983 444 4058 ἤτοι
473 3983 518 4042 τδν
550 3981 672 4056 μκνδύαν
702 3983 930 4058 λαμβανέτωσαν.
977 3982 1002 4042 εἰ
1033 3981 1056 4041 δ’
1074 3983 1244 4054 ἐκλάοαντες
1273 3983 1355 4060 τύχίιν
1388 3987 1502 4062 φανεῖεν,

207 4106 389 4184 γογγύζοντος
411 4125 441 4163 τε
463 4102 510 4164 καί
532 4105 795 4188 καταραθυμούντες,
819 4103 1048 4164 ἀπσδυσάσθωσαν
1070 4105 1104 4163 τάι
1127 4105 1236 4180 μέλανα
1259 4101 1306 4164 καί
1329 4103 1364 4163 τά
1386 4105 1503 4178 κοσμικά

210 4227 414 4287 ἐνδυσάσθωσαν
445 4224 492 4286 καί
521 4227 589 4306 προς
617 4228 663 4286 τδν
689 4227 801 4308 κύαμον,
832 4227 862 4286 δν
884 4227 1032 4306 ἡγάπησιν,
1063 4227 1265 4308 ἐπιστρέψωσιν.
1311 4223 1337 4284 οἱ
1358 4225 1413 4305 γάρ
1435 4227 1502 4284 κατὰ

209 4349 270 4408 θεδν
294 4349 507 4424 ἀποτασσύμενοι
530 4350 682 4408 παντάπασι
705 4347 824 4426 γίνονται
847 4346 919 4420 ξένοι
941 4355 994 4407 τῶν
1017 4347 1157 4425 κοσμικῶν
1179 4346 1226 4407 καὶ
1247 4353 1301 4406 τῶν
1318 4344 1393 4406 ἰδίων
1411 4347 1501 4406 ἐπιθυ-

316 4611 334 4676 ι)
354 4601 387 4658 ὧν
406 4609 436 4660 Ε,
509 4605 527 4676 ²)
546 4605 598 4672 ἤτω
617 4607 647 4659 Ε.
719 4607 741 4672 ³)
760 4603 928 4657 ἐκδυέσθωσαν
947 4605 976 4658 τὰ
996 4604 1049 4675 βάκι
1068 4607 1098 4657 Ε.
