3486 5282
360 305 424 370 208

361 583 452 648 VIII.
471 585 693 670 7256-1748‚
711 585 762 652 25.
779 589 897 652 mensis
908 589 1002 676 junii,
1019 588 1084 654 ind.
1101 587 1161 654 XI.
1179 600 1211 654 et
1227 588 1451 674 7293-1785,
1468 589 1520 656 25.
1537 593 1661 658 mensis

722 692 918 776 novembris,
942 693 1008 757 ind.
1024 693 1084 759 ΙΠ.
1101 693 1291 759 Bucarestii.

360 874 475 928 Ισαπιιαν
483 874 603 929 Μίοίιαὲί
615 873 716 944 Sume,
729 877 848 930 υοσυοιία
863 876 1084 947 Ummium,
1097 880 1258 934 ταοτιαοίοιέο
1269 879 1342 950 ταμία
1354 879 1383 933 in
1394 881 1459 934 ασίκ
1470 881 1660 936 Constantino·

456 979 525 1048 poli,
547 980 618 1033 dicto
642 979 826 1048 Vincla-Serui,
844 982 927 1036 άσιιαί
941 983 1077 1036 redditum
1092 999 1125 1036 σα
1135 984 1351 1054 ροοοοοτίοαίὸιια
1367 984 1397 1038 in
1420 983 1543 1040 Vlachia.

358 1181 515 1256 Ἰωάννης
528 1181 1087 1260 ΜιχαὴλΚωνσταντίνουΣοῡτζσς
1103 1183 1280 1264 βσεβέδας,
1298 1183 1385 1265 ἐλέῳ
1402 1187 1478 1246 θεοῦ
1491 1185 1660 1263 αθθέντης

674 1303 729 1364 καί
750 1304 888 1384 ἡγεμὼν
910 1308 1016 1380 πάσης
1039 1306 1335 1387 Οὺγκροβλαχίας.

463 1479 576 1554 Ἐπειδὴ
603 1478 650 1540 καί
676 1481 694 1556 ἡ
716 1474 828 1557 Βλαχία
855 1479 916 1557 ἔχει
944 1479 973 1540 ἐν
999 1485 1032 1562 τῇ
1061 1480 1191 1562 βασιλικῇ
1218 1483 1431 1564 περιρανεστάτη
1459 1481 1584 1564 καθέδρᾳ
1605 1487 1658 1557 τῆς

358 1601 672 1673 Κωνσταντινουπὸλεως
695 1599 758 1676 μίαν
778 1599 853 1679 ἱερὰν
869 1603 965 1680 μονην,
988 1600 1195 1678 ὀνομαζομένην
1210 1601 1294 1680 Βλίιχ
1308 1603 1423 1682 Σαράγι,
1445 1605 1506 1680 ἥτις
1521 1598 1592 1664 εἶναι
1607 1603 1657 1664 καί

357 1722 506 1798 κατάλυμα
527 1728 580 1782 τῶν
604 1723 766 1784 αίνθεντικῶν
789 1719 946 1802 ἀνθρώπων,
974 1723 1030 1782 ὅσοι
1053 1723 1183 1802 ὑπάγουσι
1205 1721 1252 1784 καί
1275 1723 1404 1803 ἔρχονται
1426 1721 1529 1785 ἐδῶθεν
1552 1724 1656 1804 ἐκεῖσε,

356 1844 403 1904 καί
431 1843 527 1919 ἐπειδὴ
555 1845 572 1920 ἡ
600 1840 660 1924 ἱερὰ
687 1845 753 1920 αθτη
782 1845 850 1919 μοιτί,
879 1843 924 1904 δέν
952 1844 1012 1922 ἔχει
1034 1843 1116 1904 κάνὲν
1139 1845 1294 1906 αὺθεντικον
1318 1846 1401 1918 ἔλεος
1423 1849 1494 1922 μήτε
1518 1844 1655 1924 είσόδημα

357 1967 410 2028 ἀπο
436 1975 485 2044 τῆς
507 1966 644 2045 Βλοχίας,
672 1967 765 2038 καθὼς
788 1966 864 2026 ἄλλα
887 1968 1053 2047 μσναστήρια
1075 1965 1122 2026 καὶ
1145 1965 1227 2041 μοναί
1249 1967 1356 2045 ἔχουσιν
1380 1965 1420 2040 είς
1443 1968 1558 2049 διάφορα
1583 1970 1655 2048 μέρη

356 2087 404 2150 καί
430 2088 497 2163 ξένα
522 2087 569 2149 καί
597 2089 717 2169 ἑντόπια,
740 2086 786 2149 καὶ
809 2086 874 2164 μηδ’
888 2087 946 2148 ἐκεῖ
972 2086 1011 2160 είς
1033 2087 1228 2162 βασιλεύουσαν
1252 2089 1298 2149 δέν
1322 2089 1382 2167 έχει
1405 2089 1521 2171 ἀρκετὴν
1546 2091 1655 2171 ἐνορίαν

357 2211 496 2291 συνοίκων,
524 2211 630 2296 (καθὼς
652 2210 698 2272 καί
722 2212 808 2272 άλλαι
832 2211 938 2290 ἔχουσιν
961 2207 1130 2294 ἐκκλησίαι),
1154 2211 1208 2270 ἀπο
1229 2216 1279 2288 τῆς
1300 2210 1453 2293 συνδρομῆς
1475 2219 1529 2272 τῶν
1552 2212 1653 2274 ὁποίων

258 2321 263 2332 ’
356 2333 390 2392 νά
417 2333 559 2416 ἠμπσρέσρ
587 2335 620 2394 νά
645 2335 785 2416 προρθάση
808 2334 863 2394 ὅλα
885 2333 918 2392 τὰ
940 2333 1087 2414 ἀναγκαῖοι,
1117 2331 1164 2393 καί
1186 2334 1271 2405 σίτοις
1294 2329 1364 2394 εἶναι
1385 2335 1539 2415 παρημένη
1562 2337 1654 2410 πάσης

355 2457 532 2536 προμηθείας,
567 2455 722 2537 ἐκρίναμεν,
750 2458 790 2516 ὅτι
817 2456 866 2532 μία
894 2457 964 2532 μονὴ
991 2459 1038 2516 τοῦ
1064 2457 1145 2517 τόπου
1172 2463 1222 2533 τῆς
1244 2456 1380 2536 Βλαχίας,
1412 2457 1591 2536 εθρισκομένη
1614 2455 1653 2528 είς

355 2579 404 2652 τὴν
438 2577 582 2654 βασιλικὴν
614 2577 761 2659 καθέδραν,
798 2576 840 2660 (ο
874 2579 965 2638 ὁποῖον
1000 2581 1076 2638 τοῦτο
1111 2573 1179 2638 είναι
1212 2580 1279 2658 προς
1308 2579 1388 2654 τιμὴν
1419 2575 1466 2638 καί
1495 2580 1577 2656 χάριν
1606 2583 1652 2638 τοῦ
1711 2625 1712 2629 ,

355 2699 449 2783 τόπου)
480 2701 526 2760 δέν
557 2696 625 2761 εἶναι
654 2699 770 2780 εὔλογον
799 2701 833 2760 νὰ
862 2697 925 2783 ᾐναι
956 2701 1234 2780 ἐγκαταλελειμμένη
1257 2699 1305 2760 καὶ
1328 2700 1535 2780 ἀπεστερημένη
1562 2703 1651 2778 πάσης

355 2821 484 2897 βοηθείας
506 2827 553 2884 τοῦ
574 2824 655 2884 τόπου
677 2823 779 2903 τοίιτου,
804 2824 833 2884 ἑν
856 2818 878 2904 ᾧ
902 2823 967 2903 θείῳ
990 2823 1065 2884 ἐλέει
1086 2825 1153 2884 τόσα
1175 2821 1222 2882 καὶ
1237 2824 1303 2882 τόσα
1318 2825 1486 2902 μσναοτηριοι
1500 2823 1648 2898 ἀλλοδαπῇ
1707 2801 1709 2891 ί

355 2945 514 3021 βοηθοῦνται
543 2943 590 3004 καί
619 2943 801 3024 κυβερνῶνται
831 2945 867 3020 μὲ
896 2945 930 3004 τὰ
960 2945 1028 3020 ἐλέη
1056 2951 1104 3020 τῆς
1133 2950 1317 3028 χριοτιανοικῆς
1346 2944 1445 3020 ταύτης
1474 2945 1647 3023 ἠγεμσνείας,
1705 2929 1707 3023 ί

354 3068 429 3145 πόσῳ
460 3067 570 3142 μᾶλλον
600 3069 697 3146 πρέπει
727 3068 761 3126 ναί
788 3067 919 3142 βοηθῆτοιι
946 3063 992 3126 καί
1019 3067 1049 3126 τ“ο
1076 3063 1115 3138 εἰς
1144 3065 1225 3141 σίντην
1253 3065 1354 3142 ἀνῆκον
1382 3063 1534 3147 ίδιαιτέρως
1561 3066 1648 3142 ἀβοη-

355 3191 434 3266 θητον
466 3192 653 3270 μοναστίὶριον.
700 3189 741 3248 δίο
768 3186 814 3248 καί
847 3187 891 3248 διὰ
917 3190 947 3248 τ“ο
974 3187 1068 3267 χρέος,
1095 3188 1161 3266 ὅπερ
1190 3187 1249 3264 ἔχει
1276 3187 1291 3244 ὁ
1317 3188 1399 3258 τέπος
1426 3181 1504 3260 οὗτος
1530 3189 1597 3267 προς
1618 3189 1646 3246 τ“ο
1701 3165 1703 3219 ί

355 3310 435 3390 ῥηθὲν
459 3309 531 3389 Ιίερ“ον
555 3314 759 3391 μοναοτρήριον,
781 3308 828 3370 καί
853 3308 898 3368 διὰ
919 3309 967 3384 τὴν
991 3309 1148 3388 εὐλάβειαν,
1171 3311 1205 3384 ἣν
1229 3309 1331 3388 ἔχομεν
1354 3311 1435 3384 ἡμεῖς
1457 3309 1525 3388 προς
1547 3309 1600 3369 ὅλα
1615 3309 1646 3368 τὰ
1697 3353 1700 3415 ,

355 3431 414 3512 ἰερὰ
437 3435 603 3508 σκηνώματα
625 3431 671 3492 καὶ
695 3432 728 3490 δι’
742 3433 808 3506 ὅσην
830 3431 1047 3506 καταβάλλομεν
1070 3431 1254 3512 προσπάθειαν
1278 3429 1316 3502 εἰς
1339 3432 1369 3490 τ“ο
1392 3429 1426 3488 να
1441 3431 1593 3508 βλέποιμεν
1614 3435 1644 3490 τά

353 3575 383 3614 τε
412 3553 489 3614 οίλλα
513 3553 572 3633 ίερά
594 3555 760 3629 σκηνώματα
781 3550 828 3612 καί
850 3553 881 3612 τ“ο
903 3553 984 3632 ῥηθὲν
1008 3553 1127 3612 ἐντόπιον
1151 3554 1329 3632 μοναστηριον
1353 3552 1423 3628 μετὰ
1444 3557 1494 3630 τῆς
1518 3552 1642 3614 ἀπαιτου-

355 3679 440 3752 μένης
468 3675 613 3751 εὐκοσμίας
635 3673 682 3736 καί
704 3673 790 3756 χωρίς
813 3675 967 3753 ἐλλείψεως
989 3681 1042 3736 τῶν
1065 3675 1231 3754 ἀναγκαίων,
1260 3673 1464 3753 ἀπερασίσαμεν
1492 3671 1523 3748 ἐξ
1548 3673 1643 3744 σίκείας

354 3820 409 3875 μας
432 3799 536 3876 βουλῆς
557 3795 604 3858 καί
625 3799 809 3879 προαιρέσεως
831 3795 878 3858 καὶ
901 3795 1046 3874 ἐκδίθομεν
1068 3799 1099 3858 τ“ο
1121 3797 1206 3876 παρθν
1226 3797 1359 3876 ἡμέτερον
1375 3797 1531 3856 αὺθεντικον
1546 3799 1641 3879 χρυσέ·

354 3921 484 4001 βουλλον,
512 3921 555 3980 ἵνα
583 3919 714 4002 λαμβάνῃ
741 3917 923 3992 ὁθοιιίντατος
948 3920 1101 3998 ἡγοίμενος
1124 3917 1210 4003 (ὅστις
1231 3913 1301 3980 είναι
1323 3917 1453 3994 κηδεμὼν
1476 3917 1523 3978 καί
1547 3918 1640 3998 κυβερ·
1690 3959 1691 4005 ,

353 4048 436 4120 νήτης
458 4051 508 4120 τῆς
531 4043 605 4125 ἱεροῖς
627 4043 726 4120 ταύτης
749 4040 849 4125 μονῆς)
871 4042 935 4102 καθ’
948 4043 1061 4102 έκαοτον
1083 4041 1182 4122 χρόνον
1207 4041 1289 4112 ἔλεος
1311 4039 1358 4100 καί
1379 4037 1515 4117 είσέδημα
1535 4041 1588 4100 ἀπο
1601 4041 1640 4098 τὀν
1687 4087 1689 4135 ,

352 4170 434 4228 τθπον
457 4169 559 4242 τοῦτον,
583 4165 690 4226 ἐκτῶν
713 4161 753 4226 27
780 4163 889 4240 δηλαδὴ
912 4161 1047 4244 ποπορίιυν
1070 4167 1123 4222 τῶν
1149 4161 1237 4240 ἐντῷ
1260 4161 1416 4242 καθηλικίιρ
1433 4161 1636 4238 Ῥωμανατζίου,
1685 4147 1688 4268 ί

353 4291 430 4348 ἅτινα
452 4289 568 4368 ποπάρια
591 4287 637 4347 δέν
661 4281 729 4346 εἶναι
754 4287 837 4366 μέχρι
851 4285 931 4346 τοῦδε
947 4285 1121 4367 ἀριερωμένα
1136 4282 1176 4356 είς
1191 4279 1273 4344 κάνέν
1291 4283 1365 4344 οίλλο
1381 4287 1572 4366 μονασιήριον,
1593 4281 1635 4344 ἀνί

353 4410 408 4472 θίκυ
431 4411 521 4491 ἄστρα
548 4407 587 4481 είς
614 4410 645 4468 τ“ο
673 4411 780 4488 μέτρον,
811 4407 904 4479 καθὼς
932 4405 978 4466 καὶ
1001 4407 1078 4468 ἄλλα
1102 4409 1268 4486 μοναστήρια
1290 4403 1338 4465 καί
1359 4407 1389 4465 τ“ο
1411 4408 1554 4486 ποίρπαρσν
1575 4401 1635 4465 κατὰ

352 4535 382 4593 το
411 4533 531 4613 σύνηθες,
562 4531 595 4590 τά
623 4531 654 4591 δὲ
677 4530 761 4591 λοιπὰ
783 4531 843 4610 τρία
867 4525 956 4610 οίσπρα
978 4529 1012 4588 νὰ
1035 4531 1135 4605 μένωσι
1158 4527 1205 4588 καί
1228 4527 1303 4600 αὖθις
1326 4528 1479 4608 αὺθεντικά,
1509 4528 1543 4588 τὰ
1565 4529 1634 4587 ὁποία

351 4657 467 4736 ποπόρια
492 4649 559 4714 είναι
574 4653 608 4712 τίι
625 4650 736 4732 ἑφεξῆς
762 4649 959 4730 Δοπρολσβένι,
976 4651 1112 4730 Φατκέγι,
1130 4649 1314 4730 ΙΙραηκοβένι,
1332 4650 1445 4729 Βαλένι,
1463 4647 1631 4727 Ιίατζάγισυλ,
