<?xml version="1.0" encoding="UTF-8"?>
<!DOCTYPE html PUBLIC "-//W3C//DTD XHTML 1.0 Transitional//EN"
    "http://www.w3.org/TR/xhtml1/DTD/xhtml1-transitional.dtd">
<html xmlns="http://www.w3.org/1999/xhtml" xml:lang="en" lang="en">
 <head>
  <title>
</title>
<meta http-equiv="Content-Type" content="text/html;charset=utf-8" />
  <meta name='ocr-system' content='tesseract 3.04.00' />
  <meta name='ocr-capabilities' content='ocr_page ocr_carea ocr_par ocr_line ocrx_word'/>
</head>
<body>
  <div class='ocr_page' id='page_1' title='image "./actaetdiplomata00miklgoog_0429.png"; bbox 0 0 3240 5286; ppageno 0'>
   <div class='ocr_carea' id='block_1_1' title="bbox 240 339 303 426">
    <p class='ocr_par' dir='ltr' id='par_1_1' title="bbox 240 339 303 426">
     <span class='ocr_line' id='line_1_1' title="bbox 240 339 303 426; baseline 0.032 -2"><span class='ocrx_word' id='word_1_1' title='bbox 240 339 303 426; x_wconf 76' lang='lat' dir='ltr'>ess</span> 
     </span>
    </p>
   </div>
   <div class='ocr_carea' id='block_1_2' title="bbox 237 549 1541 2704">
    <p class='ocr_par' dir='ltr' id='par_1_2' title="bbox 237 549 1541 2582">
     <span class='ocr_line' id='line_1_2' title="bbox 237 549 1533 637; baseline -0.006 -21"><span class='ocrx_word' id='word_1_2' title='bbox 237 556 285 616; x_wconf 90' lang='grc' dir='ltr'>καὶ</span> <span class='ocrx_word' id='word_1_3' title='bbox 307 555 451 633; x_wconf 82' lang='grc' dir='ltr'>μέλλοντα</span> <span class='ocrx_word' id='word_1_4' title='bbox 471 555 581 637; x_wconf 79' lang='grc' dir='ltr'>χρόνον,</span> <span class='ocrx_word' id='word_1_5' title='bbox 605 553 682 615; x_wconf 79' lang='grc' dir='ltr'>ἀλλὰ</span> <span class='ocrx_word' id='word_1_6' title='bbox 705 552 739 628; x_wconf 89' lang='grc' dir='ltr'>δῆ</span> <span class='ocrx_word' id='word_1_7' title='bbox 762 551 809 614; x_wconf 86' lang='grc' dir='ltr'>καὶ</span> <span class='ocrx_word' id='word_1_8' title='bbox 829 551 952 634; x_wconf 79' lang='grc' dir='ltr'>ἀνώτερα</span> <span class='ocrx_word' id='word_1_9' title='bbox 966 556 1061 613; x_wconf 82' lang='grc' dir='ltr'>πασῶν</span> <span class='ocrx_word' id='word_1_10' title='bbox 1076 557 1130 612; x_wconf 84' lang='grc' dir='ltr'>τῶν</span> <span class='ocrx_word' id='word_1_11' title='bbox 1146 549 1216 612; x_wconf 79' lang='grc' dir='ltr'>κατὰ</span> <span class='ocrx_word' id='word_1_12' title='bbox 1230 551 1325 632; x_wconf 82' lang='grc' dir='ltr'>χώραν</span> <span class='ocrx_word' id='word_1_13' title='bbox 1341 549 1533 633; x_wconf 77' lang='grc' dir='ltr'>ἐπερχομένων</span> 
     </span>
     <span class='ocr_line' id='line_1_3' title="bbox 239 671 1535 757; baseline -0.005 -19"><span class='ocrx_word' id='word_1_14' title='bbox 239 679 415 755; x_wconf 75' lang='grc' dir='ltr'>δημοσιακιῗιν</span> <span class='ocrx_word' id='word_1_15' title='bbox 439 677 573 757; x_wconf 83' lang='grc' dir='ltr'>ἑπηρειῶν</span> <span class='ocrx_word' id='word_1_16' title='bbox 595 697 624 737; x_wconf 90' lang='grc' dir='ltr'>τε</span> <span class='ocrx_word' id='word_1_17' title='bbox 647 675 695 736; x_wconf 88' lang='grc' dir='ltr'>καί</span> <span class='ocrx_word' id='word_1_18' title='bbox 718 678 903 752; x_wconf 80' lang='grc' dir='ltr'>συζητῆσεων·</span> <span class='ocrx_word' id='word_1_19' title='bbox 927 673 1015 747; x_wconf 77' lang='grc' dir='ltr'>οὐδεὶς</span> <span class='ocrx_word' id='word_1_20' title='bbox 1034 673 1088 755; x_wconf 85' lang='grc' dir='ltr'>γὰρ</span> <span class='ocrx_word' id='word_1_21' title='bbox 1103 679 1157 734; x_wconf 83' lang='grc' dir='ltr'>τῶν</span> <span class='ocrx_word' id='word_1_22' title='bbox 1173 675 1297 733; x_wconf 82' lang='grc' dir='ltr'>ἁπάντων</span> <span class='ocrx_word' id='word_1_23' title='bbox 1313 671 1368 746; x_wconf 77' lang='grc' dir='ltr'>ἕξει</span> <span class='ocrx_word' id='word_1_24' title='bbox 1384 673 1429 733; x_wconf 82' lang='grc' dir='ltr'>ἐπ’</span> <span class='ocrx_word' id='word_1_25' title='bbox 1441 671 1535 744; x_wconf 82' lang='grc' dir='ltr'>ἀδείας</span> 
     </span>
     <span class='ocr_line' id='line_1_4' title="bbox 238 795 1533 880; baseline -0.005 -20"><span class='ocrx_word' id='word_1_26' title='bbox 238 799 282 860; x_wconf 81' lang='grc' dir='ltr'>ἐπί</span> <span class='ocrx_word' id='word_1_27' title='bbox 309 798 388 860; x_wconf 88' lang='grc' dir='ltr'>παντί</span> <span class='ocrx_word' id='word_1_28' title='bbox 414 799 453 880; x_wconf 84' lang='grc' dir='ltr'>τῷ</span> <span class='ocrx_word' id='word_1_29' title='bbox 479 804 524 860; x_wconf 81' lang='grc' dir='ltr'>νύν</span> <span class='ocrx_word' id='word_1_30' title='bbox 552 798 599 859; x_wconf 87' lang='grc' dir='ltr'>καὶ</span> <span class='ocrx_word' id='word_1_31' title='bbox 622 799 754 876; x_wconf 85' lang='grc' dir='ltr'>μέλλοντι</span> <span class='ocrx_word' id='word_1_32' title='bbox 776 799 868 878; x_wconf 78' lang='grc' dir='ltr'>χρόνῳ</span> <span class='ocrx_word' id='word_1_33' title='bbox 890 797 981 874; x_wconf 92' lang='grc' dir='ltr'>λύμην</span> <span class='ocrx_word' id='word_1_34' title='bbox 1004 796 1159 872; x_wconf 84' lang='grc' dir='ltr'>οἱανδῆτινα</span> <span class='ocrx_word' id='word_1_35' title='bbox 1181 796 1295 874; x_wconf 78' lang='grc' dir='ltr'>ἐπάγειν</span> <span class='ocrx_word' id='word_1_36' title='bbox 1317 797 1408 868; x_wconf 78' lang='grc' dir='ltr'>αυτοῖς</span> <span class='ocrx_word' id='word_1_37' title='bbox 1429 799 1449 870; x_wconf 86' lang='grc' dir='ltr'>ῆ</span> <span class='ocrx_word' id='word_1_38' title='bbox 1473 795 1533 855; x_wconf 87' lang='grc' dir='ltr'>δια-</span> 
     </span>
     <span class='ocr_line' id='line_1_5' title="bbox 237 915 1535 1000; baseline -0.005 -18"><span class='ocrx_word' id='word_1_39' title='bbox 237 923 348 998; x_wconf 84' lang='grc' dir='ltr'>σεισμδν</span> <span class='ocrx_word' id='word_1_40' title='bbox 376 921 422 981; x_wconf 89' lang='grc' dir='ltr'>καί</span> <span class='ocrx_word' id='word_1_41' title='bbox 445 922 572 1000; x_wconf 72' lang='grc' dir='ltr'>ἐπίθεσιν,</span> <span class='ocrx_word' id='word_1_42' title='bbox 603 919 649 980; x_wconf 88' lang='grc' dir='ltr'>καί</span> <span class='ocrx_word' id='word_1_43' title='bbox 673 921 712 980; x_wconf 83' lang='grc' dir='ltr'>δτι</span> <span class='ocrx_word' id='word_1_44' title='bbox 736 921 956 998; x_wconf 81' lang='grc' dir='ltr'>ἀποτραπῆσεται</span> <span class='ocrx_word' id='word_1_45' title='bbox 978 924 1011 1000; x_wconf 78' lang='grc' dir='ltr'>τῇ</span> <span class='ocrx_word' id='word_1_46' title='bbox 1036 916 1104 996; x_wconf 83' lang='grc' dir='ltr'>ἰσχύι</span> <span class='ocrx_word' id='word_1_47' title='bbox 1127 915 1174 977; x_wconf 88' lang='grc' dir='ltr'>καί</span> <span class='ocrx_word' id='word_1_48' title='bbox 1201 917 1312 994; x_wconf 75' lang='grc' dir='ltr'>δυνάμει</span> <span class='ocrx_word' id='word_1_49' title='bbox 1334 921 1380 977; x_wconf 87' lang='grc' dir='ltr'>τοῦ</span> <span class='ocrx_word' id='word_1_50' title='bbox 1402 918 1535 998; x_wconf 74' lang='grc' dir='ltr'>παρόντος</span> 
     </span>
     <span class='ocr_line' id='line_1_6' title="bbox 237 1039 1533 1124; baseline -0.007 -20"><span class='ocrx_word' id='word_1_51' title='bbox 237 1043 443 1124; x_wconf 85' lang='grc' dir='ltr'>χρυσοβούλλου</span> <span class='ocrx_word' id='word_1_52' title='bbox 472 1043 559 1122; x_wconf 79' lang='grc' dir='ltr'>λύγου</span> <span class='ocrx_word' id='word_1_53' title='bbox 580 1048 630 1120; x_wconf 78' lang='grc' dir='ltr'>τῆς</span> <span class='ocrx_word' id='word_1_54' title='bbox 662 1040 805 1118; x_wconf 77' lang='grc' dir='ltr'><strong>βασιλείας</strong></span> <span class='ocrx_word' id='word_1_55' title='bbox 828 1061 889 1118; x_wconf 80' lang='grc' dir='ltr'>μου,</span> <span class='ocrx_word' id='word_1_56' title='bbox 920 1045 974 1112; x_wconf 86' lang='grc' dir='ltr'>πάς</span> <span class='ocrx_word' id='word_1_57' title='bbox 996 1041 1010 1099; x_wconf 85' lang='lat' dir='ltr'><em>b</em></span> <span class='ocrx_word' id='word_1_58' title='bbox 1032 1041 1151 1100; x_wconf 74' lang='grc' dir='ltr'>τοιοῦτόν</span> <span class='ocrx_word' id='word_1_59' title='bbox 1172 1059 1197 1098; x_wconf 94' lang='grc' dir='ltr'>τι</span> <span class='ocrx_word' id='word_1_60' title='bbox 1221 1039 1378 1117; x_wconf 77' lang='grc' dir='ltr'>ἐπενεγκεῖν</span> <span class='ocrx_word' id='word_1_61' title='bbox 1400 1039 1533 1118; x_wconf 81' lang='grc' dir='ltr'>πειραθῆ-</span> 
     </span>
     <span class='ocr_line' id='line_1_7' title="bbox 238 1159 1535 1244; baseline -0.006 -18"><span class='ocrx_word' id='word_1_62' title='bbox 238 1169 354 1242; x_wconf 83' lang='grc' dir='ltr'>σύμενος</span> <span class='ocrx_word' id='word_1_63' title='bbox 375 1161 422 1224; x_wconf 87' lang='grc' dir='ltr'>καί</span> <span class='ocrx_word' id='word_1_64' title='bbox 446 1163 480 1224; x_wconf 83' lang='grc' dir='ltr'>δι’</span> <span class='ocrx_word' id='word_1_65' title='bbox 494 1163 580 1241; x_wconf 79' lang='grc' dir='ltr'>ὄχλου</span> <span class='ocrx_word' id='word_1_66' title='bbox 603 1163 678 1235; x_wconf 84' lang='grc' dir='ltr'>ὅλως</span> <span class='ocrx_word' id='word_1_67' title='bbox 700 1163 826 1241; x_wconf 86' lang='grc' dir='ltr'>γενέσθαι</span> <span class='ocrx_word' id='word_1_68' title='bbox 848 1168 882 1244; x_wconf 75' lang='grc' dir='ltr'>τῇ</span> <span class='ocrx_word' id='word_1_69' title='bbox 905 1159 1037 1243; x_wconf 75' lang='grc' dir='ltr'>εἰρημένῃ</span> <span class='ocrx_word' id='word_1_70' title='bbox 1061 1159 1198 1243; x_wconf 82' lang='grc' dir='ltr'>οεβασμίᾳ</span> <span class='ocrx_word' id='word_1_71' title='bbox 1221 1165 1290 1242; x_wconf 82' lang='grc' dir='ltr'>μονῇ</span> <span class='ocrx_word' id='word_1_72' title='bbox 1305 1163 1323 1235; x_wconf 84' lang='grc' dir='ltr'>ῆ</span> <span class='ocrx_word' id='word_1_73' title='bbox 1337 1163 1395 1232; x_wconf 84' lang='grc' dir='ltr'>τοῖς</span> <span class='ocrx_word' id='word_1_74' title='bbox 1409 1164 1535 1240; x_wconf 69' lang='grc' dir='ltr'>προσαύσι</span> 
     </span>
     <span class='ocr_line' id='line_1_8' title="bbox 239 1280 1536 1368; baseline -0.006 -21"><span class='ocrx_word' id='word_1_75' title='bbox 239 1289 305 1368; x_wconf 79' lang='grc' dir='ltr'>αίιιῆ</span> <span class='ocrx_word' id='word_1_76' title='bbox 334 1287 462 1358; x_wconf 88' lang='grc' dir='ltr'>τοιούτοις</span> <span class='ocrx_word' id='word_1_77' title='bbox 492 1285 609 1361; x_wconf 80' lang='grc' dir='ltr'>κτῆμασί</span> <span class='ocrx_word' id='word_1_78' title='bbox 639 1305 669 1344; x_wconf 89' lang='grc' dir='ltr'>τε</span> <span class='ocrx_word' id='word_1_79' title='bbox 699 1283 745 1344; x_wconf 91' lang='grc' dir='ltr'>καί</span> <span class='ocrx_word' id='word_1_80' title='bbox 777 1283 899 1363; x_wconf 85' lang='grc' dir='ltr'>δικαίοις,</span> <span class='ocrx_word' id='word_1_81' title='bbox 931 1286 970 1354; x_wconf 83' lang='grc' dir='ltr'>ὡς</span> <span class='ocrx_word' id='word_1_82' title='bbox 999 1280 1047 1342; x_wconf 87' lang='grc' dir='ltr'>καί</span> <span class='ocrx_word' id='word_1_83' title='bbox 1069 1282 1240 1363; x_wconf 85' lang='grc' dir='ltr'>ύττερκείσθαι</span> <span class='ocrx_word' id='word_1_84' title='bbox 1263 1281 1425 1361; x_wconf 79' lang='grc' dir='ltr'>ὀφειλόντων</span> <span class='ocrx_word' id='word_1_85' title='bbox 1450 1284 1536 1342; x_wconf 80' lang='grc' dir='ltr'>αότῶν</span> 
     </span>
     <span class='ocr_line' id='line_1_9' title="bbox 240 1403 1537 1486; baseline -0.005 -17"><span class='ocrx_word' id='word_1_86' title='bbox 240 1409 437 1486; x_wconf 83' lang='grc' dir='ltr'>ἐπηρεαστικῆς</span> <span class='ocrx_word' id='word_1_87' title='bbox 468 1409 577 1484; x_wconf 84' lang='grc' dir='ltr'>ἁπάσης</span> <span class='ocrx_word' id='word_1_88' title='bbox 598 1406 645 1467; x_wconf 87' lang='grc' dir='ltr'>καί</span> <span class='ocrx_word' id='word_1_89' title='bbox 675 1405 769 1466; x_wconf 84' lang='grc' dir='ltr'>ἀδίκου</span> <span class='ocrx_word' id='word_1_90' title='bbox 798 1407 892 1486; x_wconf 83' lang='grc' dir='ltr'>χειρδς</span> <span class='ocrx_word' id='word_1_91' title='bbox 915 1403 961 1466; x_wconf 87' lang='grc' dir='ltr'>καὶ</span> <span class='ocrx_word' id='word_1_92' title='bbox 984 1403 1122 1482; x_wconf 87' lang='grc' dir='ltr'>μηδεμίαν</span> <span class='ocrx_word' id='word_1_93' title='bbox 1145 1405 1298 1483; x_wconf 70' lang='grc' dir='ltr'>ὑφίστασθαι</span> <span class='ocrx_word' id='word_1_94' title='bbox 1320 1404 1395 1483; x_wconf 77' lang='grc' dir='ltr'>παρὰ</span> <span class='ocrx_word' id='word_1_95' title='bbox 1417 1403 1537 1479; x_wconf 83' lang='grc' dir='ltr'>μηδενδς</span> 
     </span>
     <span class='ocr_line' id='line_1_10' title="bbox 240 1521 1537 1611; baseline -0.004 -23"><span class='ocrx_word' id='word_1_96' title='bbox 240 1531 365 1611; x_wconf 75' lang='grc' dir='ltr'>άρταγῆν</span> <span class='ocrx_word' id='word_1_97' title='bbox 389 1528 435 1590; x_wconf 88' lang='grc' dir='ltr'>καί</span> <span class='ocrx_word' id='word_1_98' title='bbox 458 1530 548 1605; x_wconf 88' lang='grc' dir='ltr'>λύμην</span> <span class='ocrx_word' id='word_1_99' title='bbox 571 1527 617 1588; x_wconf 88' lang='grc' dir='ltr'>καί</span> <span class='ocrx_word' id='word_1_100' title='bbox 641 1527 824 1606; x_wconf 78' lang='grc' dir='ltr'>διενέχλησιν,</span> <span class='ocrx_word' id='word_1_101' title='bbox 853 1529 891 1600; x_wconf 85' lang='grc' dir='ltr'>ὡς</span> <span class='ocrx_word' id='word_1_102' title='bbox 914 1527 1037 1586; x_wconf 79' lang='grc' dir='ltr'>ἐντεῦθεν</span> <span class='ocrx_word' id='word_1_103' title='bbox 1057 1521 1127 1586; x_wconf 87' lang='grc' dir='ltr'>είναι</span> <span class='ocrx_word' id='word_1_104' title='bbox 1149 1524 1196 1586; x_wconf 88' lang='grc' dir='ltr'>καί</span> <span class='ocrx_word' id='word_1_105' title='bbox 1218 1529 1274 1598; x_wconf 86' lang='grc' dir='ltr'>τοῖς</span> <span class='ocrx_word' id='word_1_106' title='bbox 1297 1525 1326 1585; x_wconf 86' lang='grc' dir='ltr'>ἐν</span> <span class='ocrx_word' id='word_1_107' title='bbox 1348 1531 1381 1608; x_wconf 76' lang='grc' dir='ltr'>τῆ</span> <span class='ocrx_word' id='word_1_108' title='bbox 1405 1523 1537 1606; x_wconf 75' lang='grc' dir='ltr'>εἰρημένῃ</span> 
     </span>
     <span class='ocr_line' id='line_1_11' title="bbox 239 1645 1538 1732; baseline -0.005 -21"><span class='ocrx_word' id='word_1_109' title='bbox 239 1651 375 1732; x_wconf 79' lang='grc' dir='ltr'>σεβασμίφι</span> <span class='ocrx_word' id='word_1_110' title='bbox 406 1657 476 1731; x_wconf 82' lang='grc' dir='ltr'>μονῇ</span> <span class='ocrx_word' id='word_1_111' title='bbox 506 1653 554 1726; x_wconf 84' lang='grc' dir='ltr'>τῆν</span> <span class='ocrx_word' id='word_1_112' title='bbox 585 1650 734 1726; x_wconf 84' lang='grc' dir='ltr'>μοναδικῆν</span> <span class='ocrx_word' id='word_1_113' title='bbox 764 1669 795 1709; x_wconf 90' lang='grc' dir='ltr'>τε</span> <span class='ocrx_word' id='word_1_114' title='bbox 824 1647 870 1709; x_wconf 88' lang='grc' dir='ltr'>καί</span> <span class='ocrx_word' id='word_1_115' title='bbox 900 1649 972 1708; x_wconf 80' lang='grc' dir='ltr'>κατὰ</span> <span class='ocrx_word' id='word_1_116' title='bbox 994 1649 1057 1708; x_wconf 74' lang='grc' dir='ltr'>θεον</span> <span class='ocrx_word' id='word_1_117' title='bbox 1079 1647 1277 1727; x_wconf 78' lang='grc' dir='ltr'>προελομένας</span> <span class='ocrx_word' id='word_1_118' title='bbox 1299 1646 1414 1726; x_wconf 70' lang='grc' dir='ltr'>ἀγωγήν</span> <span class='ocrx_word' id='word_1_119' title='bbox 1436 1667 1467 1706; x_wconf 90' lang='grc' dir='ltr'>τε</span> <span class='ocrx_word' id='word_1_120' title='bbox 1489 1645 1538 1706; x_wconf 88' lang='grc' dir='ltr'>καί</span> 
     </span>
     <span class='ocr_line' id='line_1_12' title="bbox 240 1767 1539 1852; baseline -0.005 -20"><span class='ocrx_word' id='word_1_121' title='bbox 240 1771 341 1852; x_wconf 66' lang='grc' dir='ltr'>βίωσιν,</span> <span class='ocrx_word' id='word_1_122' title='bbox 374 1772 435 1848; x_wconf 77' lang='grc' dir='ltr'>μεθ’</span> <span class='ocrx_word' id='word_1_123' title='bbox 448 1774 550 1849; x_wconf 81' lang='grc' dir='ltr'>ῆσύχσυ</span> <span class='ocrx_word' id='word_1_124' title='bbox 579 1773 677 1849; x_wconf 78' lang='grc' dir='ltr'>ταύτην</span> <span class='ocrx_word' id='word_1_125' title='bbox 709 1773 829 1848; x_wconf 84' lang='grc' dir='ltr'>μετιέναι</span> <span class='ocrx_word' id='word_1_126' title='bbox 851 1777 901 1846; x_wconf 84' lang='grc' dir='ltr'>τῆς</span> <span class='ocrx_word' id='word_1_127' title='bbox 927 1771 1121 1842; x_wconf 78' lang='grc' dir='ltr'>καταστάσεως</span> <span class='ocrx_word' id='word_1_128' title='bbox 1147 1767 1193 1828; x_wconf 79' lang='grc' dir='ltr'>καὶ</span> <span class='ocrx_word' id='word_1_129' title='bbox 1216 1768 1365 1828; x_wconf 83' lang='grc' dir='ltr'>ἀπολαύειν</span> <span class='ocrx_word' id='word_1_130' title='bbox 1389 1769 1539 1848; x_wconf 82' lang='grc' dir='ltr'>ἀταράχως</span> 
     </span>
     <span class='ocr_line' id='line_1_13' title="bbox 239 1887 1538 1974; baseline -0.005 -19"><span class='ocrx_word' id='word_1_131' title='bbox 239 1900 287 1970; x_wconf 86' lang='grc' dir='ltr'>τῆς</span> <span class='ocrx_word' id='word_1_132' title='bbox 310 1895 452 1974; x_wconf 77' lang='grc' dir='ltr'>θεοφιλοῦς</span> <span class='ocrx_word' id='word_1_133' title='bbox 476 1894 510 1970; x_wconf 81' lang='grc' dir='ltr'>δὴ</span> <span class='ocrx_word' id='word_1_134' title='bbox 533 1895 632 1968; x_wconf 80' lang='grc' dir='ltr'>ταύτης</span> <span class='ocrx_word' id='word_1_135' title='bbox 652 1891 793 1965; x_wconf 82' lang='grc' dir='ltr'>πολιτείας</span> <span class='ocrx_word' id='word_1_136' title='bbox 815 1891 861 1954; x_wconf 89' lang='grc' dir='ltr'>καί</span> <span class='ocrx_word' id='word_1_137' title='bbox 884 1891 1006 1969; x_wconf 70' lang='grc' dir='ltr'>ὑψηλῆς·</span> <span class='ocrx_word' id='word_1_138' title='bbox 1030 1891 1075 1950; x_wconf 84' lang='grc' dir='ltr'>διὰ</span> <span class='ocrx_word' id='word_1_139' title='bbox 1097 1887 1151 1970; x_wconf 80' lang='grc' dir='ltr'>γὰρ</span> <span class='ocrx_word' id='word_1_140' title='bbox 1173 1895 1250 1951; x_wconf 76' lang='grc' dir='ltr'>τοῦτο</span> <span class='ocrx_word' id='word_1_141' title='bbox 1266 1889 1391 1969; x_wconf 75' lang='grc' dir='ltr'>ἐγεγόνει</span> <span class='ocrx_word' id='word_1_142' title='bbox 1405 1888 1453 1950; x_wconf 88' lang='grc' dir='ltr'>καί</span> <span class='ocrx_word' id='word_1_143' title='bbox 1469 1890 1538 1950; x_wconf 86' lang='grc' dir='ltr'>ἐπε-</span> 
     </span>
     <span class='ocr_line' id='line_1_14' title="bbox 240 2012 1539 2098; baseline -0.004 -24"><span class='ocrx_word' id='word_1_144' title='bbox 240 2015 377 2096; x_wconf 82' lang='grc' dir='ltr'>βραβεύθη</span> <span class='ocrx_word' id='word_1_145' title='bbox 408 2023 440 2098; x_wconf 75' lang='grc' dir='ltr'>τῇ</span> <span class='ocrx_word' id='word_1_146' title='bbox 472 2015 651 2098; x_wconf 81' lang='grc' dir='ltr'>διαληφθείσφ</span> <span class='ocrx_word' id='word_1_147' title='bbox 683 2015 819 2097; x_wconf 76' lang='grc' dir='ltr'>οεβασμίφι</span> <span class='ocrx_word' id='word_1_148' title='bbox 849 2020 919 2093; x_wconf 78' lang='grc' dir='ltr'>μονῇ</span> <span class='ocrx_word' id='word_1_149' title='bbox 949 2019 998 2088; x_wconf 89' lang='grc' dir='ltr'>τῆς</span> <span class='ocrx_word' id='word_1_150' title='bbox 1019 2014 1226 2093; x_wconf 78' lang='grc' dir='ltr'>πανυπεράγνου</span> <span class='ocrx_word' id='word_1_151' title='bbox 1249 2032 1300 2087; x_wconf 88' lang='grc' dir='ltr'>μου</span> <span class='ocrx_word' id='word_1_152' title='bbox 1324 2013 1468 2088; x_wconf 77' lang='grc' dir='ltr'>δεσποίνης</span> <span class='ocrx_word' id='word_1_153' title='bbox 1490 2012 1539 2070; x_wconf 85' lang='grc' dir='ltr'>καί</span> 
     </span>
     <span class='ocr_line' id='line_1_15' title="bbox 240 2127 1539 2218; baseline -0.004 -22"><span class='ocrx_word' id='word_1_154' title='bbox 240 2139 409 2218; x_wconf 86' lang='grc' dir='ltr'>θεομῆτορος</span> <span class='ocrx_word' id='word_1_155' title='bbox 435 2144 485 2213; x_wconf 84' lang='grc' dir='ltr'>τῆς</span> <span class='ocrx_word' id='word_1_156' title='bbox 510 2137 660 2212; x_wconf 87' lang='grc' dir='ltr'>Ἐλεσύσης</span> <span class='ocrx_word' id='word_1_157' title='bbox 686 2135 732 2196; x_wconf 86' lang='grc' dir='ltr'>καί</span> <span class='ocrx_word' id='word_1_158' title='bbox 761 2137 775 2194; x_wconf 84' lang='grc' dir='ltr'>δ</span> <span class='ocrx_word' id='word_1_159' title='bbox 801 2135 1008 2215; x_wconf 83' lang='grc' dir='ltr'>χρυούβουλλος</span> <span class='ocrx_word' id='word_1_160' title='bbox 1030 2135 1116 2214; x_wconf 80' lang='grc' dir='ltr'>λόγος</span> <span class='ocrx_word' id='word_1_161' title='bbox 1138 2127 1215 2206; x_wconf 77' lang='grc' dir='ltr'>οὗτος</span> <span class='ocrx_word' id='word_1_162' title='bbox 1236 2141 1286 2210; x_wconf 88' lang='grc' dir='ltr'>τῆς</span> <span class='ocrx_word' id='word_1_163' title='bbox 1309 2133 1453 2209; x_wconf 80' lang='grc' dir='ltr'>βασιλείας</span> <span class='ocrx_word' id='word_1_164' title='bbox 1476 2153 1539 2211; x_wconf 81' lang='grc' dir='ltr'>μου,</span> 
     </span>
     <span class='ocr_line' id='line_1_16' title="bbox 241 2253 1540 2339; baseline -0.004 -22"><span class='ocrx_word' id='word_1_165' title='bbox 241 2257 387 2331; x_wconf 78' lang='grc' dir='ltr'>ἀπολυθείς</span> <span class='ocrx_word' id='word_1_166' title='bbox 410 2260 494 2319; x_wconf 83' lang='grc' dir='ltr'>κατὰ</span> <span class='ocrx_word' id='word_1_167' title='bbox 517 2267 606 2335; x_wconf 88' lang='grc' dir='ltr'>μῆνα</span> <span class='ocrx_word' id='word_1_168' title='bbox 628 2261 766 2339; x_wconf 87' lang='grc' dir='ltr'>μάρτιον</span> <span class='ocrx_word' id='word_1_169' title='bbox 788 2265 846 2332; x_wconf 92' lang='grc' dir='ltr'>τῆς</span> <span class='ocrx_word' id='word_1_170' title='bbox 867 2261 921 2316; x_wconf 78' lang='grc' dir='ltr'>νῦν</span> <span class='ocrx_word' id='word_1_171' title='bbox 940 2258 1124 2337; x_wconf 88' lang='grc' dir='ltr'>τρεχούσης</span> <span class='ocrx_word' id='word_1_172' title='bbox 1148 2256 1307 2336; x_wconf 81' lang='grc' dir='ltr'>δευτέρας</span> <span class='ocrx_word' id='word_1_173' title='bbox 1330 2253 1540 2326; x_wconf 84' lang='grc' dir='ltr'>ίνδικτιῶνας</span> 
     </span>
     <span class='ocr_line' id='line_1_17' title="bbox 240 2377 1541 2459; baseline -0.005 -19"><span class='ocrx_word' id='word_1_174' title='bbox 240 2389 296 2440; x_wconf 80' lang='grc' dir='ltr'><strong>τοὺ</strong></span> <span class='ocrx_word' id='word_1_175' title='bbox 326 2380 621 2459; x_wconf 79' lang='grc' dir='ltr'>ἑξακισχιλιοστού</span> <span class='ocrx_word' id='word_1_176' title='bbox 651 2381 909 2440; x_wconf 83' lang='grc' dir='ltr'>ἑττακοσιοστού</span> <span class='ocrx_word' id='word_1_177' title='bbox 936 2379 1175 2452; x_wconf 85' lang='grc' dir='ltr'>ἑννενηκοοτοῦ</span> <span class='ocrx_word' id='word_1_178' title='bbox 1203 2379 1347 2453; x_wconf 81' lang='grc' dir='ltr'>ἑβδόμου</span> <span class='ocrx_word' id='word_1_179' title='bbox 1370 2379 1475 2452; x_wconf 77' lang='grc' dir='ltr'>ἔτους,</span> <span class='ocrx_word' id='word_1_180' title='bbox 1511 2377 1541 2434; x_wconf 83' lang='grc' dir='ltr'>ἐν</span> 
     </span>
     <span class='ocr_line' id='line_1_18' title="bbox 242 2497 1362 2582; baseline -0.003 -22"><span class='ocrx_word' id='word_1_181' title='bbox 242 2497 333 2580; x_wconf 84' lang='grc' dir='ltr'>ᾧνιοί</span> <span class='ocrx_word' id='word_1_182' title='bbox 354 2505 385 2562; x_wconf 87' lang='grc' dir='ltr'>τδ</span> <span class='ocrx_word' id='word_1_183' title='bbox 408 2505 548 2582; x_wconf 84' lang='grc' dir='ltr'>ῆμέτερων</span> <span class='ocrx_word' id='word_1_184' title='bbox 573 2501 684 2575; x_wconf 80' lang='grc' dir='ltr'>εύσεβὲς</span> <span class='ocrx_word' id='word_1_185' title='bbox 706 2499 753 2561; x_wconf 87' lang='grc' dir='ltr'>καί</span> <span class='ocrx_word' id='word_1_186' title='bbox 776 2501 978 2580; x_wconf 76' lang='grc' dir='ltr'>θεσπρύβλητον</span> <span class='ocrx_word' id='word_1_187' title='bbox 1001 2499 1191 2576; x_wconf 85' lang='grc' dir='ltr'>ύπεσημῆνοτο</span> <span class='ocrx_word' id='word_1_188' title='bbox 1214 2502 1313 2580; x_wconf 87' lang='grc' dir='ltr'>κράτος</span> <span class='ocrx_word' id='word_1_189' title='bbox 1335 2505 1362 2576; x_wconf 69' lang='grc' dir='ltr'>ῆ.</span> 
     </span>
    </p>

    <p class='ocr_par' dir='ltr' id='par_1_3' title="bbox 345 2619 1541 2704">
     <span class='ocr_line' id='line_1_19' title="bbox 345 2619 1541 2704; baseline -0.003 -22"><span class='ocrx_word' id='word_1_190' title='bbox 345 2629 362 2700; x_wconf 83' lang='lat'>†</span> <span class='ocrx_word' id='word_1_191' title='bbox 386 2624 592 2704; x_wconf 76' lang='grc' dir='ltr'>Ἀνδρόνικος</span> <span class='ocrx_word' id='word_1_192' title='bbox 617 2623 649 2682; x_wconf 87' lang='grc' dir='ltr'>ἐν</span> <span class='ocrx_word' id='word_1_193' title='bbox 667 2623 796 2703; x_wconf 81' lang='grc' dir='ltr'>Χριστῷ</span> <span class='ocrx_word' id='word_1_194' title='bbox 810 2621 853 2700; x_wconf 76' lang='grc' dir='ltr'>τῷ</span> <span class='ocrx_word' id='word_1_195' title='bbox 868 2621 932 2701; x_wconf 79' lang='grc' dir='ltr'>θεῷ</span> <span class='ocrx_word' id='word_1_196' title='bbox 947 2621 1061 2693; x_wconf 82' lang='grc' dir='ltr'>πιστος</span> <span class='ocrx_word' id='word_1_197' title='bbox 1077 2622 1238 2697; x_wconf 77' lang='grc' dir='ltr'>βασιλεὺς</span> <span class='ocrx_word' id='word_1_198' title='bbox 1252 2619 1309 2680; x_wconf 89' lang='grc' dir='ltr'>καί</span> <span class='ocrx_word' id='word_1_199' title='bbox 1324 2621 1541 2700; x_wconf 71' lang='grc' dir='ltr'>αὐτοκράτωρ</span> 
     </span>
    </p>
   </div>
   <div class='ocr_carea' id='block_1_3' title="bbox 245 2742 1318 2824">
    <p class='ocr_par' dir='ltr' id='par_1_4' title="bbox 245 2742 1318 2824">
     <span class='ocr_line' id='line_1_20' title="bbox 245 2742 1318 2824; baseline -0.001 -20"><span class='ocrx_word' id='word_1_200' title='bbox 245 2745 426 2824; x_wconf 78' lang='grc' dir='ltr'>Ῥωμαίων,</span> <span class='ocrx_word' id='word_1_201' title='bbox 451 2746 582 2816; x_wconf 87' lang='grc' dir='ltr'>Δούκας</span> <span class='ocrx_word' id='word_1_202' title='bbox 605 2742 772 2824; x_wconf 80' lang='grc' dir='ltr'>Ἄγγελος</span> <span class='ocrx_word' id='word_1_203' title='bbox 794 2743 969 2819; x_wconf 87' lang='grc' dir='ltr'>Κομνηνδς</span> <span class='ocrx_word' id='word_1_204' title='bbox 992 2745 1006 2800; x_wconf 85' lang='grc' dir='ltr'>δ</span> <span class='ocrx_word' id='word_1_205' title='bbox 1031 2743 1270 2823; x_wconf 81' lang='grc' dir='ltr'>[Ιαλαιολύγος</span> <span class='ocrx_word' id='word_1_206' title='bbox 1292 2747 1318 2820; x_wconf 87' lang='lat'>†.</span> 
     </span>
    </p>
   </div>
   <div class='ocr_carea' id='block_1_4' title="bbox 242 2851 1544 3052">
    <p class='ocr_par' dir='ltr' id='par_1_5' title="bbox 242 2851 1544 3052">
     <span class='ocr_line' id='line_1_21' title="bbox 345 2851 1544 2945; baseline -0.005 -17"><span class='ocrx_word' id='word_1_207' title='bbox 345 2875 443 2928; x_wconf 77' lang='lat' dir='ltr'><em>Edidit</em></span> <span class='ocrx_word' id='word_1_208' title='bbox 460 2874 535 2945; x_wconf 79' lang='lat' dir='ltr'><em>Spir.</em></span> <span class='ocrx_word' id='word_1_209' title='bbox 553 2875 586 2928; x_wconf 90' lang='lat' dir='ltr'>P.</span> <span class='ocrx_word' id='word_1_210' title='bbox 603 2851 737 2928; x_wconf 74' lang='lat' dir='ltr'><em>Larubros</em></span> <span class='ocrx_word' id='word_1_211' title='bbox 752 2874 781 2926; x_wconf 82' lang='grc' dir='ltr'>ιἰι</span> <span class='ocrx_word' id='word_1_212' title='bbox 797 2873 1023 2942; x_wconf 74' lang='lat' dir='ltr'><em>ephemeridibus:</em></span> <span class='ocrx_word' id='word_1_213' title='bbox 1045 2865 1159 2925; x_wconf 82' lang='grc' dir='ltr'>Δελτίον</span> <span class='ocrx_word' id='word_1_214' title='bbox 1179 2871 1229 2942; x_wconf 86' lang='grc' dir='ltr'>τῆς</span> <span class='ocrx_word' id='word_1_215' title='bbox 1245 2863 1380 2945; x_wconf 81' lang='grc' dir='ltr'>ἱστορικῆς</span> <span class='ocrx_word' id='word_1_216' title='bbox 1395 2863 1444 2924; x_wconf 84' lang='grc' dir='ltr'>καί</span> <span class='ocrx_word' id='word_1_217' title='bbox 1460 2865 1544 2923; x_wconf 81' lang='grc' dir='ltr'>ἐθνα-</span> 
     </span>
     <span class='ocr_line' id='line_1_22' title="bbox 242 2972 1543 3052; baseline -0.002 -22"><span class='ocrx_word' id='word_1_218' title='bbox 242 2973 360 3051; x_wconf 86' lang='grc' dir='ltr'>λογικῆς</span> <span class='ocrx_word' id='word_1_219' title='bbox 376 2972 518 3052; x_wconf 83' lang='grc' dir='ltr'>ἑταιρείας.</span> <span class='ocrx_word' id='word_1_220' title='bbox 546 2979 620 3032; x_wconf 80' lang='lat' dir='ltr'><em>Tum.</em></span> <span class='ocrx_word' id='word_1_221' title='bbox 637 2979 662 3032; x_wconf 92' lang='grc' dir='ltr'>Ι.</span> <span class='ocrx_word' id='word_1_222' title='bbox 674 2977 748 3046; x_wconf 85' lang='lat' dir='ltr'><em>sasc.</em></span> <span class='ocrx_word' id='word_1_223' title='bbox 767 2979 802 3044; x_wconf 87' lang='lat'>1.‚</span> <span class='ocrx_word' id='word_1_224' title='bbox 814 2992 846 3045; x_wconf 92' lang='lat' dir='ltr'>p.</span> <span class='ocrx_word' id='word_1_225' title='bbox 867 2977 936 3031; x_wconf 80' lang='lat'><em>116.</em></span> <span class='ocrx_word' id='word_1_226' title='bbox 955 2994 987 3029; x_wconf 77' lang='grc' dir='ltr'>ιτα</span> <span class='ocrx_word' id='word_1_227' title='bbox 1001 2975 1140 3046; x_wconf 78' lang='grc' dir='ltr'>ονίφίιιιιίί,</span> <span class='ocrx_word' id='word_1_228' title='bbox 1157 2976 1228 3046; x_wconf 78' lang='lat' dir='ltr'><em>quod</em></span> <span class='ocrx_word' id='word_1_229' title='bbox 1242 2981 1303 3029; x_wconf 81' lang='lat' dir='ltr'><em>erat</em></span> <span class='ocrx_word' id='word_1_230' title='bbox 1317 2975 1543 3030; x_wconf 72' lang='lat' dir='ltr'><strong><em>monasteriorum</em></strong></span> 
     </span>
    </p>
   </div>
   <div class='ocr_carea' id='block_1_5' title="bbox 241 3072 1545 3380">
    <p class='ocr_par' dir='ltr' id='par_1_6' title="bbox 241 3072 1545 3380">
     <span class='ocr_line' id='line_1_23' title="bbox 241 3072 1545 3158; baseline -0.004 -21"><span class='ocrx_word' id='word_1_231' title='bbox 241 3084 295 3137; x_wconf 83' lang='grc' dir='ltr'>τῶν</span> <span class='ocrx_word' id='word_1_232' title='bbox 305 3072 470 3158; x_wconf 80' lang='grc' dir='ltr'>Μετεὼριον,</span> <span class='ocrx_word' id='word_1_233' title='bbox 482 3101 553 3136; x_wconf 79' lang='lat' dir='ltr'><em>uuus</em></span> <span class='ocrx_word' id='word_1_234' title='bbox 565 3088 655 3136; x_wconf 84' lang='lat' dir='ltr'><em>autern</em></span> <span class='ocrx_word' id='word_1_235' title='bbox 667 3088 825 3136; x_wconf 71' lang='lat' dir='ltr'><em>asservatur</em></span> <span class='ocrx_word' id='word_1_236' title='bbox 837 3081 865 3134; x_wconf 85' lang='grc' dir='ltr'>ι’νι</span> <span class='ocrx_word' id='word_1_237' title='bbox 877 3081 1034 3135; x_wconf 76' lang='lat' dir='ltr'><em>bibliotheca</em></span> <span class='ocrx_word' id='word_1_238' title='bbox 1044 3079 1206 3134; x_wconf 78' lang='grc' dir='ltr'>Αίίιοιιιάιεί.</span> <span class='ocrx_word' id='word_1_239' title='bbox 1220 3080 1271 3133; x_wconf 81' lang='lat' dir='ltr'>Est</span> <span class='ocrx_word' id='word_1_240' title='bbox 1283 3079 1388 3134; x_wconf 85' lang='lat' dir='ltr'><em>rotulus</em></span> <span class='ocrx_word' id='word_1_241' title='bbox 1400 3079 1429 3132; x_wconf 83' lang='lat' dir='ltr'>r&#39;n</span> <span class='ocrx_word' id='word_1_242' title='bbox 1442 3097 1545 3150; x_wconf 72' lang='lat' dir='ltr'><em>perpa-</em></span> 
     </span>
     <span class='ocr_line' id='line_1_24' title="bbox 243 3175 1545 3258; baseline -0.007 -17"><span class='ocrx_word' id='word_1_243' title='bbox 243 3207 335 3242; x_wconf 82' lang='lat' dir='ltr'><em>merra:</em></span> <span class='ocrx_word' id='word_1_244' title='bbox 351 3207 369 3242; x_wconf 90' lang='lat' dir='ltr'><em>a</em></span> <span class='ocrx_word' id='word_1_245' title='bbox 382 3194 463 3258; x_wconf 71' lang='lat' dir='ltr'><em>terpa,</em></span> <span class='ocrx_word' id='word_1_246' title='bbox 481 3187 530 3239; x_wconf 79' lang='lat' dir='ltr'>ube·</span> <span class='ocrx_word' id='word_1_247' title='bbox 537 3187 611 3256; x_wconf 79' lang='lat' dir='ltr'><em>solia</em></span> <span class='ocrx_word' id='word_1_248' title='bbox 622 3194 685 3240; x_wconf 79' lang='lat' dir='ltr'><em>suut</em></span> <span class='ocrx_word' id='word_1_249' title='bbox 697 3187 766 3240; x_wconf 76' lang='lat' dir='ltr'><em>cotta</em></span> <span class='ocrx_word' id='word_1_250' title='bbox 774 3186 883 3254; x_wconf 82' lang='lat' dir='ltr'><em>jurrcta,</em></span> <span class='ocrx_word' id='word_1_251' title='bbox 900 3185 1014 3256; x_wconf 77' lang='lat' dir='ltr'><em>teyitur:</em></span> <span class='ocrx_word' id='word_1_252' title='bbox 1038 3178 1083 3237; x_wconf 79' lang='grc' dir='ltr'>διὰ</span> <span class='ocrx_word' id='word_1_253' title='bbox 1097 3181 1143 3236; x_wconf 82' lang='grc' dir='ltr'>τοῦ</span> <span class='ocrx_word' id='word_1_254' title='bbox 1159 3177 1285 3256; x_wconf 80' lang='grc' dir='ltr'>μεγάλου</span> <span class='ocrx_word' id='word_1_255' title='bbox 1300 3178 1449 3256; x_wconf 80' lang='grc' dir='ltr'>λογαθέτου</span> <span class='ocrx_word' id='word_1_256' title='bbox 1466 3175 1545 3236; x_wconf 79' lang='grc' dir='ltr'>θεο-</span> 
     </span>
     <span class='ocr_line' id='line_1_25' title="bbox 244 3286 620 3380; baseline 0.003 -36"><span class='ocrx_word' id='word_1_257' title='bbox 244 3287 331 3364; x_wconf 78' lang='grc' dir='ltr'>διὶιρσυ</span> <span class='ocrx_word' id='word_1_258' title='bbox 354 3289 399 3345; x_wconf 79' lang='grc' dir='ltr'>τοῦ</span> <span class='ocrx_word' id='word_1_259' title='bbox 424 3286 620 3380; x_wconf 73' lang='grc' dir='ltr'>Μουζοίλωρσς,</span> 
     </span>
    </p>
   </div>
   <div class='ocr_carea' id='block_1_6' title="bbox 413 3574 1369 3664">
    <p class='ocr_par' dir='ltr' id='par_1_7' title="bbox 413 3574 1369 3664">
     <span class='ocr_line' id='line_1_26' title="bbox 413 3574 1369 3664; baseline -0.003 -22"><span class='ocrx_word' id='word_1_260' title='bbox 413 3579 472 3646; x_wconf 90' lang='grc' dir='ltr'><strong>ΙΙΙ.</strong></span> <span class='ocrx_word' id='word_1_261' title='bbox 503 3579 578 3644; x_wconf 80' lang='lat' dir='ltr'>Sine</span> <span class='ocrx_word' id='word_1_262' title='bbox 602 3601 695 3661; x_wconf 80' lang='lat' dir='ltr'><em>anno,</em></span> <span class='ocrx_word' id='word_1_263' title='bbox 719 3589 830 3642; x_wconf 82' lang='lat' dir='ltr'><em>mense</em></span> <span class='ocrx_word' id='word_1_264' title='bbox 852 3576 1029 3664; x_wconf 81' lang='lat' dir='ltr'><em>septembri</em></span> <span class='ocrx_word' id='word_1_265' title='bbox 1053 3587 1085 3640; x_wconf 85' lang='lat' dir='ltr'>et</span> <span class='ocrx_word' id='word_1_266' title='bbox 1107 3575 1212 3662; x_wconf 84' lang='lat' dir='ltr'>aprili,</span> <span class='ocrx_word' id='word_1_267' title='bbox 1237 3575 1302 3640; x_wconf 89' lang='lat' dir='ltr'>ind.</span> <span class='ocrx_word' id='word_1_268' title='bbox 1327 3574 1369 3639; x_wconf 94' lang='grc' dir='ltr'>Π.</span> 
     </span>
    </p>
   </div>
   <div class='ocr_carea' id='block_1_7' title="bbox 245 3741 1549 3920">
    <p class='ocr_par' dir='ltr' id='par_1_8' title="bbox 245 3741 1549 3920">
     <span class='ocr_line' id='line_1_27' title="bbox 245 3741 1549 3818; baseline -0.007 -16"><span class='ocrx_word' id='word_1_269' title='bbox 245 3749 399 3818; x_wconf 75' lang='lat' dir='ltr'><em>Imperator</em></span> <span class='ocrx_word' id='word_1_270' title='bbox 410 3747 556 3817; x_wconf 78' lang='lat' dir='ltr'><em>praecipit,</em></span> <span class='ocrx_word' id='word_1_271' title='bbox 575 3752 604 3799; x_wconf 83' lang='grc' dir='ltr'>ιιί</span> <span class='ocrx_word' id='word_1_272' title='bbox 619 3747 778 3798; x_wconf 81' lang='grc' dir='ltr'>ιιτοιιασίονίυ</span> <span class='ocrx_word' id='word_1_273' title='bbox 795 3745 896 3799; x_wconf 85' lang='lat' dir='ltr'><em>Hr&#39;erae</em></span> <span class='ocrx_word' id='word_1_274' title='bbox 911 3751 960 3797; x_wconf 86' lang='lat' dir='ltr'>aut</span> <span class='ocrx_word' id='word_1_275' title='bbox 975 3743 1194 3812; x_wconf 82' lang='lat' dir='ltr'><em>Xeracboraptu&#39;s&#39;</em></span> <span class='ocrx_word' id='word_1_276' title='bbox 1206 3743 1236 3794; x_wconf 84' lang='grc' dir='ltr'>ιἰι</span> <span class='ocrx_word' id='word_1_277' title='bbox 1251 3741 1363 3795; x_wconf 78' lang='lat' dir='ltr'><em>themata</em></span> <span class='ocrx_word' id='word_1_278' title='bbox 1380 3741 1549 3796; x_wconf 80' lang='lat' dir='ltr'><em>Maeandrs&#39;s&#39;</em></span> 
     </span>
     <span class='ocr_line' id='line_1_28' title="bbox 443 3847 1336 3920; baseline -0.006 -16"><span class='ocrx_word' id='word_1_279' title='bbox 443 3853 624 3905; x_wconf 70' lang='lat' dir='ltr'><em>restituantur</em></span> <span class='ocrx_word' id='word_1_280' title='bbox 634 3851 817 3920; x_wconf 74' lang='lat' dir='ltr'><em>passessiones</em></span> <span class='ocrx_word' id='word_1_281' title='bbox 832 3857 930 3918; x_wconf 81' lang='lat' dir='ltr'><em>raptae</em></span> <span class='ocrx_word' id='word_1_282' title='bbox 945 3867 963 3902; x_wconf 90' lang='lat' dir='ltr'><em>a</em></span> <span class='ocrx_word' id='word_1_283' title='bbox 982 3847 1099 3918; x_wconf 77' lang='lat' dir='ltr'><em>Georyr&#39;u</em></span> <span class='ocrx_word' id='word_1_284' title='bbox 1115 3847 1206 3902; x_wconf 85' lang='grc' dir='ltr'>Ρίιοοα</span> <span class='ocrx_word' id='word_1_285' title='bbox 1222 3853 1247 3900; x_wconf 88' lang='lat' dir='ltr'>et</span> <span class='ocrx_word' id='word_1_286' title='bbox 1262 3847 1336 3900; x_wconf 82' lang='lat' dir='ltr'><em>ats&#39;r&#39;s.</em></span> 
     </span>
    </p>
   </div>
   <div class='ocr_carea' id='block_1_8' title="bbox 258 4052 1531 4136">
    <p class='ocr_par' dir='ltr' id='par_1_9' title="bbox 258 4052 1531 4136">
     <span class='ocr_line' id='line_1_29' title="bbox 258 4052 1531 4136; baseline -0.009 -18"><span class='ocrx_word' id='word_1_287' title='bbox 258 4055 284 4118; x_wconf 90' lang='lat' dir='ltr'>I.</span> <span class='ocrx_word' id='word_1_288' title='bbox 314 4057 474 4136; x_wconf 78' lang='grc' dir='ltr'>Ὀρισμδς</span> <span class='ocrx_word' id='word_1_289' title='bbox 497 4053 550 4114; x_wconf 88' lang='grc' dir='ltr'>διδι</span> <span class='ocrx_word' id='word_1_290' title='bbox 571 4054 611 4114; x_wconf 85' lang='grc' dir='ltr'>τύι</span> <span class='ocrx_word' id='word_1_291' title='bbox 632 4054 894 4134; x_wconf 85' lang='grc' dir='ltr'>καθαρπαγέντα</span> <span class='ocrx_word' id='word_1_292' title='bbox 915 4054 1067 4132; x_wconf 81' lang='grc' dir='ltr'>χωροίφια</span> <span class='ocrx_word' id='word_1_293' title='bbox 1089 4057 1147 4127; x_wconf 88' lang='grc' dir='ltr'>τῆς</span> <span class='ocrx_word' id='word_1_294' title='bbox 1171 4057 1274 4126; x_wconf 89' lang='grc' dir='ltr'>μονῆς</span> <span class='ocrx_word' id='word_1_295' title='bbox 1296 4052 1385 4130; x_wconf 81' lang='grc' dir='ltr'>παρά</span> <span class='ocrx_word' id='word_1_296' title='bbox 1407 4069 1440 4108; x_wconf 87' lang='grc' dir='ltr'>τε</span> <span class='ocrx_word' id='word_1_297' title='bbox 1465 4057 1531 4109; x_wconf 83' lang='grc' dir='ltr'>τῶν</span> 
     </span>
    </p>
   </div>
   <div class='ocr_carea' id='block_1_9' title="bbox 601 4172 1180 4252">
    <p class='ocr_par' dir='ltr' id='par_1_10' title="bbox 601 4172 1180 4252">
     <span class='ocr_line' id='line_1_30' title="bbox 601 4172 1180 4252; baseline -0.003 -17"><span class='ocrx_word' id='word_1_298' title='bbox 601 4177 792 4252; x_wconf 79' lang='grc' dir='ltr'>Σαμψηνῶν</span> <span class='ocrx_word' id='word_1_299' title='bbox 814 4173 870 4234; x_wconf 90' lang='grc' dir='ltr'>καὶ</span> <span class='ocrx_word' id='word_1_300' title='bbox 893 4179 955 4234; x_wconf 84' lang='grc' dir='ltr'>τῶν</span> <span class='ocrx_word' id='word_1_301' title='bbox 979 4172 1180 4252; x_wconf 85' lang='grc' dir='ltr'>Μαλαχίων.</span> 
     </span>
    </p>
   </div>
   <div class='ocr_carea' id='block_1_10' title="bbox 243 4325 1549 4662">
    <p class='ocr_par' dir='ltr' id='par_1_11' title="bbox 243 4325 1549 4662">
     <span class='ocr_line' id='line_1_31' title="bbox 351 4325 1549 4412; baseline -0.004 -18"><span class='ocrx_word' id='word_1_302' title='bbox 351 4339 367 4412; x_wconf 89' lang='lat'>†</span> <span class='ocrx_word' id='word_1_303' title='bbox 391 4334 566 4410; x_wconf 81' lang='grc' dir='ltr'>Ὑπεμνῆσθη</span> <span class='ocrx_word' id='word_1_304' title='bbox 589 4335 607 4410; x_wconf 92' lang='grc' dir='ltr'>ῆ</span> <span class='ocrx_word' id='word_1_305' title='bbox 630 4331 759 4408; x_wconf 79' lang='grc' dir='ltr'>βασιλεία</span> <span class='ocrx_word' id='word_1_306' title='bbox 781 4351 833 4406; x_wconf 92' lang='grc' dir='ltr'>μου</span> <span class='ocrx_word' id='word_1_307' title='bbox 855 4331 931 4412; x_wconf 81' lang='grc' dir='ltr'>παρὰ</span> <span class='ocrx_word' id='word_1_308' title='bbox 951 4334 998 4390; x_wconf 85' lang='grc' dir='ltr'>τού</span> <span class='ocrx_word' id='word_1_309' title='bbox 1021 4332 1119 4411; x_wconf 86' lang='grc' dir='ltr'>μέρους</span> <span class='ocrx_word' id='word_1_310' title='bbox 1140 4336 1190 4405; x_wconf 90' lang='grc' dir='ltr'>τῆς</span> <span class='ocrx_word' id='word_1_311' title='bbox 1213 4325 1363 4406; x_wconf 81' lang='grc' dir='ltr'>σεβασμίας</span> <span class='ocrx_word' id='word_1_312' title='bbox 1386 4335 1475 4407; x_wconf 89' lang='grc' dir='ltr'>μονῆς</span> <span class='ocrx_word' id='word_1_313' title='bbox 1494 4337 1549 4407; x_wconf 85' lang='grc' dir='ltr'>τῆς</span> 
     </span>
     <span class='ocr_line' id='line_1_32' title="bbox 244 4451 1549 4540; baseline -0.007 -22"><span class='ocrx_word' id='word_1_314' title='bbox 244 4460 334 4540; x_wconf 81' lang='grc' dir='ltr'>Ἱερᾶς</span> <span class='ocrx_word' id='word_1_315' title='bbox 362 4458 421 4532; x_wconf 83' lang='grc' dir='ltr'>ῆτσι</span> <span class='ocrx_word' id='word_1_316' title='bbox 444 4459 490 4516; x_wconf 84' lang='grc' dir='ltr'>τού</span> <span class='ocrx_word' id='word_1_317' title='bbox 513 4454 738 4536; x_wconf 75' lang='grc' dir='ltr'>Ξροχωραφίσυ,</span> <span class='ocrx_word' id='word_1_318' title='bbox 772 4455 810 4524; x_wconf 84' lang='grc' dir='ltr'>ὡς</span> <span class='ocrx_word' id='word_1_319' title='bbox 831 4457 910 4514; x_wconf 79' lang='grc' dir='ltr'>τύπιοι</span> <span class='ocrx_word' id='word_1_320' title='bbox 932 4453 992 4513; x_wconf 87' lang='grc' dir='ltr'>τινά</span> <span class='ocrx_word' id='word_1_321' title='bbox 1014 4453 1173 4532; x_wconf 87' lang='grc' dir='ltr'>διαφέροντα</span> <span class='ocrx_word' id='word_1_322' title='bbox 1197 4454 1264 4533; x_wconf 64' lang='lat' dir='ltr'><em>atreb</em></span> <span class='ocrx_word' id='word_1_323' title='bbox 1287 4453 1341 4512; x_wconf 83' lang='grc' dir='ltr'>άπδ</span> <span class='ocrx_word' id='word_1_324' title='bbox 1363 4451 1549 4530; x_wconf 82' lang='grc' dir='ltr'>ποιλαιγενιῖνν</span> 
     </span>
     <span class='ocr_line' id='line_1_33' title="bbox 243 4573 1549 4662; baseline -0.004 -24"><span class='ocrx_word' id='word_1_325' title='bbox 243 4580 457 4662; x_wconf 74' lang='grc' dir='ltr'>χρυσοβούλλων</span> <span class='ocrx_word' id='word_1_326' title='bbox 482 4575 528 4638; x_wconf 90' lang='grc' dir='ltr'>καὶ</span> <span class='ocrx_word' id='word_1_327' title='bbox 550 4578 654 4636; x_wconf 82' lang='grc' dir='ltr'>λοιπῶν</span> <span class='ocrx_word' id='word_1_328' title='bbox 678 4575 870 4650; x_wconf 78' lang='grc' dir='ltr'>δικαιωμάτων</span> <span class='ocrx_word' id='word_1_329' title='bbox 892 4573 939 4634; x_wconf 86' lang='grc' dir='ltr'>καί</span> <span class='ocrx_word' id='word_1_330' title='bbox 963 4575 991 4633; x_wconf 88' lang='grc' dir='ltr'>ἐν</span> <span class='ocrx_word' id='word_1_331' title='bbox 1015 4574 1051 4653; x_wconf 83' lang='grc' dir='ltr'>τῷ</span> <span class='ocrx_word' id='word_1_332' title='bbox 1074 4577 1170 4650; x_wconf 82' lang='grc' dir='ltr'>θέματι</span> <span class='ocrx_word' id='word_1_333' title='bbox 1189 4573 1356 4655; x_wconf 79' lang='grc' dir='ltr'>Μαιανδρίου</span> <span class='ocrx_word' id='word_1_334' title='bbox 1381 4574 1549 4648; x_wconf 85' lang='grc' dir='ltr'>διακείμενα</span> 
     </span>
    </p>
   </div>
   <div class='ocr_carea' id='block_1_11' title="bbox 244 4695 1549 4782">
    <p class='ocr_par' dir='ltr' id='par_1_12' title="bbox 244 4695 1549 4782">
     <span class='ocr_line' id='line_1_34' title="bbox 244 4695 1549 4782; baseline -0.008 -18"><span class='ocrx_word' id='word_1_335' title='bbox 244 4705 461 4782; x_wconf 83' lang='grc' dir='ltr'>καθηρποίγησαν</span> <span class='ocrx_word' id='word_1_336' title='bbox 483 4700 554 4758; x_wconf 79' lang='grc' dir='ltr'>κατὰ</span> <span class='ocrx_word' id='word_1_337' title='bbox 577 4697 717 4779; x_wconf 70' lang='grc' dir='ltr'>διαφόρους</span> <span class='ocrx_word' id='word_1_338' title='bbox 740 4697 850 4778; x_wconf 78' lang='grc' dir='ltr'>καιρούς</span> <span class='ocrx_word' id='word_1_339' title='bbox 871 4699 946 4778; x_wconf 88' lang='grc' dir='ltr'>παρά</span> <span class='ocrx_word' id='word_1_340' title='bbox 966 4717 995 4756; x_wconf 93' lang='grc' dir='ltr'>τε</span> <span class='ocrx_word' id='word_1_341' title='bbox 1012 4701 1058 4755; x_wconf 82' lang='grc' dir='ltr'>τού</span> <span class='ocrx_word' id='word_1_342' title='bbox 1074 4699 1173 4777; x_wconf 81' lang='grc' dir='ltr'>μέρους</span> <span class='ocrx_word' id='word_1_343' title='bbox 1187 4700 1234 4756; x_wconf 78' lang='grc' dir='ltr'>τοῦ</span> <span class='ocrx_word' id='word_1_344' title='bbox 1247 4695 1435 4770; x_wconf 73' lang='grc' dir='ltr'>πανσείίάστσυ</span> <span class='ocrx_word' id='word_1_345' title='bbox 1451 4698 1549 4754; x_wconf 81' lang='grc' dir='ltr'>ψωκᾶ</span> 
     </span>
    </p>
   </div>
   <div class='ocr_carea' id='block_1_12' title="bbox 0 0 1638 5286">
    <p class='ocr_par' dir='ltr' id='par_1_13' title="bbox 0 0 1638 5286">
     <span class='ocr_line' id='line_1_35' title="bbox 0 0 1638 5286; baseline 0 0"><span class='ocrx_word' id='word_1_346' title='bbox 0 0 1638 5286; x_wconf 95' lang='lat' dir='ltr'> </span> 
     </span>
    </p>
   </div>
  </div>
 </body>
</html>
