3194 5298
1295 367 1354 430 167

49 565 94 620 ῶν
125 563 380 644 ἐνεργουμένωνή
407 561 454 623 καὶ
482 561 521 634 είς
547 563 578 622 τδ
607 560 673 637 ἑξῆς
699 561 862 637 μελλόντων
886 563 1123 638 ἐπινοηθήσεούοιι,
1158 561 1236 621 ἀλλὰ
1258 561 1357 638 διατη-

49 683 158 762 ρῶνται
184 685 310 744 ἁπάντων
331 685 432 744 τούτων
454 684 635 762 ἀνενόχλητοι
657 681 704 742 καὶ
727 683 892 743 σἰδιάσειστοι
912 683 1066 753 παντελῶς.
1102 684 1230 756 ὡσαύτως
1252 683 1316 744 οάδὲ
1331 684 1356 742 οἱ

49 806 219 878 πωλοῦντες
244 807 313 887 πρὸς
339 807 434 878 αὺτούς
460 809 478 881 ἢ
507 803 689 880 ἐξωνούμενοι
715 805 768 866 ἀπδ
794 811 848 866 τῶν
874 811 1068 887 πραγματειῶν
1097 805 1193 884 αύτιῖιν,
1221 805 1275 864 εἴτε
1299 805 1356 885 ζῷά

50 925 131 1008 εἰσιν,
160 927 218 988 εἴτε
240 927 427 1007 γεννηματιιιά
449 927 508 1002 είδη
530 931 549 1000 ἢ
572 925 619 986 νιαὶ
642 927 716 986 ἀλλο
738 926 773 1006 τί,
795 930 814 1002 ἢ
838 927 867 986 ἐν
888 933 922 1008 τῇ
944 925 1115 1006 θεοδοξάστῳ
1138 927 1357 988 Κωνσταντινον-

49 1049 137 1108 πόλει
162 1053 185 1126 ἡ
208 1050 237 1110 ἐν
260 1051 363 1130 ἑτέροις
376 1051 468 1121 τόποις
482 1057 531 1126 της
548 1047 691 1123 βασιλείας
707 1069 759 1124 μου
778 1049 950 1110 ἀπαιτοῦνται
964 1052 1045 1130 χάριν
1061 1049 1238 1129 κομμεριιίου,
1262 1050 1356 1108 ἕνεκεν

31 1163 35 1167 ’
50 1171 190 1246 δηλονότι
212 1179 263 1248 τῆς
286 1171 486 1252 δερενδεύοτως
508 1177 561 1230 τῶν
579 1171 709 1230 ’τοιούτων
726 1171 976 1246 Μσνεμβασιωτῶν.
1012 1171 1051 1230 ἔτι
1062 1172 1082 1246 1)
1106 1169 1137 1229 δὲ
1151 1169 1199 1230 νιαί
1213 1172 1277 1230 ὅταν
1293 1171 1356 1230 δια-

49 1293 194 1368 πομιζωσι
221 1293 266 1353 διὰ
292 1293 431 1372 ιιαραβίων
457 1294 507 1366 τὰς
532 1294 633 1354 τούτων
659 1293 859 1374 πραγματείας,
888 1293 943 1354 εἴτε
970 1293 1024 1352 ἀπδ
1052 1299 1102 1370 τῆς
1125 1296 1180 1354 άνω
1203 1293 1355 1374 θαλάσσης,

51 1414 107 1474 εἴτε
133 1415 187 1476 νιαὶ
209 1418 263 1476 άπδ
285 1425 334 1491 τῆς
356 1419 432 1476 κάτω
439 1414 476 1500 ²),
500 1415 555 1476 είτε
571 1415 625 1476 σίπδ
646 1411 722 1502 [τῶν]
738 1422 787 1492 τῆς
802 1417 1024 1494 θεσμεγαλύντου
1039 1417 1357 1487 Κωνσταντινσιιπύλεως

50 1537 206 1621 κολπωνί)
230 1538 284 1598 είτε
299 1541 372 1611 σῖτος
388 1540 436 1618 ἔνι,
459 1533 515 1598 είτε
531 1533 613 1618 οίνσς,
634 1537 687 1598 εἴτε
704 1539 796 1616 ἕτερόν
810 1559 833 1597 τι
850 1532 934 1620 είδσς,
958 1535 1134 1622 ίσάζωνταιί)
1151 1539 1202 1614 μὲν
1218 1538 1244 1597 οἱ
1259 1537 1356 1613 δηλω-

52 1659 153 1732 ύὲντες
178 1661 410 1736 Μονεμβασιῶται
438 1658 528 1738 ἐντῷ
552 1655 739 1745 [πσμβμερνιίῳ
761 1666 811 1734 τῆς
833 1661 1018 1739 θεορυλάιιτσιι
1041 1659 1357 1730 Κωνσταντινουπὸλεως

52 1780 101 1840 καί
125 1782 174 1842 ἵνα
198 1781 319 1861 διδῶσιν,
342 1783 404 1841 ὅσον
428 1781 555 1862 ἀνωτέρω
578 1779 722 1860 διορίζεται
745 1783 763 1855 ἠ
787 1779 913 1852 βασιλεία
937 1801 998 1862 μου,
1021 1781 1047 1842 οἱ
1069 1781 1101 1841 δὲ
1125 1782 1236 1860 ἔχοντες
1250 1781 1283 1841 τά
1299 1801 1356 1841 ιια-
1448 1799 1451 1804 ’

53 1902 142 1980 ράβια
175 1902 337 1979 διαμένωσιν
367 1903 547 1980 ἀνενδχλητοι
576 1904 657 1982 χάριν
686 1907 739 1962 τῶν
771 1903 895 1964 τοιούτων
928 1908 1123 1983 πραγματειῶν
1155 1903 1251 1982 αύτῶν,
1286 1905 1356 1978 μήτε

53 2025 250 2106 τετραμοιρίαν
258 2023 282 2107 ⁵)
306 2029 324 2100 ἢ
348 2025 440 2100 ἀλλην
462 2024 602 2102 ἀπαίτησίν
625 2045 685 2084 τινα
707 2027 788 2104 χάριν
803 2029 852 2100 τῆς
867 2026 991 2086 τοιούτων
1008 2022 1180 2098 ἐξιιουσσείας
1194 2028 1269 2105 παρά
1283 2045 1355 2097 τινος

55 2149 267 2223 ἀπαιτούμενοι.
292 2147 340 2207 ἐὰν
363 2145 395 2207 δὲ
418 2147 578 2228 διέρχωνται
601 2147 672 2223 μετὰ
692 2154 886 2228 πραγματειῶν
911 2149 996 2207 αύτῶν
1011 2151 1029 2221 ἢ
1045 2147 1097 2206 άπδ
1114 2147 1215 2219 δύσεως
1231 2145 1271 2220 εἰς
1286 2147 1356 2207 ἀνα-

56 2271 156 2352 τολήν,
186 2274 205 2346 ἡ
233 2271 287 2330 ἀπδ
314 2270 451 2345 ἀνατολῆς
478 2267 518 2341 εἰς
545 2269 626 2348 δύσιν,
657 2273 675 2344 ἡ
698 2270 752 2330 ἀπο
775 2271 874 2350 μέρους
896 2273 945 2346 τῆς
967 2269 1127 2351 Ζαγοράςύ)
1151 2268 1356 2344 διαβιβάζοντες

58 2393 117 2470 ζῷα
140 2397 162 2468 ἡ
184 2389 260 2452 ἄλλο
282 2393 317 2473 τί,
340 2392 395 2452 εἴτε
418 2391 458 2464 είς
480 2393 528 2467 τὴν
544 2391 702 2464 Σωζδπολιν
725 2395 743 2466 ἡ
766 2389 806 2463 είς
827 2393 875 2466 τὴν
892 2389 1073 2470 Ἀγαύύπολιν
1092 2394 1111 2465 ἢ
1128 2388 1167 2462 είς
1182 2392 1230 2466 τὴν
1246 2385 1357 2476 [Νικαί-

59 2512 197 2598 μηδίανί)
220 2513 268 2574 ιιαί
289 2515 339 2586 τάς
360 2513 461 2586 λσιπάς
482 2517 577 2594 χώρας
598 2519 647 2591 τῆς
670 2512 812 2590 βασιλείας
834 2533 896 2593 μου,
920 2512 1056 2592 ύρειλονσι
1079 2511 1260 2592 διατηρεῖσθαι
1276 2513 1357 2572 ἀνεν-

60 2638 177 2714 ἀχλητοι
204 2635 252 2697 καί
281 2633 445 2697 ἀδιάσειστοι
471 2636 616 2709 παντελῶς
643 2637 695 2696 ἀπὸ
717 2657 747 2696 τε
769 2643 819 2712 της
842 2636 1013 2713 ἀπαιτήσεως
1035 2639 1081 2694 τού
1103 2633 1281 2714 νιομμεριιίοιι,
1311 2640 1357 2694 τού

60 2758 219 2832 διαβαπιιού
241 2757 290 2819 καὶ
310 2761 357 2819 τού
378 2762 534 2838 ποριατινιού
552 2761 627 2838 παρά
642 2779 672 2817 τε
687 2763 740 2817 τῶν
755 2757 826 2818 ιιιιτά
841 2757 951 2836 καιρούς
967 2757 1164 2838 εὑρισκομένων
1180 2754 1219 2828 είς
1234 2755 1357 2834 ιιεραλὴν

59 2887 111 2939 τῶν
136 2880 290 2963 εἰρημένων
313 2883 437 2960 ιιάστρων
459 2879 506 2940 ιιαὶ
527 2879 603 2959 παρὰ
623 2885 676 2939 τῶν
701 2880 790 2940 ἑνιεῖσε
813 2879 847 2938 τὰ
870 2877 989 2956 δημάσιοι
1012 2878 1229 2958 διενεργούντων,
1261 2875 1301 2956 ἐρ’
1315 2871 1357 2949 αἰς

62 3002 85 3062 δ’
98 3003 163 3085 ἀνί)
186 3009 283 3063 ποιῶσι
304 2975 515 3082 πραγματείαις,
540 3002 569 3062 ἐν
593 3003 695 3082 ἑτέροις
716 3003 808 3071 τόποις
831 3006 881 3077 τῆς
904 3000 1047 3074 βασιλείας
1070 3019 1121 3074 μου
1143 3002 1357 3078 γεννηματιιισιῖς

61 3145 89 3182 τε
111 3123 160 3184 καί
182 3125 336 3203 λσιπαῑςί),
359 3123 415 3183 είτε
437 3124 508 3183 κατὰ
530 3123 677 3203 ἀνατολήν,
702 3121 757 3182 εἴτε
780 3123 851 3182 ιιατά
873 3123 955 3200 δύσιν,
980 3121 1035 3204 εἴτε
1056 3121 1085 3181 ἐν
1100 3121 1200 3199 νήσοις,
1225 3119 1279 3178 εἴτε
1295 3121 1355 3179 κατ’

61 3244 182 3328 ἤπειρον,
207 3245 261 3306 εἴτε
285 3246 314 3305 ἐν
336 3249 461 3326 ιιάστροις
483 3243 530 3306 καὶ
551 3245 742 3326 πανηγύρεσιν,
766 3245 821 3305 εἴτε
845 3244 874 3304 ἐν
899 3244 997 3315 σίλλοις
1019 3243 1119 3314 τύποις.
1145 3243 1184 3302 ἔτι
1207 3239 1299 3302 δὲκαὶ
1316 3240 1356 3314 εἰς

62 3367 108 3440 τὰς
130 3375 181 3446 τῆς
205 3369 417 3444 Πελοποννησον
440 3370 549 3440 ἁπάσας
570 3370 665 3448 χώρας
688 3366 734 3427 οιαὶ
757 3363 813 3452 [τά]
836 3369 941 3446 ιιάοτρα
963 3371 1012 3440 τῆς
1035 3363 1179 3441 βασιλείας
1202 3385 1254 3440 μοι
1276 3385 1354 3442 γινο-

64 3491 194 3568 μέναςίῦ)
220 3491 384 3570 πανηγύρεις
412 3490 547 3570 ἀρείλσυσι
570 3489 752 3569 διατηρεῐσύαι
775 3490 825 3564 μὲν
848 3486 895 3548 ιιαὶ
918 3487 970 3548 ἀπδ
992 3493 1045 3548 τῶν
1067 3487 1226 3567 κεφαλαίων
1248 3483 1356 3546 πάντων

64 3610 203 3694 ἀνώτεροι,
231 3611 411 3692 διατηρεῖσθοιι
435 3611 465 3672 δὲ
487 3611 534 3672 καὶ
555 3610 699 3682 παντελῶς
723 3611 904 3688 ἀνενύχλητοι
927 3607 974 3670 οιαὶ
995 3611 1077 3689 χάριν
1102 3607 1205 3680 δύσεως
1227 3629 1355 3688 κομμερ-

64 3732 128 3816 ιιίον,
152 3732 227 3810 μηδὲ
249 3736 342 3793 ἓνειιεν
363 3738 518 3814 ποριατιιιού
540 3721 660 3806 διδάντες
682 3734 712 3798 τδ
734 3733 825 3812 ταχύν.
864 3733 926 3791 ὅθεν
950 3730 1246 3823 δρείιιουσιιδιατηρεῖν
1263 3729 1357 3800 αύτούς
1380 3761 1381 3765 ,

66 3853 103 3928 εἰς
129 3857 181 3935 τὴν
211 3821 335 3932 τοιύιύιην
365 3855 564 3934 ἀνενοχληοίαν
594 3853 641 3914 καί
672 3854 840 3933 δερὲνδευοιν
872 3853 899 3913 οἵ
926 3875 956 3912 τε
987 3851 1027 3926 είς
1056 3854 1086 3912 τδ
1116 3853 1282 3932 ιιομμέριιιον
1309 3857 1359 3924 τῆς

67 3977 283 4058 ύεσμεγαλύντον
306 3978 620 4048 Κωνοταιτινοαπύλεως
651 3975 699 4037 ιιαὶ
729 3975 753 4036 σί
776 3975 815 4048 εἰς
836 3975 886 4047 τάς
909 3971 1003 4047 ἄλλοις
1026 3975 1132 4046 σνιάλας
1154 3969 1358 4054 πάσας11)ιια“ι

67 4097 157 4181 χώρας
184 4099 232 4161 ιιαί
258 4105 361 4182 νάστρα
387 4107 436 4177 τῆς
463 4100 606 4177 βασιλείας
634 4119 685 4175 μου
713 4098 952 4177 ἐνοχοποιούμενοι
978 4097 1049 4156 ιιατά
1071 4097 1190 4175 καιρούς,
1222 4093 1300 4154 ἀλλὰ
1322 4093 1356 4170 δὴ
1386 4095 1387 4098 ’

69 4223 109 4282 xit
136 4227 250 4302 πάντες,
278 4225 334 4283 ὅσοι
362 4223 524 4304 ἐπικρατῶτι
551 4225 677 4298 κτήματα
705 4225 724 4296 ἡ
747 4221 929 4300 ζευγηλατεῑα
940 4218 976 4296 ¹²)
1004 4223 1021 4294 ἢ
1048 4225 1151 4299 κάστρα
1178 4217 1282 4297 ὁρισμῷ
1309 4224 1357 4292 τῆς

169 4443 189 4507 ¹)
210 4437 276 4491 ἔσται
304 4441 379 4504 edim
404 4457 471 4490 corr.
490 4442 518 4490 Ζ.
588 4440 610 4503 ²)
629 4435 675 4488 είτε
701 4431 747 4488 aab
770 4439 811 4500 τῆς
834 4433 900 4486 κάτω
926 4437 1023 4486 desunt
1046 4437 1076 4485 B.
1147 4435 1169 4500 3)
1193 4432 1290 4483 κόλπων
1313 4433 1356 4483 de-

71 4547 105 4588 est
122 4539 152 4588 B.
227 4538 247 4603 ⁴)
268 4533 388 4596 ἰσάζονται
404 4538 434 4587 Β.
508 4537 527 4598 ⁵)
540 4532 709 4602 τετραμοιρίαν
722 4535 750 4584 Ζ.
824 4531 847 4599 ⁶)
865 4529 955 4600 ἀγορᾶς
969 4533 997 4582 Ζ.
1070 4531 1147 4596 ⁷)Sic
1159 4531 1311 4596 scripsimus
1323 4544 1355 4578 ex

72 4637 221 4700 conjectura
233 4635 347 4696 z.‚edit.
366 4631 462 4702 μηδίαν.
534 4631 556 4698 ⁸)
568 4632 643 4682 donst
655 4632 685 4681 B.
739 4627 763 4696 ⁹)
777 4623 1002 4697 γεννημαιινιάς...
1016 4623 1100 4687 λοιπάς
1113 4629 1144 4679 Β.
1199 4628 1358 4694 1ύ)γινιυσιιο-

77 4729 141 4796 μένας
158 4731 223 4783 edit.
296 4731 326 4796 ¹¹)
345 4730 461 4782 additB.
534 4729 565 4798 ¹²)
581 4723 726 4796 ζευγαλάτια
742 4727 806 4780 odit.
