3240 5286
268 345 332 410 272

268 536 363 626 μένην]
376 539 395 622 1)
418 544 436 616 ἡ
459 543 594 618 Λουπιάνη
622 541 669 602 καί
697 543 746 618 τὴν
775 545 861 618 μονὴν
887 551 936 620 τῆς
959 543 1096 606 θεοτέκου
1120 545 1159 616 είς
1182 548 1211 606 τὀ
1235 545 1421 623 Λαμπίχοβον
1444 547 1492 606 καὶ
1512 549 1554 616 τὴν

267 664 352 738 μονὴν
384 667 435 740 τῆς
464 664 612 744 ἀπεραγίας
643 663 779 726 θεοτάκου
814 665 853 737 είς
885 669 915 726 τ“ο
947 667 1177 748 ἰίσπροπέταμοη
1213 670 1338 740 ὡσαύτως
1374 667 1411 740 είς
1445 669 1553 744 μετέχιυ

266 785 375 861 ταίτης,
404 786 504 845 τούτων
533 789 641 846 πάντων
669 785 840 868 ἀεσπόζεινί)
869 789 917 862 τὴν
940 789 1093 865 ἀγιωτιίτην
1118 789 1266 864 ἐπισκοπὴν
1289 791 1402 867 Σταγιῖιν
1426 789 1554 868 διώρισται

267 905 295 966 έν
324 902 420 985 ἐκείνῳ
447 907 486 986 τῷ
511 905 660 988 πρακτικῷ.
708 909 821 988 εὕρομεν
845 909 876 969 δὲ
900 910 929 968 ἐν
957 910 1027 990 αὐτῷ
1054 910 1092 989 τῷ
1119 911 1258 992 πρακτικῷ
1285 910 1330 970 καί
1360 913 1407 984 τὴν
1427 913 1554 989 περιοχὴν

265 1033 315 1104 τῆς
340 1029 464 1104 τοιαίντης
492 1028 626 1108 ἐπαρχίας
648 1029 806 1108 ἀρχομένην
829 1031 861 1090 ἑκ
883 1027 986 1112 χωρίου
1008 1033 1204 1111 Τζηρνιτζόβου
1227 1034 1391 1110 λεγομένου,
1422 1033 1468 1092 καί
1492 1034 1554 1092 ἀνα-

266 1150 352 1224 βαίνει
382 1150 422 1222 είς
443 1150 492 1226 τὴν
516 1153 614 1230 βαίχην,
638 1151 684 1212 καὶ
706 1151 866 1227 καταβαίνει
890 1152 930 1224 είς
952 1151 1160 1233 τ“ο·ξηρόρευμα
1182 1155 1297 1230 πλητίον
1320 1161 1370 1230 τῆς
1392 1155 1552 1224 Σθλατένας

265 1273 312 1333 καί
334 1272 474 1347 ἀναβαίνει
498 1273 528 1345 ές
550 1269 635 1360 [τὀ]3)
659 1275 753 1349 βουνὸν
776 1277 807 1334 τὲ
829 1275 984 1353 λεγόμενον
1000 1277 1119 1356 Βλέμπι,
1143 1276 1190 1338 καί
1211 1277 1372 1350 καταβαίνει
1391 1279 1425 1336 τὰ
1441 1277 1554 1356 διάραχα

265 1401 311 1457 τοῦ
334 1397 429 1472 βουνοῦ
451 1403 496 1458 τοῦ
518 1397 673 1475 λεγομένου
690 1397 878 1478 Μποκοβικοῦ,
903 1397 950 1458 καὶ
972 1401 1093 1479 καταντᾷ
1116 1397 1155 1469 είς
1178 1402 1208 1459 το
1225 1399 1358 1474 Μέλοβον
1380 1398 1426 1460 καί
1451 1399 1490 1470 εἰς
1511 1401 1554 1472 τὴν

266 1521 412 1598 Κάριτζαν,
443 1519 490 1580 καὶ
520 1520 665 1599 ἀνέρχεται
687 1520 803 1594 πλησίον
825 1523 872 1580 τοῦ
895 1521 1019 1600 λοέτραυ,
1047 1519 1094 1580 καὶ
1117 1520 1256 1594 ἀναβαίνει
1281 1520 1320 1594 είς
1343 1523 1372 1580 τ“ο
1396 1522 1489 1596 βουνὸν
1511 1527 1554 1594 τῆς

266 1643 426 1720 Μπονιίσας,
457 1639 503 1701 καὶ
525 1641 684 1716 καταβαίνει
707 1643 761 1712 έως
783 1636 852 1726 [τοὺ]
881 1639 1070 1721 ξηροποτοίμου
1097 1646 1143 1702 τοῦ
1170 1642 1324 1721 λεγομένου
1347 1641 1486 1722 Σουσίτζα,
1512 1641 1552 1702 καὶ

265 1765 410 1844 ἀνέρχεται
440 1762 479 1836 είς
509 1766 539 1824 th
568 1765 666 1842 χεῖλος
694 1769 741 1824 τοῦ
769 1768 892 1838 ποταμοῦ
923 1765 976 1834 έως
1008 1761 1047 1834 είς
1077 1766 1106 1822 τὸ
1136 1771 1189 1824 τῶν
1212 1765 1337 1826 Χλαπῶν
1361 1766 1482 1844 σίνορον,
1512 1763 1552 1822 καί

265 1885 410 1966 ἀνέρχεται
435 1887 503 1966 πρὸς
526 1885 629 1962 ἀυσμάς
652 1884 691 1955 είς
713 1887 763 1960 τἠν
785 1885 905 1962 Μηλέαν
928 1884 976 1944 καί
998 1883 1038 1957 είς
1060 1887 1090 1946 τ“ο
1112 1887 1211 1966 Ζυγάν,
1242 1879 1289 1946 καί
1310 1885 1472 1959 καταβαίνει
1494 1887 1552 1963 προς

264 2011 341 2067 νότον
373 2007 412 2080 είς
435 2002 487 2093 [τὸ]
515 2008 616 2088 χωρίον
638 2007 792 2086 λεγόμενον
817 2007 928 2084 Χαλίκι,
951 2005 998 2066 καί
1020 2007 1159 2080 ἀναβαίνει
1183 2004 1223 2078 είς
1245 2007 1279 2066 τά
1301 2007 1395 2066 Λευκά
1418 2005 1489 2088 Ὀρη
1512 2005 1551 2064 καὶ

266 2129 304 2201 είς
335 2125 389 2214 [eo]
419 2128 515 2203 βουνὸν
536 2137 585 2206 της
609 2130 766 2207 Μοτζτίρας,
797 2125 844 2188 καὶ
866 2127 988 2209 καταντᾷ
1017 2126 1057 2199 είς
1079 2130 1110 2188 τίν
1133 2127 1323 2208 Γρεβενσσέλι,
1352 2128 1401 2188 καί
1421 2129 1492 2209 περᾷ
1513 2129 1551 2185 τὀν
1599 2129 1600 2152 ί

266 2251 398 2328 Ἀχιλιῑιον
419 2253 549 2329 ποταμὸν,
574 2250 620 2310 καί
643 2241 764 2331 καταντᾷ
787 2247 826 2321 είς
849 2252 877 2310 τ“ο
901 2249 1002 2330 χωρίον
1025 2251 1054 2310 τ“ο
1078 2250 1231 2330 λεγόμενον
1249 2249 1391 2326 Μουσίνια,
1414 2248 1460 2310 καί
1476 2249 1551 2328 ἀνέρ-
1599 2219 1600 2242 ¹

264 2393 344 2452 χεται
374 2372 414 2442 είς
437 2375 466 2432 τἰν
489 2373 652 2452 Μυρέκοβον
674 2371 721 2432 καί
744 2369 784 2442 είς
810 2372 844 2431 τὰ
866 2373 1015 2451 Κορνησια,
1038 2370 1085 2432 καὶ
1108 2373 1247 2447 ἀναβαίνει
1271 2371 1309 2443 είς
1331 2374 1362 2432 τ“ο
1385 2373 1488 2446 βουνόν,
1511 2369 1551 2428 καί

264 2493 424 2568 καταβαίνει
447 2492 486 2565 εἰς
508 2490 562 2579 [τοί
585 2493 685 2574 χωρίον
708 2495 738 2554 τὸ
760 2493 914 2571 λεγόμενον
929 2493 1057 2572 Βαράιίνι,
1080 2492 1127 2554 καί
1149 2494 1288 2569 ἀναβαίνει
1311 2493 1345 2552 τὰ
1359 2493 1489 2572 διάραχα,
1511 2489 1551 2550 καὶ

264 2615 424 2688 καταβαίνει
447 2614 486 2688 εἰς
508 2616 556 2690 τὴν
580 2616 672 2694 πηγὴν
694 2620 739 2674 τοῦ
755 2615 877 2694 Κορμοῦ,
901 2613 946 2674 καὶ
970 2615 1109 2688 ἀναβαίνει
1132 2613 1173 2686 είς
1194 2615 1225 2674 τίν
1248 2615 1343 2690 βουνὸν
1359 2616 1389 2674 τ“ο
1404 2614 1549 2691 λεγόμενον

252 2723 410 2818 ίίσζίακον,
441 2736 487 2798 καί
516 2735 675 2810 καταβαίνει
704 2737 775 2796 κατὰ
806 2736 943 2811 ἀνατολὴν
975 2735 1015 2808 είς
1044 2731 1096 2821 [τὸ]
1119 2737 1220 2816 χωρίον
1243 2736 1388 2815 Ξυλικοίιτ,
1419 2735 1465 2796 καί
1486 2755 1549 2794 κατ-

265 2861 374 2938 έρχεται
398 2861 451 2933 έως
473 2855 545 2945 [της]
567 2859 687 2938 βρίσεως
707 2863 752 2918 τοῦ
768 2858 955 2938 Μαυρονέρου,
978 2855 1024 2918 καί
1040 2857 1189 2937 ἀπέρχεται
1203 2860 1271 2937 πρὸς
1287 2857 1459 2938 μεσημβρίαν
1474 2859 1550 2934 μέχρι

264 2986 309 3042 τοῦ
338 2984 491 3061 λεγομένου
515 2981 764 3061 Ἠμερακλίματος,
796 2979 934 3058 διαιροῦσα
960 2976 994 3040 τά
1023 2979 1114 3040 δίκαια
1139 2975 1206 3064 [τοῦ]
1230 2978 1332 3058 χωρίου
1355 2981 1488 3060 Μερτζίου
1508 2975 1548 3036 καί
1598 2989 1599 3000 ’

265 3103 394 3183 σχίζουσα
416 3106 460 3162 τὸν
484 3105 611 3183 δρυμῶνα
633 3101 678 3162 καὶ
702 3103 846 3182 ἀνέρχεται
868 3103 936 3181 προς
959 3101 1066 3182 ἀρκτον,
1091 3101 1136 3160 καὶ
1159 3101 1281 3180 καταντᾷ
1301 3103 1382 3180 μέχρι
1397 3107 1450 3160 τῶν
1466 3101 1549 3174 ἀμπε-
1598 3163 1599 3188 3

264 3225 331 3284 λίων
354 3221 421 3310 [τοῦ]
443 3224 545 3304 χωρίου
567 3222 853 3305 Τραμπουχουνίστας,
877 3225 939 3282 ὅθεν
958 3221 1059 3302 ἧρξατο
1075 3225 1105 3282 το
1120 3229 1235 3301 πρῶτον,
1267 3221 1292 3281 οί
1308 3221 1339 3281 δὲ
1354 3223 1547 3301 προειρημένοι,

264 3347 278 3404 ἀ
301 3367 331 3405 τε
353 3347 561 3424 βεοριλέστατος
584 3347 729 3414 ἐπίσκοπος
745 3345 858 3422 Σταγῶν
881 3342 927 3403 καὶ
950 3343 974 3404 οί
997 3341 1123 3423 κληρτκοὶ
1146 3345 1236 3422 αὺτοῦ,
1259 3339 1344 3416 ἦλθόν
1360 3363 1389 3400 τε
1407 3341 1454 3402 καί
1469 3359 1547 3420 παρε-

265 3467 398 3546 κάλεσαν,
430 3467 473 3526 ίνα
502 3469 603 3543 τίχωσι
634 3465 677 3526 ἐπὶ
707 3468 810 3535 τούτοις
840 3471 896 3537 τοῖς
919 3465 1071 3540 βασιλικοῖς
1094 3463 1310 3544 χρυσοβοίιλλοις
1332 3463 1378 3524 καὶ
1400 3465 1547 3541 πρακτικοῖς

263 3595 317 3648 τῶν
338 3587 465 3648 παλαιῶν
488 3587 666 3668 ἀναγραρέων
674 3585 698 3668 ⁴)
722 3586 768 3646 καί
791 3589 925 3668 ἡμετέρου
947 3585 1153 3666 χρυσοβοίιλλου
1176 3585 1355 3660 βεβαιωτικοῡ
1376 3587 1482 3644 πάντων
1501 3587 1547 3640 τῶν

264 3711 417 3792 προσόντων
440 3715 473 3792 τῇ
496 3711 634 3792 ἁγιωτάτῃ
658 3709 800 3790 ἐπισκοπῇ,
827 3709 870 3770 ἵνα
894 3711 932 3784 μὴ
955 3709 1008 3768 ἀπο
1030 3715 1079 3782 τῆς
1100 3707 1246 3776 πολυετίας
1269 3705 1309 3778 είς
1331 3707 1420 3782 λήθην
1442 3706 1475 3765 τά
1496 3724 1546 3764 τοι·

266 3839 332 3892 αῦτα
362 3833 493 3892 ἔλθωσιν·
524 3834 541 3905 ἡ
572 3831 603 3890 δὲ
631 3831 758 3905 βασιλεία
789 3851 840 3905 μου
866 3831 914 3904 την
937 3828 1109 3908 παράκλησιν
1132 3831 1178 3888 καί
1202 3827 1303 3904 αἴτησιν
1326 3828 1413 3888 αυτῶν
1436 3829 1546 3903 ευμενιλς

263 3951 484 4034 προσδεξαμένη,
513 3955 557 4014 τον
578 3955 699 4032 παρόντα
720 3951 926 4032 χρυσίβουλλον
949 3951 1112 4030 ἑπιχορηγεῑ
1135 3949 1181 4010 καὶ
1205 3949 1378 4029 έπιβραβείιει
1400 3951 1496 4026 αὐτοῖς,
1517 3945 1545 4004 δι’

265 4073 296 4138 οὔ
316 4079 477 4157 προστάσσει
498 4073 545 4136 καὶ
568 4075 720 4156 διορίζεται,
744 4074 787 4134 ἵνα
809 4075 916 4154 κατέχῃ
938 4072 1004 4132 αάτά
1025 4071 1072 4132 καί
1091 4075 1204 4148 νέμηται
1225 4073 1307 4152 μέχρι
1326 4077 1372 4132 τοῦ
1387 4077 1441 4149 νῦν,
1464 4067 1545 4136 καθὼς

266 4201 324 4278 ἔχει
348 4199 480 4260 ἀνέκαθεν
502 4197 548 4258 καί
573 4195 604 4270 ἐξ
627 4197 716 4278 ἀρχῆς
739 4195 778 4268 είς
800 4201 883 4256 τοῶτα
907 4193 1019 4266 δίκαιον,
1042 4193 1088 4254 καί
1112 4193 1196 4276 έχηί)
1221 4193 1314 4254 ἄδειαν
1336 4196 1423 4254 ποιεῖν
1446 4191 1484 4264 είς
1504 4189 1544 4248 σί-

265 4343 355 4383 στασιν
378 4321 423 4382 καί
448 4319 591 4396 βελτίοσιν
614 4319 711 4397 αῐιτὼν,
742 4319 834 4390 καθὼς
858 4319 917 4395 ἔχει
941 4316 1100 4390 βουλήσεως
1122 4315 1168 4376 καὶ
1192 4317 1343 4396 δυνάμεως,
1375 4313 1543 4376 έκδσυλειίωα

371 4609 391 4676 ¹)
416 4607 507 4675 Suppl.
579 4606 600 4670 ²)
629 4603 793 4664 δεσπίζουσιιν
816 4605 849 4656 Η.
922 4605 943 4669 ³)
968 4605 1043 4666 Quae
1070 4605 1147 4654 υτισίι
1173 4603 1339 4666 inclusimus,
1366 4601 1543 4668 supplevimus.

265 4706 287 4772 ⁴)
307 4701 451 4773 ἀναγραφῶν
470 4704 503 4754 Η.
577 4703 598 4768 ⁵)
618 4697 668 4769 ἔχει
687 4701 721 4750 Η.
