3240 5286
256 341 320 409 258

257 533 318 599 HI.
342 537 498 618 Ὀρτσμδς
525 537 579 598 διὰ
605 537 643 597 τὰ
669 538 820 618 χωράρια
846 540 899 596 τοῦ
922 533 1040 617 Ἄκρου
1067 536 1262 616 ἀποτρέπων
1285 536 1454 596 ἀπἀίντῶν
1476 537 1540 609 τοίις

799 659 1007 737 Σαμψηνοθς.

361 813 515 897 ’[Ἐρθοισε
538 817 589 894 μὲν
611 816 768 893 λαληθῆναι
791 817 873 892 μέσον
888 821 934 877 τοῦ
950 817 1049 896 μέρους
1063 823 1111 893 τῆς
1127 816 1279 892 σεβασμίας
1295 823 1381 893 μονῆς
1396 823 1446 892 τῆς
1462 817 1542 896 Ἱερᾶς

257 937 304 1000 καὶ
333 945 386 1000 τῶν
410 939 565 1018 Σαμψηνῶν
589 938 704 1000 ἐποίκων
732 938 828 1000 ἐνοῦσα
849 939 973 1010 ὑπόθεσις
994 939 1057 1020 περί
1081 960 1159 999 τινων
1181 937 1355 1020 χωραριαίων
1376 939 1476 999 τοπίων
1497 945 1543 998 τῶν

259 1061 327 1121 οθτω
349 1081 408 1134 πως
432 1061 638 1141 ἐπιλεγομένων
661 1061 691 1121 τό
708 1057 808 1140 Ἄκρος
829 1061 904 1142 παρὰ
924 1059 963 1140 τῷ
985 1065 1035 1137 τῆς
1058 1058 1201 1134 βασιλείας
1224 1081 1275 1136 μου
1291 1059 1403 1142 βήματι,
1427 1061 1490 1121 ἔνθα
1502 1059 1543 1119 καὶ

257 1184 465 1265 προεβάλλοντο
492 1183 631 1264 ἀμφότερα
657 1183 690 1243 τόι
717 1185 788 1265 μέρη
810 1183 859 1255 τὰς
882 1181 1014 1256 δοκούσας
1035 1205 1065 1242 τε
1088 1182 1134 1244 καί
1156 1183 1308 1263 προσούσας
1330 1185 1422 1256 αὐτοῖς
1445 1181 1542 1242 δικαιο-

258 1305 366 1386 λογίας.
411 1303 458 1367 καὶ
488 1303 547 1365 ἐπεὶ
577 1303 630 1365 ἀπό
659 1311 712 1365 τῶν
734 1305 798 1385 παρ’
811 1305 969 1385 άμροτέρων
992 1303 1174 1381 λαληθέντων
1197 1303 1244 1365 καὶ
1266 1305 1311 1385 ἀρ’
1324 1299 1363 1364 ὧν
1380 1297 1411 1366 ὀί
1435 1301 1543 1382 μσναχοί

259 1427 415 1508 ἐνεφάνισαν
438 1427 626 1504 δικαιωμάτων
650 1426 799 1508 διεγνώσθη
822 1427 896 1507 παρὰ
919 1433 968 1502 τῆς
984 1425 1129 1500 βασιλείας
1146 1449 1198 1504 μου
1213 1429 1231 1502 ἡ
1247 1434 1283 1505 γη
1299 1432 1374 1487 πάσα
1388 1432 1435 1488 τοῦ
1451 1427 1544 1505 Ἄκρου

258 1551 423 1634 τῇτοιαόπρ
446 1557 516 1636 μονῇ
540 1549 701 1632 διαφέρουσα
723 1549 770 1611 καί
792 1571 830 1610 κα
854 1598 861 1612 .
885 1601 890 1612 .
913 1597 919 1609 .
944 1571 964 1609 π
1068 1571 1098 1610 το
1122 1548 1161 1624 εἰς
1182 1555 1259 1611 τοῦτο
1282 1548 1329 1610 καί
1351 1549 1376 1610 οἱ
1399 1550 1544 1628 Σαμψηνοί,

259 1671 359 1752 ἔλεγον
382 1671 423 1753 δέ,
447 1674 485 1744 ὡς
507 1673 525 1748 ἠ
547 1673 655 1750 τοιαίιτη
678 1677 714 1752 γῆ
738 1673 832 1734 άπασα
855 1715 914 1734 ...

784 1829 904 1900 Reliqua
918 1829 1023 1886 desunt.

363 1995 469 2050 Επόαπό
490 1995 519 2049 in
541 1996 599 2050 οοά.
620 1995 792 2050 θτθόόοάιαοτιε
808 1995 945 2050 Μοάίοοαο
966 1995 1129 2064 Πανακείας,
1151 1996 1246 2050 Radia
1260 1995 1312 2050 Nr.
1332 1995 1404 2062 316,
1429 1995 1458 2047 τ’ντ
1478 1993 1545 2048 ealce

257 2101 452 2174 ριαναιαατίααα
464 2100 644 2170 Μονολοραὶί,
660 2100 779 2170 scriptae
794 2117 864 2154 απιτο
883 2100 974 2169 1426,
994 2102 1042 2154 13.
1056 2101 1153 2155 παππία
1168 2101 1277 2172 aprilis.
1299 2101 1416 2169 Τοπιρασ
1431 2105 1545 2154 (καίοι-απτ

258 2207 398 2262 ίπσσιιιινπ.

541 2437 598 2503 IV.
623 2437 846 2520 (ivl-1263,
870 2460 980 2504 mense
1003 2437 1098 2526 maj0,
1122 2437 1188 2504 ind.
1213 2437 1270 2503 VI.

261 2623 412 2694 Imperator
427 2621 547 2676 Micha'c‘l
566 2619 744 2690 Ραίαεοίοραν
767 2619 907 2689 confirmat
922 2621 994 2688 jura
1016 2627 1041 2675 et
1060 2623 1240 2692 possessiones
1260 2621 1420 2675 monasterii
1434 2619 1547 2675 θαπαίαι

591 2725 700 2779 Mariae
718 2724 926 2779 θίνοαοόόυιίνναο
940 2725 970 2778 in
985 2725 1077 2779 imula
1092 2723 1217 2796 Amorqo.

259 2929 345 2992 Ἶσον
369 2926 635 3010 ἀπαράλλακτον
655 2931 710 2986 τοῦ
728 2931 955 3006 προσκυνητοῦ
971 2926 1227 3006 χρυσοβοθλλσυ
1241 2933 1296 2988 τοῦ
1312 2928 1548 3004 εὐσεβεστάτου

295 3052 463 3128 βασιλέως
490 3049 630 3129 Μιχαὴλ
653 3050 779 3122 Δονκός
802 3049 963 3129 Ἀγγέλου
986 3051 1164 3125 Κομνηνοό
1185 3053 1241 3110 τοῦ
1265 3049 1513 3128 Παλαιολόγου.

362 3231 379 3304 †
402 3221 535 3306 Ἔρχεται
557 3228 604 3286 καί
626 3225 679 3285 άπδ
702 3227 792 3305 τόπου,
816 3227 907 3304 ὥσπερ
930 3224 964 3300 δὴ
987 3223 1034 3284 καί
1056 3221 1109 3284 ἀπό
1124 3231 1178 3285 τῶν
1193 3227 1353 3306 προσώπων,
1378 3227 1548 3306 συγκρότησις

260 3348 299 3423 είς
320 3351 369 3426 τὴν
392 3349 509 3410 διάθεσιν
531 3354 580 3424 τῆς
602 3353 692 3426 ψυχῆς
714 3345 760 3407 καὶ
784 3347 912 3427 μεγάλης
934 3349 1092 3428 προσθήκης
1115 3347 1197 3408 αἴτιον
1217 3351 1294 3408 τοῦτο
1313 3347 1471 3407 καθίσταται
1484 3348 1548 3426 πρός

259 3471 298 3551 τῷ
321 3472 373 3532 σίπδ
395 3476 445 3547 τῆς
466 3471 569 3550 ρόσεως
591 3475 637 3530 τοῦ
658 3471 821 3550 πράγματος
844 3467 949 3547 δικαίῳ,
973 3471 1182 3550 προστιθεμένης
1204 3468 1252 3530 καί
1270 3475 1320 3545 τῆς
1335 3470 1459 3529 ἐντεῦθεν
1473 3471 1547 3530 ποιό-

259 3615 340 3671 τητος
361 3597 406 3653 τοῦ
428 3591 530 3654 καλοῦ·
558 3591 605 3653 καί
626 3595 735 3653 τοσοῦτο
757 3591 844 3652 πλέον
866 3593 937 3653 τοῦθ’
950 3593 1018 3652 οίντω
1041 3593 1153 3673 γίνεται,
1176 3593 1240 3652 όσον
1263 3595 1295 3650 ἂν
1317 3591 1435 3652 πλείονα
1456 3591 1548 3674 προσίῃ

258 3713 297 3792 τῷ
324 3717 398 3795 τόπῳ
424 3715 458 3774 τὰ
485 3713 585 3792 άγαθά.
632 3713 795 3775 ἐπανεκτέον
823 3715 855 3775 δέ
877 3713 924 3775 καὶ
946 3710 984 3775 ὧν
1007 3717 1090 3775 ἕνεκα
1112 3719 1195 3775 ταῦτα
1215 3716 1234 3793 ἡ
1257 3713 1385 3790 βασιλεία
1408 3735 1461 3791 μου
1483 3735 1548 3794 προ-

260 3835 379 3913 εξέθετο.
410 3837 428 3914 ἡ
451 3835 522 3896 κατὰ
543 3837 592 3912 τὴν
607 3837 741 3918 Ἀμοργόν
765 3839 930 3918 εθαγεστάπη
954 3843 1003 3914 τῆς
1021 3838 1171 3918 θπεράγνου
1186 3835 1233 3896 καὶ
1248 3837 1426 3918 άειποιρθένου
1442 3835 1548 3918 Μαρίας

260 3961 341 4042 μονή,
371 3958 466 4020 πολλὰ
496 3957 543 4019 καὶ
573 3959 750 4041 πολυτρόπως
775 3961 875 4038 ἔχουσα
897 3958 931 4020 τόι
954 3966 1115 4020 συνιστῶντα
1137 3961 1186 4034 πἠν
1208 3960 1307 4035 ταύτης
1329 3959 1491 4041 σεμνότητα,
1521 3959 1547 4016 τό

259 4083 475 4164 ἀνακεχωρηκδς
505 4085 550 4141 τοῦ
580 4083 661 4142 τόπου
691 4079 737 4141 καί
768 4080 880 4164 ἰδιάζον,
910 4081 959 4157 τὴν
989 4083 1133 4162 θέάρεστον
1155 4087 1209 4141 τῶν
1233 4081 1261 4140 ἐν
1284 4080 1351 4164 αυτῇ
1375 4080 1547 4156 ἀσκουμένων

260 4203 410 4284 διαγωγήν,
432 4204 481 4281 την
504 4207 549 4263 τοῦ
570 4209 758 4279 πνευματικῶς
781 4204 863 4279 οτύτῆς
885 4205 1082 4284 προϊσταμένου
1102 4205 1299 4284 χρηστοηθειαν
1315 4197 1363 4263 καί
1377 4205 1429 4284 πρό
1443 4206 1547 4264 πάντων

258 4325 305 4388 καί
334 4325 377 4386 ἐπὶ
402 4331 467 4386 πάσι
492 4327 541 4401 τὴν
568 4325 726 4405 ἁγιαστικὴν
752 4328 842 4405 χάριν,
873 4328 906 4400 ἣν
935 4325 1057 4404 ἐπαφῆκε
1084 4325 1123 4404 τῷ
1149 4327 1223 4405 τόπῳ
1247 4371 1254 4385 .
1277 4371 1309 4387 ..
1334 4325 1379 4386 διὰ
1405 4331 1455 4402 τῆς
1482 4325 1547 4396 ἰδίας

258 4451 380 4529 χάριτος.
410 4451 493 4509 τοάτα
515 4444 561 4507 οὖν
583 4445 630 4508 καὶ
651 4449 761 4507 τοιαῦτα
785 4447 885 4524 ἔχουσα
905 4447 939 4505 τὰ
958 4447 1044 4527 καλά,
1067 4447 1129 4508 καθ’
1142 4451 1255 4508 ἕκαστον
1270 4448 1369 4508 τούτων
1384 4453 1418 4531 τῇ
1434 4446 1547 4508 διαθέσει

259 4575 309 4648 τῆς
338 4569 480 4644 βασιλείας
511 4591 562 4647 μου
593 4564 727 4649 ᾠκείωται
756 4567 841 4630 τοίνυν
870 4567 916 4628 καὶ
947 4566 1048 4647 δεῖγμα
1068 4569 1203 4645 ταθτηςό
1229 4570 1323 4650 παρὼν
1345 4569 1549 4651 χρυσόβσυλλος

258 4692 345 4772 λόγος
368 4689 480 4769 ἐξετέθη
503 4697 552 4770 τῆς
576 4691 718 4766 βασιλείας
741 4713 801 4767 μου,
833 4689 880 4752 καί
903 4691 1082 4770 ἐφιλοτιμήθη
1104 4698 1138 4774 τῇ
1161 4693 1269 4775 τοιαύτῃ
1293 4697 1373 4774 μονῇ,
1405 4691 1440 4752 δι’
1453 4685 1484 4752 οὗ
1505 4691 1548 4752 καί
