3166 5298
1265 359 1327 424 123

56 550 230 628 ἀποδεξαμένη
253 553 271 626 ἡ
295 553 424 628 βασιλεία
446 571 497 628 μου
518 552 566 613 καί
587 554 636 628 τὴν
657 554 751 614 τσίιτσυ
766 553 867 627 αίιησιν
883 553 1059 632 ἐκπληρῶσαι
1074 551 1251 632 βουληθεῖσα,
1268 553 1328 631 ἔχει

56 675 151 751 θέλημα
170 674 217 736 καὶ
242 675 385 756 διορίζεται
408 673 454 736 ἀιά
474 677 521 734 τοῦ
541 675 675 756 παρόντος
695 677 905 755 προστάγματος
926 675 1053 754 κατέχειν
1076 674 1128 734 ἀπό
1143 679 1193 749 τῆς
1208 675 1328 754 σημερσν

55 795 92 856 καί
115 796 156 856 ἀιά
179 799 211 858 τό
239 795 306 876 ἑξῆς
333 792 526 876 ἀνενοχλήτως
552 799 640 873 πάντη
662 795 709 858 καί
731 793 916 876 ἀάιασείστως,
947 797 985 858 ἔτι
1007 794 1054 856 καί
1076 795 1260 876 ἀναραιρέτως
1281 793 1328 856 καὶ

54 920 252 991 ἀναποσπάστως
281 917 327 979 καὶ
359 917 430 979 κατὰ
460 920 547 998 λόγον
576 920 749 998 γονικότητσς
778 919 826 994 τὴν
857 919 981 999 ῥηθεῖσαν
1004 917 1153 993 σεβασμίαν
1177 918 1262 992 μονὴν
1283 921 1330 978 τοῦ

54 1041 126 1114 τιμίου
148 1041 307 1122 Προάρόμου
332 1041 382 1115 τὴν
408 1041 531 1116 τοιαύτην
557 1047 620 1120 γῆν,
653 1042 690 1112 ὡς
719 1039 766 1101 καὶ
795 1040 829 1100 τά
857 1039 943 1100 λοιπά
970 1041 1052 1114 σίντης
1073 1041 1200 1116 κτήματα
1221 1037 1255 1098 τά
1276 1039 1329 1119 πρό

54 1162 153 1222 πολλῶν
174 1161 227 1237 ίίόη
250 1163 356 1242 χρόνων
378 1165 511 1242 προσόντα
534 1165 600 1244 αθιῇ
622 1159 739 1236 κοίτην
763 1157 794 1233 ἐξ
816 1163 902 1222 αὐτῶν
923 1165 1012 1222 πᾶσαν
1032 1160 1134 1234 ὁμοίως
1149 1160 1328 1240 ἀποφέρεσθαι

53 1283 91 1344 καὶ
112 1283 294 1364 ἀποκεράίζειν
316 1284 460 1365 πρόσοδον,
481 1284 574 1356 καθὼς
596 1286 675 1358 ητσϋ
689 1285 853 1364 γράμματος
872 1287 917 1344 τοῖι
934 1281 1059 1362 μεγάλου
1075 1279 1234 1357 ἀομεοτίκου
1248 1280 1328 1361 περί-

53 1405 125 1484 ληψις
146 1406 227 1483 ἀηλσῖ
247 1405 295 1466 καί
317 1404 512 1486 διαλαμβάνει,
541 1403 589 1466 καὶ
609 1407 696 1466 ποιεῖν
719 1405 870 1477 ἀκωλύτως
890 1407 979 1466 πάντα
999 1404 1034 1464 τά
1055 1403 1127 1464 κατὰ
1147 1405 1260 1483 γνώμην
1282 1399 1330 1462 καί

54 1529 84 1604 μὴ
104 1527 186 1610 εὑρεῖν
208 1549 274 1589 ποτε
296 1535 329 1610 τῇ
353 1529 484 1610 ἐμμανείᾳ
504 1532 551 1588 τοῦ
572 1529 704 1608 παρόντος
726 1529 934 1608 προστάγματος
955 1531 1006 1602 τῆς
1022 1525 1163 1600 βασιλείας
1189 1545 1239 1600 μου
1255 1523 1329 1586 ἀιεν-

53 1651 154 1727 όχλησιν
178 1649 226 1710 καὶ
254 1651 370 1712 ἐπίθεσιν
396 1653 415 1724 ἢ
442 1650 596 1726 θιασεισμθν
624 1648 668 1710 ἐπί
694 1657 727 1733 τῇ
755 1654 826 1732 νομῇ
847 1648 895 1710 καί
921 1656 1029 1733 κατοχῇ
1051 1650 1097 1710 τόν
1118 1651 1234 1728 τυχόντα
1255 1647 1330 1730 παρά

52 1776 89 1832 τοῦ
117 1768 203 1858 [κατὰ]
224 1775 335 1854 καιροὺς
363 1775 393 1834 τό
417 1773 498 1854 ῥηθὲν
522 1769 643 1858 [χωρίον]
665 1774 713 1849 τὴν
736 1772 913 1852 Ζελιαίχσβαν
935 1774 1084 1852 κατασχεῖν
1108 1771 1271 1848 μέλλοντος.
1304 1768 1329 1832 εί

53 1895 84 1968 μὴ
106 1895 225 1970 βούλοιτο
247 1897 380 1976 κριθῆναι,
405 1896 487 1977 ἀθετῇ
510 1895 559 1967 τάς
582 1941 638 1958 ...

449 2063 456 2078 ·
564 2041 680 2112 Reliqua
696 2043 800 2096 ιίσειιιιί.

143 2197 288 2252 Ioanm'doe
310 2197 361 2251 Nr.
381 2199 430 2250 10.

516 2499 627 2566 XXV.
655 2499 733 2565 Sine
756 2521 850 2565 anno.

1 2719 2 2759 3
54 2681 231 2753 ίθαριιιιιιίιιαι
250 2701 351 2738 aureae
372 2683 461 2738 bullae
480 2679 563 2756 [νομέα
579 2681 712 2753 Stephani
725 2678 845 2755 DadanJ,
869 2701 924 2754 qua
944 2683 1136 2754 confirmantur
1152 2685 1332 2754 μονοσοιίοιιοο

602 2789 766 2842 monasterii.
871 2799 873 2805 ’

143 3035 199 3051 ...
223 2988 317 3058 καθὼς
339 2991 452 3068 κατεῖχε
474 2993 559 3050 ταῦτα
579 2991 610 3048 τό
634 2989 784 3068 ἀιαληρθὲν
807 2990 947 3070 μσνόδρισν
969 2990 1041 3051 κατὰ
1060 2991 1109 3066 τὴν
1124 2985 1269 3072 περίληψιν
1284 2989 1331 3052 καί

54 3107 150 3184 Ξθναμιν
179 3113 226 3170 τοῦ
254 3107 298 3168 ἐπί
319 3112 379 3180 ταῖς
401 3111 535 3184 τοιαύταις
556 3114 750 3191 προσαγωγαῐς
772 3109 819 3171 καὶ
841 3111 1001 3192 ἀγορασίαις
1024 3112 1271 3192 ἑπιχορηγηθέντος
1293 3113 1331 3194 τῷ

54 3231 118 3308 μέρει
137 3237 185 3308 τῆς
206 3231 333 3307 τοιαύτης
356 3239 441 3308 μονῆς
463 3233 535 3293 θείου
557 3231 603 3294 καὶ
619 3238 716 3294 σεπτσῖι
730 3233 951 3313 χρυσοβοόλλου·
977 3235 1058 3314 ἑτέρα
1073 3240 1110 3313 γῆ
1127 3232 1167 3306 εἰς
1181 3235 1226 3293 τόν
1242 3233 1330 3308 Αιβο-

54 3349 128 3424 βιστόν
154 3353 206 3414 ἀπό
232 3351 420 3434 προσενέξεως
445 3358 492 3416 τοῦ
514 3353 708 3434 Ἀραβαντινσῦ
735 3355 838 3414 ἐκείνου
866 3355 969 3430 μοόίων
984 3354 1020 3436 τ’,
1051 3356 1080 3415 ἐν
1106 3350 1125 3436 ᾖ
1154 3360 1331 3435 συνεστήσατο

53 3473 76 3530 τό
95 3476 174 3556 μέρος
195 3482 245 3551 τῆς
266 3476 391 3552 τοιαίιτης
414 3483 499 3552 μονῆς
522 3477 647 3552 όσπητιον
669 3475 716 3536 καί
738 3477 879 3553 ἀμπέλια·
903 3479 1030 3557 χωροίρια
1052 3473 1168 3555 πλησίον
1184 3480 1263 3539 αὺτοῦ
1278 3481 1331 3540 ἀπό

52 3594 224 3672 προσενέξεως
247 3592 315 3683 [τοῦ]
332 3597 508 3673 Μελισοηνσό
530 3598 631 3674 μοόίων
649 3597 696 3674 ιβ’·
720 3594 856 3674 ἀμπέλων
880 3595 932 3660 σίπό
951 3597 1140 3679 προσενέξεως
1154 3605 1201 3660 τοῦ
1216 3601 1332 3682 Βστριόά

53 3715 152 3792 πλησίον
174 3723 222 3779 τοῦ
243 3721 361 3780 τοιούτου
383 3721 521 3801 χωραρίσυ
544 3721 646 3795 μσάίων
664 3719 693 3780 ι’·
720 3720 794 3791 ἐντός
816 3724 862 3782 τοῦ
884 3723 1000 3800 κάστρσυ
1015 3723 1124 3802 Σερριῖιν
1146 3723 1263 3799 πλησίον
1281 3730 1332 3800 τῆς

54 3835 183 3918 βασιλικῆς
203 3842 306 3922 πόρτας
328 3837 403 3902 οίκον
427 3843 639 3922 ἑργαστηριοικόν
662 3844 714 3903 ἀπό
735 3840 922 3924 προσενὲξεως
944 3847 990 3904 τοῦ
1013 3843 1162 3904 σακελλίου
1177 3849 1227 3920 τῆς
1243 3846 1330 3923 ἁγιω-

53 3962 121 4036 τσίτης
142 3963 341 4044 μητροπόλεως
356 3965 474 4045 Σερρῶν,
497 3968 543 4026 τοῦ
557 3965 674 4044 Ζερβοῦ·
700 3967 791 4044 ἕτερον
813 3959 888 4026 οἷκον
909 3964 1121 4046 ἑργαστηριακόν
1136 3966 1252 4041 πλησίον
1266 3967 1331 4026 τοίν-

52 4101 90 4140 του
110 4081 139 4156 ἐξ
159 4084 310 4164 ἀγορασίας
332 4087 384 4145 ἀπά
407 4091 456 4161 τῆς
471 4085 694 4164 Μαβσελέγγας·
720 4089 810 4166 ἕτερον
834 4086 865 4159 ἐξ
887 4087 1036 4166 ἀγορασίας
1055 4091 1101 4146 τοῦ
1116 4085 1215 4167 Θρίση·
1240 4091 1331 4168 ἕτερον

54 4201 78 4274 ἐξ
104 4205 248 4287 ἀγορασίας
274 4207 327 4266 ἀπό
349 4211 396 4268 τοῦ
418 4207 597 4288 Λουπηνοίρη·
636 4209 727 4288 ἕτερον
756 4206 787 4280 ἐξ
814 4203 964 4288 ἀγορασίας
994 4207 1046 4267 ἀπό
1068 4211 1115 4268 τοῦ
1137 4208 1262 4287 γαμβροῦ
1284 4211 1331 4270 τοῦ

53 4323 161 4406 Τοξαροῖ·
198 4331 289 4410 ἕτερον
312 4325 366 4390 ἀπό
388 4327 575 4410 προσενέξεως
597 4333 643 4390 τοῦ
666 4330 831 4410 Ἱερακνίζη·
867 4331 959 4412 ἕτερον
982 4326 1158 4410 ξενοάσχικόν
1181 4323 1255 4389 οίκσν
1278 4330 1331 4391 ἀπό

54 4447 224 4524 προσενὲξεως
245 4455 292 4510 τοῦ
307 4451 476 4532 Ἀραβσὶντα·
511 4454 676 4526 κηποτόπιον
699 4451 738 4523 εἰς
760 4453 805 4512 τόν
827 4451 929 4531 πόργον
952 4455 998 4512 τοῖν
1020 4451 1097 4530 ἀγίου
1113 4450 1256 4511 Νικολάου
1278 4451 1332 4512 ἀπό

54 4569 225 4646 προσενὲξεως
254 4575 300 4631 τοῦ
322 4571 476 4652 Καρόσίμη·
514 4575 605 4634 τόπιον
629 4573 705 4646 ἐντος
734 4577 780 4633 τοῦ
812 4573 891 4632 αὺτοῦ
920 4575 1045 4653 κάστρου,
1080 4569 1120 4644 εἰς
1150 4573 1166 4630 ἀ
1196 4572 1331 4652 εὑρίσκετο

56 4690 168 4772 πρότερον
186 4695 386 4775 τζυμηλαρεῐον
408 4700 457 4770 τῆς
480 4697 562 4769 αὐτῆς
585 4701 680 4774 μονῆς,
705 4689 764 4754 είτα
786 4694 995 4776 κατεχαλάσθη,
1019 4695 1047 4754 ἐν
1063 4689 1086 4775 ᾧ
1102 4693 1268 4774 εὑρίσκονται
1283 4694 1330 4755 καί
