3486 5282
1358 387 1417 452 187

113 581 186 652 νείας
211 581 307 660 ἀρχὴν
329 579 600 661 προαναβιβασθῆναι
624 583 655 642 οδ
677 581 822 661 βοθλομαι,
852 583 891 654 ῶς
913 579 975 664 περὶ
997 583 1059 654 τοὺς
1082 585 1223 662 συγγενεῖς
1245 582 1333 642 αἰπῶν
1356 583 1418 642 διά-

112 723 193 782 πυρον
226 703 347 784 ἔχοντας
372 705 456 766 πόθον
483 702 530 764 καί
553 705 654 784 σάρκες
677 705 839 784 αδτόχρημοι
860 704 950 776 ὄντας.
996 699 1058 765 εἶτα
1077 706 1225 784 προσάγειν
1249 701 1419 786 αὺτδνί)τῇ

112 820 279 904 τανενδάξῳ
306 823 391 885 εἰκόνι
411 831 461 900 τῆς
483 827 675 906 πανσχράντου
698 823 842 902 δεσποίνης
864 827 943 902 ἡμῶν
965 825 1013 886 καὶ
1035 828 1203 908 θεομήτσρσς
1224 827 1293 908 πρθς
1315 829 1345 886 τό
1367 827 1419 886 ἀν-

113 945 230 1008 ελέσθαι
260 948 290 1008 τό
312 948 398 1026 παρόν
420 949 530 1008 τυπικθν
552 944 600 1008 καὶ
622 947 670 1022 τὴν
692 948 871 1024 ποιμαντικὴν
895 947 1008 1028 βάβδον,
1039 950 1079 1020 ῶς
1101 949 1148 1008 ἀπ’
1161 948 1244 1024 αίιτῆς
1266 948 1418 1028 ἔμπροσθεν

111 1069 212 1142 ταότης
242 1073 388 1146 τηνικαῦτα
410 1069 534 1150 κείμενα,
565 1069 702 1151 τρισαγίου
724 1069 756 1130 δέ
779 1067 944 1150 δοξολογίας
965 1067 1012 1131 καὶ
1035 1069 1172 1151 ἱκετηρίας
1195 1071 1347 1148 γενομένης
1369 1068 1417 1130 καί

114 1191 222 1252 ἐκείνου
252 1196 336 1252 ταῦτα
362 1192 424 1252 καθ’
436 1193 466 1252 δν
495 1190 598 1271 εἴρηται
625 1192 722 1271 τρόπον
749 1189 937 1268 ἀναλαβόντος
960 1191 1157 1271 ένθρονιζεσθαι
1178 1195 1270 1252 τοῶτον
1292 1190 1367 1274 παρά
1389 1213 1419 1251 τε

112 1317 157 1372 τοῦ
180 1313 392 1394 ἐκκλησιάρχου
413 1311 460 1376 καὶ
481 1320 535 1374 τῶν
558 1312 709 1394 προκρίτων
716 1311 742 1398 ²)
760 1313 888 1393 ἀδελφῶν
902 1311 950 1374 καί
964 1315 1186 1386 κατασπάζεσθαι
1200 1312 1308 1375 καὶτοῦ
1322 1314 1419 1376 λοιποῦ

113 1442 162 1511 τῆς
189 1437 362 1518 προστασίας
385 1436 547 1514 ἀντέχεσθαι
569 1433 616 1498 καὶ
637 1439 729 1496 τοῦτον
752 1431 823 1496 εἶναι
843 1437 890 1496 τόν
912 1439 1011 1517 τρόπον
1033 1433 1080 1498 καί
1101 1439 1147 1497 τὀν
1170 1436 1256 1516 λόγον
1278 1441 1327 1512 τῆς
1349 1457 1420 1518 προ-

112 1557 264 1638 χειρίοεως
285 1562 333 1619 τοῦ
354 1559 570 1637 καθηγουμένου,
593 1556 640 1618 καὶ
661 1558 816 1639 προβαίνειν
840 1559 909 1618 οὓτω
924 1558 995 1620 κατά
1011 1557 1144 1638 διαδοχάς
1160 1557 1207 1620 καί
1223 1557 1263 1632 εἰς
1277 1559 1338 1631 τοὶις
1353 1555 1420 1634 ἐξῆς

116 1675 270 1766 [χρόνουςῆ
294 1679 433 1757 μηδεμιᾶς
455 1681 551 1762 έτὲρας
575 1679 791 1761 ἐπισφραγίσεως
812 1687 863 1756 τῆς
884 1681 1009 1756 τοιοάτης
1023 1681 1166 1762 προβολῆς
1181 1681 1326 1756 δεομένης.
1350 1681 1419 1740 οὓτω

115 1802 202 1862 τοίνυν
235 1805 282 1864 τσῦ
304 1803 512 1882 καθηγουμένου
533 1803 774 1884 προχειριζόμενοι
796 1799 843 1864 καὶ
866 1800 906 1876 είς
927 1805 976 1879 τῆν
1000 1803 1118 1884 ἀρχικῆν
1141 1799 1264 1875 ἐξουσίαν
1286 1803 1418 1864 καθιστα-

117 1928 200 2000 μένου
228 1931 320 1987 πᾶσαν
347 1924 419 2003 αὐτῷ
446 1925 526 2002 τιμὴν
553 1923 578 1986 σί
605 1923 720 2006 ἀδελφοί
746 1927 847 1998 πάντες
874 1923 914 1997 είς
935 1925 966 1986 τθ
989 1921 1056 2001 ἑξῆς
1078 1924 1298 2000 ἀπονεμέτωσαν,
1329 1930 1419 1986 πάσαν

119 2049 278 2128 θεραπείαν,
310 2053 400 2110 πάσαν
427 2045 588 2130 εδπείθειαν,
620 2045 660 2128 τῷ
686 2048 797 2122 νεόματι
823 2047 915 2108 τσότσυ
942 2046 1044 2126 σχεδόν
1066 2047 1197 2126 ἀγόμενοι
1218 2045 1265 2108 καὶ
1285 2047 1419 2128 περιαγό-

118 2191 195 2246 μενσι
218 2169 266 2232 καὶ
287 2171 323 2230 τά
346 2169 545 2250 ἐπιτεταγμένα
559 2169 706 2250 προθθμως
720 2167 767 2230 καί
784 2169 984 2251 ἀναντιρρῆτως
1000 2169 1198 2249 ἐπιτελοῦντες,
1222 2171 1261 2242 ῶς
1275 2167 1323 2230 καὶ
1339 2171 1419 2232 σιίτοῶ

120 2291 277 2370 ὀφείλοντες
300 2291 388 2369 μηδὲν
412 2293 475 2353 ἀιευ
496 2292 597 2352 τουτων
618 2295 669 2368 τῆς
685 2289 789 2368 βουλῆς
804 2289 851 2352 καὶ
867 2289 1000 2367 είδήσεως
1013 2293 1151 2374 πράττειν,
1173 2291 1252 2352 ἀλλά
1267 2292 1327 2368 μετ’
1340 2289 1419 2368 είδῆ-

121 2435 188 2488 σεως
210 2414 260 2476 καὶ
282 2398 443 2492 συμβουλῆς
462 2411 509 2474 καὶ
532 2415 666 2486 συνέσεως
686 2419 741 2474 τῶν
762 2415 961 2496 προκριθέντων
984 2413 1127 2496 ἀδελφῶν·
1150 2415 1181 2474 τδ
1198 2412 1248 2490 μὲν
1263 2413 1317 2496 γάρ
1335 2412 1419 2496 ίδιόρ-

121 2539 222 2616 ρνθμσν
249 2535 297 2600 καὶ
319 2535 492 2614 ἀτόμβουλον
516 2535 680 2616 ἐπισφαλές·
708 2536 779 2612 μετὰ
802 2535 907 2614 βουλῆς
928 2538 993 2618 γάρ,
1016 2537 1088 2617 φησί,
1110 2533 1199 2598 πάντα
1220 2539 1362 2619 πράττετε,
1389 2537 1420 2598 τό

122 2657 151 2718 δὲ
181 2655 349 2734 ἐξουσιάζειν
378 2661 435 2732 τοῖς
459 2661 601 2739 πράγμασι
626 2655 674 2718 καί
700 2659 890 2719 καταυθεντεῖν
918 2657 1068 2735 μοναδικῆς
1095 2657 1242 2738 ἀλλότριον
1267 2659 1419 2738 πολιτείας,

123 2779 159 2853 ῶς
183 2781 341 2863 πιραννικθν
367 2801 398 2842 τε
428 2777 476 2841 καὶ
498 2780 708 2861 ἀναγκαστικόν.
755 2779 927 2862 διοριζόμεθα
949 2785 1023 2862 γοῦν,
1052 2783 1091 2854 ὡς
1114 2779 1228 2862 εἴρηται,
1254 2779 1420 2857 συμβούλοις

123 2905 236 2982 χρῆσθαι
257 2905 305 2964 τθν
326 2907 485 2986 προεστῶτα
507 2905 564 2976 τοῖς
585 2903 738 2984 προκρίτοις
759 2907 813 2964 τῶν
828 2902 969 2983 ἀδελφῶν·
993 2902 1169 2980 ἠσυμβουλὴ
1186 2901 1217 2962 δέ
1232 2897 1287 2988 [σὺ]
1302 2899 1417 2987 μόνονί)

126 3021 164 3084 ἐπὶ
189 3029 246 3099 τοῖς
270 3025 462 3105 ἑνδεχσμὲνοις
483 3025 628 3107 πρακτέοις
650 3025 776 3106 γινέσθω,
804 3022 951 3086 ἀλλὰκαὶ
975 3023 1019 3085 ἐπὶ
1041 3027 1097 3096 τοῖς
1120 3025 1297 3102 δαπανῆμασί
1318 3045 1348 3084 τε
1372 3021 1420 3085 καὶ

126 3141 298 3228 ἀναλώμασι,
328 3149 386 3230 χρὴ
414 3147 469 3228 γάρ
499 3145 543 3208 ἀεὶ
571 3147 617 3208 τδν
643 3153 800 3230 προεστῶτα
825 3147 1005 3226 μνημονεόειν
1026 3150 1072 3208 τοῦ
1096 3147 1249 3208 ἀποστόλου
1271 3147 1418 3226 φῆσαντος·

126 3271 211 3332 πάντα
231 3269 278 3348 μσί
302 3267 400 3352 ἕξεσιν,
423 3269 492 3332 ἀλλ’
504 3272 536 3332 σθ
556 3271 645 3332 πάντα
667 3273 804 3353 συμφέρει,
828 3267 851 3352 ᾧ
872 3269 919 3331 καὶ
941 3272 971 3332 τό
985 3271 1158 3350 πανταχόθεν
1174 3269 1324 3348 ἀμώμητον
1339 3290 1419 3352 περι-

128 3393 277 3468 ποιούμενοι
301 3391 508 3473 διαταττόμεθα,
535 3393 597 3466 τοὺς
620 3391 783 3468 διακονητάς
805 3394 894 3454 πάντα
915 3394 1052 3469 ταμιεύειν
1075 3391 1278 3466 είσοδιάζηντας
1300 3391 1346 3454 καί
1370 3390 1420 3466 ἐξ-

129 3511 280 3588 σδιάζονιος
302 3512 349 3576 καὶ
370 3515 473 3594 λόγους
497 3514 569 3594 αὐπῷ
591 3514 743 3594 ὑπέχοντας
764 3521 815 3593 τῆς
835 3521 889 3576 τῶν
910 3515 1163 3593 ἐμπεπιστευμένων
1179 3515 1349 3591 διοικήσεως.
1372 3511 1421 3576 καί

130 3634 157 3694 σθ
178 3636 219 3718 δέ,
242 3633 265 3698 ὦ
288 3637 479 3716 ναθηγοόμενε
503 3635 584 3721 (πρὸς
603 3637 634 3698 σὲ
649 3637 703 3719 γάρ
718 3640 734 3698 ό
749 3635 861 3722 λόγος),
885 3637 1008 3718 ἀνάγκην
1024 3635 1095 3711 ἕξεις
1111 3638 1221 3717 ἀγαπᾶν
1235 3636 1283 3698 καὶ
1298 3639 1420 3719 στέργειν

130 3758 183 3832 τοὶις
212 3759 262 3820 ὑπό
293 3759 325 3820 σὲ
353 3761 457 3830 πάντας
486 3758 622 3840 ἀδελφοὺς
650 3758 697 3820 καί
726 3765 776 3837 τῆς
804 3761 994 3842 προσηκοθσης
1024 3762 1139 3822 ἕκαστον
1170 3757 1261 3834 ἀξιοῦν
1290 3759 1420 3841 προνοίας

130 3881 240 3959 ψυχικῆς
262 3882 331 3958 όμοῦ
352 3879 399 3942 καὶ
421 3885 588 3960 σωματικῆς,
611 3882 704 3953 καθὼς
726 3883 741 3942 δ
764 3883 858 3962 καιρός
874 3881 966 3943 δίδωσι
981 3881 1027 3943 καί
1044 3881 1078 3942 τά
1092 3885 1253 3964 πράγματα,
1277 3883 1315 3954 ὡς
1329 3881 1419 3961 πατὴρ

132 4003 248 4079 φιλόπαις
277 4002 325 4064 καὶ
354 4009 408 4064 τῶν
434 3997 542 4066 οίκείων
568 4005 672 4064 τέκνωί
698 4003 889 4086 ἀπαραιτήτως
913 4005 1130 4082 ἐπιμελοὺμενος
1151 4003 1198 4065 καί
1220 4005 1364 4084 γινόμενος
1384 4003 1419 4064 τά

131 4127 207 4185 πάντα
228 4128 286 4198 τοῖς
308 4129 383 4206 πᾶσι,
406 4124 449 4186 ἴνα
471 4124 532 4198 τοίις
554 4125 638 4198 όλσυς
659 4125 805 4208 κερδαίνῃς
827 4125 898 4186 κοιτά
919 4127 965 4186 τδν
982 4128 1069 4206 μέγαν
1091 4127 1257 4187 ἀπόστολον·
1282 4125 1350 4186 οθτω
1366 4125 1420 4206 γάρ

133 4246 159 4302 ἀν
178 4249 312 4330 ἄρρηκτος
334 4247 348 4306 ό
371 4245 519 4324 σύνδεσμος
540 4251 589 4324 τῆς
613 4247 723 4328 ἀγάπης
746 4249 820 4310 ἔσται
842 4247 890 4309 καί
912 4249 927 4308 ό
949 4255 998 4326 τῆς
1021 4249 1159 4328 ὑποταγῆς
1181 4249 1266 4326 νόμος
1281 4248 1417 4329 φυλαττό-

135 4388 204 4444 μενος
226 4371 256 4431 ἑν
279 4367 440 4442 αὐτοῖςκαὶ
462 4369 717 4452 ἀποπληροόμενος.

225 4632 244 4698 ¹)
265 4627 332 4699 αὐτῷ
351 4630 408 4682 eod.
480 4631 500 4698 ²)
518 4629 682 4700 προκρείττων
701 4633 758 4684 cod.
831 4633 850 4702 ³)
869 4631 934 4687 eod.
953 4625 994 4684 τόν
1013 4629 1094 4702 μόνον.
