3486 5282
1269 302 1333 368 235

46 504 59 560 ό
83 504 169 580 πατήρ
198 524 260 581 μου,
291 503 322 575 δς
348 499 395 562 καὶ
421 502 472 560 ἰιτιδ
494 509 547 562 τῶν
570 504 645 576 ἐμῶν
667 507 767 582 χειριῦν
790 498 939 580 ἁποκαρείς
961 497 1007 560 καί
1029 499 1167 578 ὑποταγὴν
1188 499 1257 578 πρός
1280 498 1332 574 ἐμὲ

45 627 162 702 ποιήσας,
186 625 201 683 ό
223 625 313 705 πατὴρ
335 626 403 704 πρδς
424 626 470 684 τὀν
486 625 551 706 υίόν,
575 621 622 684 καὶ
635 626 733 700 ταῦτην
748 619 872 702 φυλάξας
888 624 970 702 μέχρι
986 624 1110 701 θανάτου,
1135 619 1332 695 ἐπονομασθεὶς

46 747 73 804 δὲ
93 748 222 828 πρότερον
238 748 380 820 Ματθοιῖος
401 746 595 828 ίερομόναχος,
619 747 647 807 ἐν
671 746 703 806 δὲ
725 751 758 827 τῇ
782 746 885 826 ἐσχάτῃ
908 747 987 806 αἰιτσῦ
1009 744 1132 826 ἁναττνοῇ
1155 741 1270 818 αἰτήσας
1285 740 1332 802 καὶ

44 868 133 941 λσρδιν
155 871 186 929 τδ
208 870 281 929 θεῖον
303 868 350 930 καί
373 872 450 948 ἁγιον
465 868 512 930 καί
528 871 602 950 μέγα
617 875 714 947 σχῆμα
729 869 909 944 ἐπωνομάσθη
925 869 1070 946 Μακάριος
1085 867 1207 944 μοναχός
1223 863 1332 944 (αἰωνία

44 993 59 1062 ἡ·
80 994 173 1068 μνήμη
196 993 277 1052 αὺτοῦ
299 989 347 1052 καί
368 994 386 1066 ἡ
410 993 478 1071 εῦχη
500 1013 547 1052 του
570 991 631 1067 μεθ’
642 988 745 1071 ἡμῶν).
783 990 909 1070 δεύτερος
929 993 977 1069 κῦρ
993 989 1132 1070 Γερμανδς
1154 987 1333 1067 ἰερομόναχος

43 1112 84 1170 καί
112 1114 293 1188 πνευματικδς
324 1109 449 1200 [ποτιήρ],
482 1109 541 1174 είτοι
570 1117 619 1194 κῦρ
647 1111 801 1194 Μακάριος,
833 1109 916 1172 δκαί
942 1113 991 1188 τὴν
1018 1111 1099 1191 ἁγίαν
1125 1111 1223 1186 ταύτην
1247 1110 1332 1185 μονὴν

44 1233 195 1312 οἰκονομῶν.
241 1237 256 1296 6
284 1241 333 1316 κῦρ
356 1237 494 1327 Μεθρδιος
524 1237 539 1296 6
568 1235 615 1296 καί
645 1238 775 1316 σαρκικός
804 1256 856 1310 μου
884 1234 951 1312 υίός,
981 1234 1067 1312 δκῦρ
1090 1227 1214 1315 Ἠσαίας,
1246 1233 1332 1310 δκῦρ

44 1356 212 1438 ’ίωαννίκιος,
235 1360 321 1439 δ’κῦρ
343 1359 491 1438 Νεόρυτος,
515 1361 530 1419 6
551 1362 600 1438 κῦρ
624 1358 772 1438 Μελέτιος,
796 1358 811 1416 6
832 1361 881 1438 κῦρ
898 1357 1065 1435 Ἀθανάσιος,
1089 1355 1104 1414 6
1125 1359 1174 1434 κῦρ
1196 1353 1332 1435 Ματθίας,

44 1479 55 1538 ό
76 1484 123 1561 κῦρ
138 1481 289 1562 Δωρόθεος,
313 1482 327 1540 6
349 1486 397 1562 κῦρ
414 1481 577 1560 Μαλαχίας.
608 1480 711 1556 δμοίως
732 1477 780 1540 καὶ
803 1478 842 1553 είς
864 1479 895 1539 τδ
911 1481 1003 1558 ἕτερον
1019 1479 1198 1558 μοναστηριον
1214 1473 1333 1555 ἀδελφαὶ

42 1600 174 1662 κανονικοὶ
202 1603 318 1683 τελεῖαι,
349 1604 418 1684 νυρὰ
441 1603 587 1664 ’ἀθανασία
616 1603 726 1680 μοναχὴ
756 1605 774 1678 ἡ
798 1600 992 1684 ῬοδίτισσοιῙ),
1021 1599 1091 1680 κυρά
1112 1600 1214 1680 Μάρθα
1245 1595 1332 1674 καὶὴ

43 1724 106 1802 νυρά
128 1723 287 1805 Θεοκτίστη,
318 1726 356 1796 ὡς
388 1724 447 1806 ῥίζα
474 1725 504 1785 δὲ
532 1724 612 1803 κάγὼ
636 1725 715 1796 αδτδς
737 1724 927 1804 εὑρισκόμενος
949 1719 997 1782 καί
1018 1721 1093 1804 ἀρχὴ
1115 1719 1162 1781 καί
1185 1717 1257 1780 αἰτία
1278 1725 1332 1780 τῶν

43 1845 220 1926 μσναστηρίων
242 1853 297 1906 τῶν
320 1847 455 1927 ῥηθέντων
477 1847 700 1922 ἀνακαινισθῆναι
723 1844 769 1906 καί
791 1850 917 1922 συστῆναι
939 1845 1002 1906 θεοῦ
1024 1842 1208 1922 εὐδοκοῦντος,
1231 1844 1270 1913 ὡς
1292 1843 1332 1902 ότι

43 1967 158 2040 δεσπόζον
178 1967 227 2030 καὶ
248 1971 381 2050 κυριεῦγω
403 1966 477 2055 [τῆς]
498 1977 552 2050 γῆς
574 1972 657 2046 αἰνιῆς
676 1974 730 2028 τῶν
747 1968 933 2050 μοναστηρίων
950 1968 1025 2040 ἐντδς
1039 1963 1086 2024 καὶ
1104 1965 1192 2044 ἐκτός,
1216 1965 1255 2036 ὡς
1271 1965 1332 2035 ἔθος

44 2089 93 2150 ἐστὶ
113 2097 161 2167 τῆς
183 2092 354 2173 ἀνθρωπίνης
376 2093 488 2172 ρίισεως,
513 2093 588 2170 ἔχειν
611 2095 727 2164 ἕκαστος
749 2089 797 2152 καί
819 2092 971 2168 δεσπόζειν,
995 2090 1046 2148 όσα
1061 2090 1075 2147 δ
1091 2088 1154 2160 θεδς
1169 2086 1241 2165 αδτῷ
1258 2085 1330 2146 ἐδω-

44 2215 144 2291 ρήσατο,
167 2215 236 2273 σῦτω
258 2213 353 2295 κάμοί,
377 2217 426 2274 όσα
449 2214 498 2274 ίιπδ
521 2214 569 2289 τὴν
591 2216 728 2294 ἡμετέραν
750 2215 833 2294 χεῖρα
856 2213 870 2270 6
893 2214 956 2284 θεδς
978 2213 993 2271 6
1014 2211 1049 2270 τά
1069 2213 1158 2270 πάντα
1180 2208 1332 2283 οἰκονομῶν

44 2333 203 2416 ἐδωρήσατο,
226 2337 385 2417 ἁμαρτωλῷ
407 2337 472 2418 όνπ,
495 2331 551 2398 οἷον
574 2337 684 2414 δηλαδὴ
706 2337 739 2398 τὰ
761 2336 807 2398 δῦο
833 2339 999 2417 μονασπίγριά
1019 2356 1070 2411 μου
1084 2335 1145 2411 ἤτοι
1161 2331 1332 2416 δεσπόζεινθ)

52 2455 122 2544 muta]
154 2460 230 2530 ἐντδς
261 2458 307 2520 καί
339 2461 427 2534 ἐκτός,
458 2462 476 2536 ἡ
501 2461 628 2540 Παναγία
659 2482 711 2537 μου
740 2465 757 2536 ἡ
782 2449 997 2542 Μυρσινιιίιτισσα
1024 2457 1070 2518 καὶ
1093 2460 1108 2518 6
1131 2460 1221 2536 μέγας
1243 2457 1332 2532 μουό

42 2577 202 2660 Ταξιάρχης,
227 2585 245 2640 ἁ
268 2583 373 2642 ἄνωθέν
395 2603 494 2661 ραμεν.
517 2589 623 2663 πρῶτον
647 2583 697 2658 μὲν
720 2582 863 2658 ἀνατίθημι
887 2582 954 2642 αδτὰ
975 2580 1014 2660 τῷ
1036 2581 1188 2660 παναγάθῳ
1210 2579 1265 2660 θεῷ
1285 2578 1332 2640 καί

42 2701 116 2782 κυρίῳ
144 2704 230 2784 ἡμῶν
254 2705 342 2781 Ἰησοῦ
371 2703 479 2784 Χριστῷ
509 2702 555 2764 καί
584 2711 618 2787 τῇ
649 2707 728 2764 αὺτοῦ
758 2705 849 2784 μητρί,
878 2709 912 2786 τῇ
942 2703 1196 2784 ἰισιερευλογημένῃ,
1229 2699 1331 2780 ἐνδόξῳ

43 2819 159 2906 δεσποίνῃ
181 2828 261 2902 ἡμῶν
283 2825 330 2886 καὶ
354 2827 523 2907 ἁειοταρθένῳ
547 2827 643 2911 Μαρίᾳ
665 2825 711 2887 καὶ
733 2830 789 2899 τοῖς
819 2823 1009 2907 ἁρχαγγέλοις
1018 2822 1042 2909 ³)
1067 2825 1188 2902 Μιχαὴλ
1210 2823 1258 2883 καί
1274 2825 1330 2884 ra-

43 2945 116 3022 θριὴλ
129 2947 174 3008 καὶ
190 2952 247 3022 τοῖς
264 2951 430 3024 ’ἀσωμάτοις
445 2955 510 3010 πᾶσι
524 2949 571 3010 καί
587 2955 651 3010 πᾶσι
667 2951 723 3022 τοῖς
739 2947 870 3032 ἀγίοιςέ).
902 2949 996 3008 ἔπειτα
1010 2948 1181 3028 προσηλιίινω
1196 2945 1243 3006 καὶ
1261 2942 1330 3006 ἀνα-

42 3069 121 3145 τίθημι
142 3073 171 3131 τδ
196 3071 278 3152 ῥηθὲν
301 3075 481 3152 μονασιηριον
496 3075 542 3132 τοῦ
558 3073 684 3150 μεγάλου
700 3091 751 3147 μου
766 3069 923 3152 Ταξιάρχου
938 3077 992 3131 τῶν
1011 3068 1088 3132 Ἀνω
1103 3072 1251 3146 Δυνάμεων
1266 3069 1331 3149 τδὸ)

44 3189 67 3247 ἐν
86 3193 122 3271 τῷ
137 3195 259 3269 Λειμῶνι
283 3192 322 3267 εἰς
343 3198 441 3275 χεῖρας
462 3201 516 3255 τῶν
539 3195 643 3256 ἀνωθεν
666 3196 801 3276 ῥηθέντων
823 3195 1011 3276 ἱερσμονοίχων
1034 3191 1081 3254 καί
1104 3191 1266 3276 μσναχιῦνθ)
1283 3190 1330 3252 καὶ

42 3319 97 3374 πᾶσι
121 3321 176 3389 τοῖς
204 3317 366 3396 ἐρχομένοις
392 3315 439 3376 καί
467 3317 597 3396 ἔρχεσθαι
624 3317 774 3392 μέλλουσιν
798 3317 850 3377 ἁπδ
877 3321 923 3378 τοῦ
944 3322 989 3376 νῦν
1012 3314 1059 3376 καί
1082 3314 1121 3388 εἰς
1143 3315 1204 3387 τοίις
1227 3313 1330 3386 αἰῶνας

44 3440 135 3511 πάντας
143 3439 177 3520 θ),
201 3441 248 3510 οῦς
271 3438 346 3499 αδτοί
368 3438 505 3514 ἀλλήλως
528 3437 647 3516 εἰσάγειν
669 3437 717 3498 καὶ
738 3437 857 3520 ἐξάγειν,
878 3440 961 3499 πάλιν
976 3440 1038 3510 τοῦς
1054 3437 1189 3516 ἀναξίους,
1213 3440 1251 3510 ὡς
1268 3438 1330 3510 ἔθος

45 3557 90 3618 ἐστὶ
110 3565 163 3633 τοῖς
185 3561 332 3636 κοινοβίοις
355 3563 522 3642 ἁπανταχοῦ,
546 3563 593 3633 οῦς
613 3561 663 3635 μὲν
683 3559 758 3621 αδτοί
778 3561 802 3621 οἱ
828 3556 922 3642 πρῴην
945 3561 1132 3641 εὑρισκόμενοι
1155 3561 1330 3641 ίερομόναχοι

43 3680 80 3740 καί
94 3681 210 3762 μονα-χοί
227 3683 298 3759 μετὰ
312 3687 358 3744 τοῦ
373 3685 421 3760 τὴν
438 3683 523 3761 μονὴν
539 3685 765 3764 προστατεῦσντος
780 3685 938 3762 λαχομένου
953 3685 1121 3763 ἡγουμένου·
1145 3683 1329 3743 ἀποκαθιστᾶν

43 3803 80 3864 καὶ
109 3809 295 3867 συντάττεσθαι
325 3806 372 3866 καί
403 3809 512 3868 ἑνώνειν
543 3813 575 3889 τῆ
603 3807 766 3886 ἀδελφότητι
793 3806 840 3866 καί
862 3807 907 3866 ἰσα
929 3809 986 3879 τοῖς
1008 3809 1124 3886 πρώτοις
1147 3805 1327 3881 συνίστασθαι,

45 3927 116 4000 οὓτως
141 3929 187 3990 καί
215 3931 336 3990 ἔστωσαν
358 3925 481 3990 κάκεῖνοι
502 3931 587 3990 πάλιν
611 3930 721 4009 ἀλλοις,
752 3928 799 3990 καὶ
823 3930 908 3999 οθτως
930 3929 1002 3988 κατά
1024 3927 1157 4006 διαδοχὴν
1181 3925 1220 3999 εἰς
1243 3925 1329 3986 αἰῶνα

44 4047 79 4104 ιὀι
100 4050 257 4130 ἀπέραντον.
286 4051 328 4126 εἴη
353 4053 381 4111 ἐν
405 4052 544 4134 ἀρορισμῷ
568 4053 659 4131 ἀλύτῳ
675 4052 728 4112 ἁπδ
744 4053 806 4112 θεοῦ
822 4054 1039 4132 παντοκράτορος
1053 4049 1100 4111 καὶ
1115 4051 1193 4131 ἀραῖς
1209 4049 1328 4120 ἀλῦτσις.

45 4169 111 4243 όσους
132 4173 162 4233 δὲ
184 4175 290 4254 τρέρειν
312 4171 360 4233 καὶ
383 4174 486 4248 διήκειν
510 4174 618 4234 δῦναται
641 4176 671 4233 τδ
695 4175 882 4253 μοναστηριον,
905 4173 1047 4245 τοσούτους
1068 4171 1116 4232 καί
1140 4174 1224 4251 ἔχειν,
1249 4171 1272 4232 εἰ
1296 4172 1328 4232 δὲ

45 4287 70 4347 δι’
82 4291 300 4375 αἰσχροκέρδειαν
322 4299 340 4370 ἡ
363 4297 532 4376 λαιμαργίαν
554 4300 573 4371 ἢ
596 4295 742 4375 φειδωλίαν
759 4299 808 4355 οἰυι
824 4294 1022 4374 εἰσενέγκουσιν
1038 4293 1084 4356 καί
1100 4295 1150 4355 οὒκ
1165 4292 1326 4376 εἰσάγουσιν,

135 4487 153 4550 ¹)
164 4483 294 4550 Ῥοδίτησα
307 4485 339 4536 Κ.
410 4487 432 4552 ²)
445 4503 474 4554 με
487 4525 493 4538 .
505 4525 528 4538 ..
542 4484 685 4546 δεσιτοῒουνι
699 4487 775 4537 τίθεσο
787 4481 848 4536 αδτδι
863 4487 895 4536 Κ.
967 4487 988 4552 ³)
1003 4483 1103 4535 καὶτῶν
1117 4481 1279 4554 ἀρχαγγέλων
1292 4486 1328 4535 K.

46 4577 62 4636 ί)
78 4577 165 4630 πάντων
191 4582 240 4632 τῶν
268 4577 345 4649 ἁγίων
364 4582 397 4632 K.
469 4583 488 4644 5)
507 4584 550 4633 τοῦ
568 4583 600 4634 K.
672 4583 693 4648 ί)
714 4584 797 4634 Ηιιοίο
823 4583 928 4634 inclusa
954 4582 1146 4649 supplevimus.
1183 4584 1259 4645 Quae
1288 4596 1327 4638 so-

47 4684 156 4744 quuntur,
174 4679 253 4731 valde
271 4685 396 4747 corrupta
415 4679 551 4734 videntur:
571 4681 633 4734 vide
651 4679 851 4734 observationes
868 4682 897 4737 iu
915 4679 969 4736 fine
987 4679 1140 4740 voluminis,
