3222 5284
1302 365 1368 432 355

171 561 251 641 Κεφ.
268 561 298 621 λ.
323 557 404 641 Περί
426 563 481 620 τοῦ
502 561 602 621 πόσον
625 561 745 642 χρόνον
769 558 819 620 δεῖ
839 561 1034 640 περιμένειν
1057 559 1091 620 ἐν
1110 565 1148 642 τῆ
1163 559 1220 634 τὴν
1244 557 1367 632 ἔξωθεν

69 681 238 743 εἰσιοῦσαν
260 681 316 742 καὶ
341 681 534 758 μέλλουσαν
558 681 807 763 ἀποκείρεσθαι,
834 681 873 741 Αἵ
885 701 919 761 γε
935 683 989 758 μὴν
1005 679 1198 762 ἀποκείρεσθαι
1213 683 1368 758 μέλλουσαι

67 802 112 864 καί
133 806 182 864 τδν
206 806 357 886 ὡρισμένον
378 809 432 864 τῶν
455 809 586 882 μσναχιῦν
607 803 780 884 ἀναπληροῦν
796 802 919 883 ἀριθμόν,
944 801 967 862 εί
983 803 1035 878 μέν
1051 801 1195 878 βούλονται
1209 803 1258 876 τὰς
1273 805 1368 885 τρίχας

68 926 237 1002 ἀποθέμεναι
256 928 286 987 τό
308 932 359 1003 τῆς
381 927 520 1004 ὑποταγῆς
542 925 648 1002 ίμάτιον
670 923 717 986 καὶ
739 926 786 986 τον
808 925 929 1002 μανδύαν
955 927 1036 1002 μόνον
1060 925 1265 1004 ἐπενδύσασθαι,
1288 947 1368 1006 περι-

69 1053 176 1124 μενοῦσι
199 1050 245 1108 τόν
268 1045 443 1130 ἑξαμηνιαῖον
465 1050 569 1130 καιρόν.
601 1046 624 1108 εἰ
649 1046 680 1108 δέ
702 1067 736 1126 γε
760 1049 882 1123 συνήθεις
903 1048 980 1142 τινέςΙ
993 1046 1040 1108 καί
1063 1054 1117 1107 τῶν
1139 1045 1367 1130 ἀξιολογωτέρων

69 1175 239 1250 σιγχάνοιεν,
263 1173 303 1244 ιὺς
325 1171 403 1232 οάταί
423 1191 455 1230 τε
478 1171 713 1252 ἐπιγινώσκεσθαι,
736 1171 825 1232 δποῖαι
840 1173 886 1230 τδν
902 1170 959 1246 βίον
976 1168 1026 1230 είσί
1040 1169 1088 1230 καὶ
1102 1171 1151 1246 τὴν
1166 1175 1212 1230 τοῦ
1229 1188 1367 1245 μοναστη-

70 1293 123 1372 ρίου
147 1293 293 1373 διαγωγὴν
314 1291 362 1353 καί
383 1295 546 1354 κατάποσιν
569 1293 706 1370 μηδαμῶς
728 1293 847 1373 ἀγνοεῖν,
870 1293 915 1352 ὅτε
938 1295 1025 1373 κρινεῖ
1045 1293 1219 1371 ῆῆγουμένη
1234 1293 1367 1373 συμφέρον

71 1408 137 1472 εἶναι
159 1415 233 1474 κατά
254 1414 300 1474 τδν
322 1415 403 1474 τύπον
426 1415 653 1495 ἀποκαρήσονται.
685 1412 714 1474 αί
736 1414 768 1474 δὲ
791 1413 959 1490 βουλόμεναι
980 1415 1011 1474 τδ
1027 1415 1105 1493 ἅγιον
1126 1419 1222 1492 σχῆμα
1238 1411 1270 1486 ἐξ
1287 1417 1369 1491 αὑτῆς

71 1535 275 1615 ἐπενδύσασθαι,
300 1533 323 1596 εἰ
346 1535 397 1612 μὲν
420 1530 474 1596 εἰεν
496 1539 625 1614 γυναῖκες
648 1534 777 1611 εύλαβεῖς
799 1533 846 1595 καὶ
868 1536 914 1595 τδν
937 1536 1088 1612 μονοχικδν
1111 1534 1170 1608 βίον
1194 1535 1222 1594 ἐν
1243 1535 1368 1614 κοσμικῷ

72 1656 223 1718 διανύουσαι
253 1661 384 1737 σχήματι,
415 1658 471 1718 οὑδ’
484 1656 563 1718 αὑταὶ
590 1661 763 1739 περιμενοῦσι
786 1657 831 1718 τόν
853 1663 903 1735 τῆς
930 1657 1093 1734 δοκιμασίας
1114 1659 1219 1738 καιρόν,
1248 1659 1370 1718 τουτέστι

71 1778 116 1854 τὴν
136 1779 265 1862 τριετίαν,
287 1783 322 1856 ῆν
344 1779 370 1841 οἱ
392 1782 464 1860 ἀγιοι
486 1782 604 1862 πατέρες
627 1779 665 1852 εἰς
686 1783 783 1861 πεῖραν
805 1778 852 1839 καί
875 1778 1038 1854 δοκιμασίαν
1052 1781 1111 1852 ταῖς
1128 1780 1225 1852 ἀλλως
1241 1779 1370 1858 ἐχούσαις

72 1901 139 1960 κατὰ
161 1903 207 1961 τόν
231 1901 290 1976 βίον
312 1907 464 1974 κανονικιῖις
486 1901 663 1983 ἀφωρίοαντο,
687 1901 755 1962 ἀλλ’
769 1901 879 1980 ἀρκέσει
900 1901 1009 1972 ταύταις
1025 1899 1064 1973 εἰς
1080 1901 1229 1982 ἀπόπειραν
1244 1901 1368 1976 παντελῆ

73 2020 116 2080 καί
137 2023 152 2080 ό
176 2019 354 2100 ἑξαμηνιαῖος
376 2025 476 2104 χρόνος
497 2021 545 2084 καί
567 2025 597 2084 τό
617 2027 763 2100 τηνικαῦτα
784 2021 921 2096 τεύξονται
944 2027 990 2083 τοῦ
1015 2023 1119 2102 ἐφετοῦ,
1142 2023 1235 2094 καθὼς
1250 2020 1297 2082 καὶ
1312 2024 1370 2093 τοῖς

74 2143 158 2221 ἁγίοις
180 2147 296 2226 πατράσι
319 2145 497 2226 διηγόρευται.
529 2144 552 2205 εἰ
576 2145 608 2206 δέ
630 2151 683 2205 τῶν
707 2143 862 2226 ἀγνοουσῶν
877 2166 907 2204 τε
923 2142 970 2206 καὶ
985 2144 1176 2223 ἀγνοουμένων
1196 2146 1369 2223 τυγχάνοιεν,

75 2265 215 2343 ἑβδομάδα
245 2267 310 2344 μίαν
339 2269 451 2349 ῆμεριῦν
473 2273 506 2350 τῆ
530 2272 600 2349 μονῇ
629 2265 818 2348 περιμείνασαι
840 2265 1050 2347 περιβαλοῦνται
1072 2267 1106 2326 τὰ
1129 2266 1268 2345 μοναχικά
1289 2285 1369 2346 περι-

76 2387 173 2462 βόλαια
195 2387 242 2449 καί
265 2390 407 2471 ὑπηρετεῖν
430 2389 459 2448 ἐν
481 2391 541 2462 ταῖς
563 2384 634 2450 κατὰ
657 2389 769 2463 δύναμιν
798 2387 946 2460 διακονίαις
969 2387 1176 2464 ἐπιταττόμεναι
1196 2407 1369 2469 προσκαρτε-

74 2512 178 2587 ρήσουσι
200 2517 234 2592 τῆ
258 2517 328 2592 μονῇ
350 2511 467 2592 τριετίαν
488 2514 535 2571 τοῦ
558 2511 685 2590 μεγάλου
707 2509 753 2570 καί
769 2510 920 2589 ἀγγελικοῦ
937 2513 1079 2588 σχήματος
1095 2511 1134 2585 μὴ
1150 2507 1370 2589 καταξιούμεναι,

75 2629 130 2710 πρίν
152 2635 185 2692 ἂν
208 2635 223 2692 ό
245 2639 296 2709 τῆς
322 2631 437 2714 τριετίας
463 2635 564 2712 χρόνος
591 2633 684 2705 αὑταῖς
707 2633 793 2714 ἀφεθῇ
816 2630 856 2704 εἰς
878 2635 973 2712 πεῖραν
996 2631 1043 2692 καί
1067 2631 1194 2708 δοκίμους
1218 2631 1301 2703 αὑτὰς
1323 2629 1382 2690 καὶ·

75 2751 148 2827 ἀξίας
169 2760 219 2832 τῆς
241 2755 407 2832 τηλικαύτης
434 2753 529 2832 βιοτῆς
555 2757 728 2838 παραστήσῃ·
760 2758 852 2814 τοῦτον
874 2754 928 2835 γὰρ
951 2755 997 2813 τόν
1024 2755 1118 2833 καιρόν
1141 2755 1250 2832 κρατεῖν
1272 2751 1319 2812 καὶ
1343 2750 1372 2810 αἱ

77 2872 115 2932 ἐπὶ
135 2877 244 2947 ταύταις
267 2877 391 2952 κείμεναι
414 2872 551 2949 διατάξεις
574 2876 715 2956 ὡρίσαντο,
737 2877 811 2950 πλὴν
835 2874 859 2934 εἰ
879 2879 918 2951 μή
938 2876 989 2935 πού
1004 2896 1045 2947 τις
1067 2874 1165 2956 βαρεῖα
1187 2879 1371 2954 περιπεσοῦσα

76 2997 149 3070 νόσος
171 2999 216 3058 τόν
239 3000 338 3078 χρόνον
360 2999 513 3078 ἀναγκάσαι
536 2964 701 3074 συσταλῆναι
724 3003 774 3074 τῆς
798 2996 969 3073 δοκιμασίας.

174 3121 253 3200 Κεφ.
276 3119 339 3182 λα’.
371 3117 451 3202 Περὶ
473 3125 528 3181 τοῦ
556 3119 649 3192 τίνας
672 3119 723 3180 δεῖ
752 3119 1024 3181 ἀποστέλλεσθαι
1047 3116 1095 3190 εἰς
1125 3117 1267 3194 τὴντῶν
1290 3139 1369 3194 κτη-

78 3243 182 3313 μάτων
204 3249 263 3319 τῆς
287 3215 392 3319 μονῆς
414 3244 580 3323 πρόνοιαν.
613 3241 649 3302 Οἱ
672 3241 704 3302 δέ
726 3262 762 3322 γε
785 3241 1022 3317 ἀποστελλόμενοι
1037 3239 1077 3312 εἰς
1092 3241 1140 3316 τὴν
1156 3245 1209 3300 τῶν
1225 3242 1370 3316 κτημάτων

76 3368 120 3438 τῆς
141 3370 229 3441 μονῆς
250 3368 377 3446 πρόνοιαν
401 3366 439 3441 μὴ
463 3365 508 3426 διά
530 3366 689 3444 συγγένειαν
712 3367 730 3438 ῆ
754 3361 908 3437 οἰκειότητα
923 3366 941 3439 ῆ
958 3363 1053 3443 ἑτέραν
1069 3363 1128 3422 τινὰ
1142 3363 1266 3437 τοιαύτην
1284 3359 1371 3420 αἰτίαν

76 3487 304 3566 τηοτιμάσθωσαν,
329 3485 407 3546 ἀλλὰ
428 3485 539 3560 πολλἠν
562 3485 688 3566 φροντίδα
710 3486 874 3546 τιθέσθωσαν
897 3487 915 3560 ῆ
937 3505 967 3544 τε
990 3485 1184 3563 καθηγουμένη
1206 3483 1254 3544 καί
1270 3485 1285 3542 ό
1300 3482 1371 3542 κατὰ

77 3609 181 3688 καιρούς
203 3606 349 3684 οἰκονόμος
372 3605 501 3688 εὑρίσκειν
524 3602 681 3688 ἀνθρώπους
704 3607 908 3682 εθυιτολήπτους
930 3604 977 3666 καί
992 3605 1161 3687 όλιγαρκεῑς,
1184 3605 1371 3676 ἀναπαύοντος

78 3728 123 3800 μέν
145 3728 192 3790 καὶ
215 3731 277 3801 τοθς
300 3730 407 3804 ἐντοῖς
429 3733 547 3806 κτήμασι
563 3727 609 3789 καὶ
633 3729 752 3806 μηδενδς
774 3729 981 3808 νοσφιζομένους
995 3735 1048 3788 τῶν
1068 3733 1101 3810 τῆ
1118 3733 1188 3809 μονῇ
1204 3727 1370 3806 ἀνηκόντων,

77 3852 165 3932 τεῖροὶν
188 3871 219 3912 τε
246 3853 362 3930 ἔχοντας
386 3850 424 3924 εἰς
446 3853 480 3912 τά
506 3853 656 3933 γεωργικοί.
703 3857 752 3927 τῆς
775 3851 807 3910 δὲ
828 3851 928 3912 τούτων
956 3849 1114 3925 ἀποστολῆς
1135 3849 1153 3923 ῆ
1172 3849 1370 3926 καθηγουμένη

80 3967 128 4042 ἕξει
150 3974 199 4048 τῆν
223 3971 356 4052 ἐξουσίαν,
381 3973 509 4045 ὡσαύτως
530 3971 578 4034 καί
600 3979 649 4050 τῆς
672 3972 815 4052 διαδοχῆς,
838 3973 885 4032 ότε
908 3971 1042 4052 εὑρεθεῖεν
1050 3968 1074 4053 ¹)
1090 3976 1138 4046 τῆς
1159 3969 1304 4051 όρθότητος
1322 3968 1336 4026 ἐ
1355 4002 1371 4012 -

78 4097 229 4176 τραπέντες,
260 4095 306 4168 οθς
328 4095 432 4176 ὀφείλει
455 4095 470 4152 ό
492 4093 636 4170 οἰκονόμος
667 4094 775 4174 ἐφορᾶν,
806 4095 852 4154 ὅτε
873 4093 948 4172 παρὰ
970 4099 1020 4168 τῆς
1049 4092 1205 4170 ἡγουμένης
1235 4089 1370 4168 πεμφθείη

79 4217 134 4290 τούς
155 4216 357 4296 ουγκλεισμοὺς
385 4218 555 4278 ἐποπτεὺσων
578 4214 625 4276 καὶ
647 4217 708 4288 τοὺς
733 4213 920 4285 ἐπισκεπτίτας
943 4213 1118 4294 λογαριάσων
1141 4209 1188 4271 καὶ
1210 4213 1298 4270 πάντα
1322 4209 1371 4270 δε-

81 4337 156 4412 όντως
178 4337 377 4416 οἰκονομῆσων.

178 4602 198 4668 ¹)
218 4597 335 4670 εὑρεθοῖεν
354 4601 383 4652 O.
402 4617 469 4651 corr.
487 4599 523 4650 M.
