3240 5286
1337 325 1399 390 247

83 520 200 576 στάσεσι
217 519 273 578 καὶ
285 525 366 580 πᾶσιν
383 521 497 600 ἄλλοις,
511 519 559 580 καί
574 519 656 598 ἐντῷ
673 520 767 598 εύιγεῑ
783 520 880 600 κλήρῳ
896 511 946 595 τῆς
960 518 1105 595 ,βασιλείας
1122 541 1184 598 μου,
1199 521 1291 590 πάσας
1304 540 1335 579 τε
1350 520 1401 592 τάς

83 638 232 700 ἀνέκαθεν
257 641 495 723 προσαρμοθείσας
515 639 554 720 τῷ
576 641 687 720 τοιούτῳ
710 641 822 720 όφρικίῳ
845 641 947 720 κρίσεις
969 639 1105 720 διεξάγειν
1121 640 1167 701 καὶ
1182 647 1321 719 περατοῦν.
1353 639 1401 700 ἐπὶ

82 761 175 840 τούτῳ
199 763 264 843 γάρ
287 763 414 842 ἐγεγὰνει
433 762 480 824 καί
502 766 521 840 ἡ
542 769 665 842 παροῦσα
685 769 735 839 της
758 763 901 838 βασιλείας
924 785 975 838 μου
997 761 1141 844 πρόσταξις
1158 764 1192 824 δι’
1206 763 1355 843 ἀσφάλειαν
1371 767 1398 838 †.

198 889 219 960 †
246 881 330 964 Εἶχε
359 888 408 946 τό·
438 884 517 964 μηνί
546 881 870 966 μαίῳίνδικτιῶνος
893 884 932 963 ιγ’
961 885 1013 946 διά
1043 891 1101 964 τῆς
1134 885 1316 961 βασιλικῆς
1343 883 1398 945 καί

84 1005 189 1080 θείας
212 1009 335 1088 χειρός
353 1013 380 1085 †.

287 1397 311 1402 ‚¹
360 1319 402 1385 11.
429 1317 679 1408 [6778-1270],
702 1279 813 1384 inemo
836 1319 930 1402 maio,
953 1317 1018 1384 ind.
1043 1317 1136 1384 x111.
1247 1379 1251 1386 .

86 1506 256 1577 Imperator
271 1505 393 1560 Μίτίιοὲί
406 1499 585 1575 Ραίιτιοὶομαι
605 1501 701 1558 ’σατύίθ
713 1503 889 1572 μαθήσεσθαι
903 1501 1013 1572 loseph,
1037 1509 1068 1556 τά
1078 1509 1238 1572 promoveat
1253 1504 1398 1557 άίαοοιιιιιιι
1467 1495 1469 1499 ’

268 1611 436 1669 modorum
452 1608 635 1666 θσαίατίοιααι
644 1610 688 1663 ad
702 1609 826 1664 altiorem
840 1609 999 1678 (limitatam
1015 1609 1230 1664 σσαὶιιίαεάοαιπ.

86 1811 236 1896 Ἕτερον
266 1817 465 1896 πρόσταγμα
497 1815 616 1890 σεπτδν
649 1817 703 1873 τοῦ
737 1814 992 1892 κοσμοποθήτου
1015 1817 1182 1892 ,κραταιοῦ
1211 1793 1395 1894 κοὶάγίου

86 1939 188 2012 ἡμῶν
219 1938 377 1998 αἰιθέντου
403 1933 458 1996 καί
486 1935 663 2016 βασιλέως,
695 1932 733 1994 δι’
750 1927 784 1992 οὗ
811 1953 865 2012 μοι
892 1930 1073 2014 καί-τόπος
1100 1933 1245 2012 ἀπεδόθη
1274 1934 1333 1994 κάν
1356 1943 1393 2018 τῇ

88 2059 268 2142 ἁγιωτάτῃ
290 2060 437 2142 ,μεγάλη
460 2058 626 2140 ἐκκλησίᾳ
647 2062 701 2118 τού
723 2059 799 2118 θεοῦ
823 2057 1010 2137 ἀνάλογος,
1033 2054 1060 2115 εἰ
1083 2053 1216 2136 καίδιά
1237 2059 1276 2116 τά
1300 2077 1397 2139 τινωνΙ
1423 2053 1426 2059 ’

89 2180 228 2261 ἀπρεπῆ
253 2181 426 2246 σκάνδαλα
448 2179 504 2242 καί
527 2181 582 2256 τὴν
606 2181 639 2240 έν
661 2179 704 2258 τῷ
726 2178 816 2260 χορῷ
838 2184 900 2238 τῶν
917 2179 1207 2254 έκκλησιαστικῶν
1222 2159 1394 2258 ἀρχόντων

90 2303 217 2380 ἀριλον
241 2306 353 2364 στάσιν
376 2303 551 2382 ἀπέκλινα,
575 2301 631 2377 τὴν
655 2300 788 2382 εἰρήνην
813 2301 1082 2380 αἱρετισίμενος·
1112 2300 1180 2374 μετ’
1194 2301 1227 2360 ού
1249 2301 1396 2382 πολύδὲ

90 2421 148 2483 καὶ
178 2425 366 2486 σακελλίου
390 2424 622 2504 ἑσρραγίσθην,
649 2422 705 2484 καί
726 2425 781 2484 τδν
802 2424 902 2483 τόπον
925 2421 1186 2484 τούσακελλίοιι
1204 2421 1391 2502 ἀπέλαβον.

203 2604 219 2676 β
236 2595 385 2678 Ἀγιώτατέ
408 2621 460 2675 μον
483 2601 601 2661 δέσποτα
622 2597 669 2660 καί
684 2597 854 2674 οἰκουμενικὲ
869 2601 1036 2678 πατριάρχα·
1061 2593 1135 2658 οἶδεν
1149 2600 1167 2672 ἡ
1184 2601 1318 2676 ἁγιωσύνη
1335 2621 1392 2680 σου,

92 2722 134 2792 ὡς
162 2719 314 2795 ἀνεδέξατο
341 2725 359 2798 ἡ
387 2722 516 2798 βασιλεία
543 2742 594 2800 μου
620 2723 665 2782 τδν
694 2723 853 2798 τιμιώτατον
882 2720 1081 2799 δικαιοφύλακα
1109 2724 1158 2801 κύρ
1181 2719 1325 2801 Θεόδωρον
1348 2724 1393 2783 τδν

93 2844 313 2924 Σκουταριώτην,
336 2841 383 2904 καί
406 2843 465 2916 οἵας
487 2841 533 2903 καί
556 2843 622 2920 όσης
631 2842 653 2925 ¹)
678 2843 756 2903 αύτδν
780 2839 850 2915 ἀξιοῖ
872 2842 1055 2923 προσπαθείας
1077 2840 1125 2902 καὶ
1147 2840 1320 2924 οἰκειώσεως,
1343 2850 1393 2921 τῆς

94 2977 125 3024 τε
156 2965 220 3046 περὶ
249 2965 284 3026 τά
312 2967 374 3025 θεῖα
403 2963 533 3045 γνώσεως
563 2967 641 3026 σίιτού
670 2967 760 3045 χάριν,
791 2962 837 3024 καί
860 2969 909 3042 τῆς
931 2963 992 3045 περὶ
1014 2964 1047 3024 τὰ
1069 2967 1218 3046 πράγματα
1240 2945 1409 3047 προσούσηςΙ

94 3090 182 3169 τούτῳ
210 3087 391 3166 εἰδημοσύνης
413 3086 459 3148 καί
483 3084 592 3168 ἀρετῆς.
626 3086 686 3147 ἐπεὶ
708 3085 753 3148 ούν
776 3087 860 3158 ούτως
884 3087 962 3146 αύτδν
986 3084 1133 3160 ἀνεδέξατο
1156 3085 1203 3148 καί
1225 3090 1310 3162 ούτως
1333 3091 1392 3168 έχει

95 3218 188 3272 τοῦτον
212 3213 230 3286 ἡ
258 3205 387 3286 βασιλεία
414 3231 465 3284 μου
492 3209 538 3270 καὶ
560 3211 669 3288 τοιούτῳ
692 3207 825 3284 ἀξιώματι
848 3211 1064 3290 κατεκόσμησεν,
1095 3213 1125 3272 σύ
1148 3211 1210 3272 δέον
1232 3215 1340 3284 πάντως
1361 3212 1392 3271 τό

98 3334 136 3408 μὴ
159 3331 207 3392 κοιί
229 3333 303 3412 παρὰ
325 3338 374 3408 τῆς
397 3333 548 3410 ἁγιωσύνης
570 3353 617 3392 σου
639 3331 685 3392 καὶ
707 3338 756 3409 τῆς
775 3337 829 3391 τῶν
845 3333 1033 3411 συγκλητικῶν
1049 3328 1211 3418 [ἀρχόντων]
1227 3336 1305 3395 αύτδν
1322 3337 1391 3395 ἀνα-

77 3455 192 3534 ’λόγως
215 3455 342 3532 μετέχειν
369 3461 450 3530 τιμῆς
471 3473 502 3514 τε
524 3451 570 3513 καὶ
592 3450 697 3526 τάξεως
720 3454 748 3513 έν
771 3474 801 3513 τε
823 3453 862 3533 τῷ
886 3454 1104 3534 ἑκκλησιαοτιιαῖ)
1126 3456 1237 3536 όρρικίῳ
1260 3457 1310 3516 κάν
1332 3461 1392 3532 ταῖς

97 3575 244 3656 καθέδραις
266 3573 313 3636 καὶ
335 3577 456 3635 στάσεσι·
479 3573 570 3654 χρεὼν
592 3573 646 3655 γὰρ
667 3576 723 3654 τόν,
746 3576 775 3633 δν
797 3577 815 3650 ἡ
839 3575 966 3650 βασιλεία
990 3597 1041 3652 μου
1060 3577 1130 3636 κατὰ
1145 3578 1230 3657 λόγον
1245 3580 1322 3660 τιμᾷ,
1345 3579 1392 3640 καί

97 3697 170 3776 πσρά
192 3701 243 3773 τῆς
265 3697 419 3774 ἁγιωσύνης
441 3715 488 3756 σου
510 3693 572 3756 κατ’
581 3691 641 3755 ἶσον
663 3697 789 3770 τιμᾶσθαι
811 3695 857 3756 καί
880 3698 925 3756 τδν
948 3698 977 3758 έν
999 3704 1033 3780 τῇ
1056 3698 1184 3782 βασιλείᾳ
1206 3699 1257 3760 κάν
1272 3707 1305 3782 τῇ
1322 3721 1390 3780 συγ-

97 3819 192 3898 κλήτῳ
213 3818 301 3892 τίμιον
323 3816 370 3878 καί
391 3817 466 3898 παρὰ
487 3823 521 3898 τῃ
545 3817 679 3900 ἐκκλησίᾳ
701 3837 748 3878 σου
770 3817 816 3878 καί
838 3818 877 3896 τῷ
898 3820 996 3899 κλήρῳ
1019 3825 1068 3896 τῆς
1090 3822 1243 3900 ἁγιωτάτης
1262 3827 1308 3883 τού
1327 3824 1390 3884 θεοῦ

98 3943 227 4020 μεγάλης
251 3940 400 4015 ἐκκλησίας
416 3945 496 4016 τιμῆς
508 3937 700 4012 καταξιούσθαι
715 3946 764 4016 τῆς
778 3941 943 4020 κρείττονος·
968 3941 996 4002 εί
1007 3963 1058 4024 περ
1075 3941 1319 4026 ἐπιστημονὰρχης,
1343 3946 1389 4006 σὺν

98 4063 152 4143 θεῷ
180 4064 273 4143 φάναι,
303 4067 352 4139 τῆς
383 4061 534 4140 ἐκκλησίας
563 4083 610 4124 σου
636 4063 654 4138 ἡ
678 4061 805 4136 βασιλεία
828 4084 880 4139 μου
901 4063 948 4124 καὶ
971 4066 1042 4126 κατὰ
1063 4068 1148 4148 κρίσιν
1171 4066 1308 4154 οἰκονομεῖ
1329 4070 1390 4142 τούς

98 4185 199 4264 λόγους
221 4185 318 4260 αἰιτῆς·
360 4185 426 4265 πρός
449 4184 529 4245 τύπον
553 4183 584 4244 δὲ
606 4189 660 4244 τῶν
683 4183 832 4259 βασιλικῶν
855 4185 902 4246 καί
923 4187 957 4246 τὰ
978 4194 1032 4248 τῶν
1056 4190 1288 4266 έκκλησιαστικῶν
1311 4191 1389 4271 δηρι-

98 4307 162 4368 κίων
184 4308 260 4387 παρὰ
277 4313 335 4367 τῶν
358 4305 489 4383 ἀοιδίμων
512 4304 558 4368 καί
574 4307 741 4386 φιλευσεβῶν
758 4308 895 4383 βασιλέων
912 4309 1074 4391 ἐτάχθησαν,
1098 4313 1190 4385 καθὼς
1205 4313 1255 4372 κάν
1270 4312 1309 4394 τῷ
1324 4315 1389 4394 θείῳ
1447 4321 1451 4326 ’

99 4426 154 4508 ἰδίῳ
184 4433 230 4487 τού
251 4424 359 4508 πρώτου
380 4435 434 4487 τῶν
458 4429 621 4508 Χριστιανῶν
644 4428 791 4504 βασιλέως,
816 4431 939 4509 μεγάλου
962 4430 1009 4490 καί
1031 4433 1107 4511 ἁγίου
1132 4435 1342 4514 Κωνοταντίνου,
1374 4439 1389 4496 δ

201 4687 220 4752 ¹)
237 4685 314 4750 πόσης
332 4689 359 4738 Ζ.
408 4702 412 4714 ’
