3486 5282
1347 335 1409 402 217

108 533 188 606 ἡμῶν
213 529 391 611 μοναστηρὶῳ
412 534 459 590 ταῖν
480 528 618 609 Μεγάλου
640 527 791 610 Σητηλαίσυ,
814 531 1004 590 συναινούντων
1029 530 1057 590 ἑν
1079 529 1165 610 τούτῳ
1187 529 1234 590 καί
1255 537 1309 592 τῶν
1325 554 1411 612 μαγι-

106 655 212 732 στόρων
237 653 274 712 ἐκ
294 657 341 714 τοῦ
364 650 501 734 ρουφετίου
523 659 577 712 τῶν
598 652 733 728 καπήλων
754 650 802 712 καί
824 653 876 732 πρό
898 655 1006 713 πάντων
1029 654 1189 734 στέργοντας
1208 651 1254 714 καί
1270 653 1410 734 ἀποδεχο-

106 776 192 850 μένου
215 776 268 850 τὴν
292 777 387 836 ἕνωσιν
409 775 507 852 ταύτην
530 779 577 836 τού
600 773 745 853 ἱερωτάτσυ
769 774 967 854 μητροπολίτου
983 775 1175 858 Χαλκηδόνος,
1199 777 1342 855 ύπερτίμου
1364 775 1411 836 καὶ

107 895 231 978 ἐξάρχου
246 900 340 974 πάσης
354 897 488 980 Βιθυνίας,
510 897 539 957 ἐν
555 897 625 977 ἁγίῳ
639 897 772 972 πνεύματι
787 897 928 976 ἀγαπητοῦ
943 894 989 958 καὶ
1003 899 1183 976 περιποθήτου
1198 899 1276 972 ἡμῶν
1292 894 1412 978 ἀδελφοῦ
1453 911 1455 916 “

105 1018 152 1078 καὶ
176 1021 403 1103 συλλεττουργσύ,
435 1019 526 1100 κυρίου
549 1019 691 1098 Ἱερεμίου,
715 1021 786 1091 όστις
809 1017 889 1091 ἰδίαις
911 1018 991 1099 χερσὶ
1013 1021 1101 1100 φέρων
1124 1020 1300 1098 ἀπεκόμισεν,
1324 1019 1412 1102 οἰκείᾳ

106 1143 188 1202 σίντσύ
210 1141 307 1224 ’βουλῇ
329 1141 376 1202 καί
399 1143 548 1223 αύθαιρέτῳ
570 1143 669 1224 γνώμη
691 1140 738 1202 καὶ
755 1141 875 1221 ἀβιάοτῳ
889 1144 1053 1222 προαιρέσει,
1076 1144 1107 1202 τό
1123 1141 1203 1220 ῥηθὲν
1219 1145 1411 1222 πατριαρχικόν

106 1261 153 1323 καί
176 1263 323 1324 συνοδικδν
346 1263 523 1342 σιγιλλιῶδες
542 1266 669 1344 γράμμα,
692 1261 882 1340 ἐξαιτούμενος
897 1264 969 1324 κατά
984 1264 1069 1339 ζῆλον
1084 1265 1211 1342 φιλόθεον
1226 1265 1274 1340 τὴν
1288 1266 1411 1341 παντελῆ

108 1386 276 1466 ἐλευθερίαν
298 1391 345 1448 τοῖν
368 1387 495 1467 ῥηθέντος
518 1383 697 1466 μσναστηρίου
718 1389 764 1446 τού
788 1385 865 1464 ἁγίου
881 1385 1017 1466 Γεωργίου
1040 1384 1085 1446 καὶ
1100 1387 1149 1462 τίην
1166 1387 1347 1468 ἐπισφράγισιν
1362 1393 1412 1464 τῆς

107 1506 246 1582 αἰτήσεως
269 1515 325 1568 τῶν
348 1509 500 1569 ὁσιωτάτων
522 1509 657 1588 πατέρων,
680 1509 750 1568 ὥστε
773 1507 1029 1584 ἀποκατασταθῆναι
1051 1509 1114 1568 αύτδ
1129 1509 1263 1590 ἡμέτερον
1277 1529 1411 1590 πατριαρτ

107 1651 126 1706 χ
129 1630 186 1690 ικόν
203 1632 442 1712 σταυροττηγιακόν
458 1631 529 1706 μετά
542 1633 649 1691 πάντων
663 1639 718 1690 τῶν
732 1633 886 1710 προσόντων
902 1630 974 1710 αύτῷ
991 1630 1188 1709 ἀφιερυμάτων
1199 1631 1246 1692 καὶ
1256 1634 1411 1712 κτημάτων,

107 1757 227 1828 κινητῶν
255 1773 288 1812 τε
313 1751 362 1812 καὶ
383 1753 528 1832 ἀκινήτων,
561 1752 729 1832 ἀδούλωτον,
759 1751 887 1812 ἀσύδστον
909 1751 957 1811 καὶ
979 1751 1197 1832 ἀκαταπάτητον,
1224 1755 1412 1829 συνηνωμένον

109 1873 139 1932 δε
163 1873 212 1932 καὶ
234 1873 453 1954 προσηλωμένον
476 1873 514 1954 τῷ
542 1873 607 1953 ἱερῷ
630 1873 800 1960 μοναστηρίῳ
822 1878 869 1935 τού
892 1875 1028 1952 Μεγάλου
1051 1875 1192 1951 Στιηλαὶσυ
1214 1873 1261 1934 καί
1284 1875 1411 1953 μετόχιον

111 1995 217 2054 ἐκείνου
237 1996 395 2074 λεγόμενον
415 1995 591 2076 ἀναφαίρετον
614 1995 661 2056 καὶ
677 1996 893 2058 ἀναπόσπαστσν.
922 1999 1021 2072 ταύτην
1038 1995 1082 2057 οὖν
1098 1998 1146 2072 τὴν
1164 1997 1292 2076 ἔνθερμον
1309 1996 1411 2072 αίτησιν

111 2119 199 2176 αἱπῶν
232 2117 357 2194 εύμενῶς
386 2116 587 2193 ἀποδεξάμενοι
616 2117 663 2178 καί
692 2121 750 2190 ταῖς
777 2120 973 2199 προσηκούσαις
1003 2120 1145 2198 εὐφημίαις
1176 2115 1411 2195 καταστεψάμενοι

111 2238 159 2312 τὴν
192 2240 276 2299 οσότσύ
304 2239 430 2319 ἱεράτητα
450 2240 497 2300 καὶ
527 2242 572 2300 τόν
594 2241 707 2320 θεοφιλῆ
732 2243 811 2302 αἱτού
833 2243 933 2301 σκοπόν
955 2242 1176 2322 χριστομιμητως
1197 2243 1411 2322 προσηκάμενοι,

112 2362 150 2434 ὡς
174 2358 295 2440 εύλογον
321 2361 368 2421 καί
390 2365 505 2438 νόμιμον
526 2362 573 2422 καὶ
594 2363 662 2443 πρδς
684 2364 820 2442 ὠφέλειαν
842 2366 889 2424 τού
911 2365 1040 2443 ῥηθέντος
1061 2363 1135 2444 ἱερού
1158 2363 1336 2444 μοναστηρίου
1358 2363 1411 2444 αἱφ-

114 2479 228 2564 ορῶντα,
255 2484 382 2562 ἔγνωμεν
404 2487 503 2568 γνῶμῃ
524 2491 601 2567 κοινῇ
624 2483 671 2544 καὶ
693 2485 820 2569 συνοδικῇ
844 2485 988 2566 διαγνώσει
1011 2486 1145 2548 ἐπινεῦσαι
1166 2488 1234 2567 πρός
1255 2489 1285 2546 τό
1309 2486 1412 2564 αἴτημα

116 2607 209 2665 αἱπῶν.
257 2607 352 2666 τούτου
382 2608 463 2686 χάριν
493 2608 642 2687 γράφοντες
669 2607 873 2686 ἀποφαινόμεθα
901 2609 1046 2680 συνοδικῶς
1074 2609 1144 2684 μετά
1169 2615 1223 2669 τῶν
1249 2607 1311 2688 περὶ
1337 2611 1411 2684 ἡμᾶς

113 2715 270 2804 ἱερωτάτων
285 2728 436 2808 ἀρχιερέων
451 2726 498 2788 καὶ
513 2729 674 2808 ύπερτίμων,
689 2735 743 2788 τῶν
759 2729 788 2790 ἐν
804 2729 874 2810 ἁγίῳ
889 2732 1020 2806 πνεύματι
1032 2731 1179 2809 ἀγαπητῶν
1191 2733 1270 2806 ἡμῶν
1282 2731 1409 2809 ἀδελφῶν

113 2847 159 2908 καὶ
180 2851 411 2932 συλλειτουργῶν,
433 2849 479 2910 ἱνα
498 2853 530 2909 τό
552 2850 633 2930 ῥηθὲν
656 2851 728 2932 ἱερόν
750 2849 797 2911 καὶ
819 2851 966 2928 σεβάσμιον
990 2855 1169 2934 μοναστηριον
1191 2857 1237 2913 τοῦ
1260 2852 1337 2931 άγίου
1362 2853 1407 2912 ἐν-

114 2969 192 3042 δόξου
215 2971 465 3054 μεγαλομάρτυρος
484 2970 631 3052 Γεωργὶου,
653 2974 684 3032 τό
708 2971 736 3032 ἐν
757 2979 791 3055 τῇ
815 2975 888 3053 νήσῳ
906 2972 1067 3054 Ἀντιγόνου,
1090 2973 1199 3056 ὑπάρχῃ
1221 2973 1269 3034 καὶ
1291 2976 1409 3054 λέγηται

112 3092 158 3152 καί
185 3094 265 3175 παρὰ
286 3095 393 3154 πάντων
415 3090 581 3173 γινώσκηται
602 3095 737 3175 ἡμέτερον
759 3096 954 3174 πατριαρχικόν
977 3097 1208 3176 στουροπηγιακδν
1232 3097 1409 3176 μοναστόριον

115 3215 181 3290 μετὰ
202 3219 313 3278 πάντων
336 3221 389 3276 τῶν
412 3215 492 3298 ἱερῶν
515 3218 595 3276 αύτοιῖ
617 3223 720 3278 σκευῶν
742 3216 790 3278 καὶ
811 3220 957 3294 κτημάτων
976 3215 1023 3277 καὶ
1039 3218 1233 3298 ἀφιερωμάτων
1249 3225 1363 3294 κινητῶν
1379 3241 1408 3280 τε

113 3337 157 3397 καὶ
186 3339 334 3414 ἀκινήτων,
364 3344 418 3400 τῶν
446 3361 476 3399 τε
497 3339 552 3415 ἤδη
576 3339 668 3414 όντων,
700 3340 842 3416 ἀμπελίων
869 3339 917 3400 καὶ
937 3342 1032 3416 κήπων
1056 3339 1264 3424 (μπαχτσέδων)
1287 3339 1409 3402 καὶτῶν

114 3458 252 3522 εἱσέπειτα
272 3463 532 3542 προσγενησομένων
557 3464 599 3540 ἀν,
622 3463 837 3542 προσηλωμένον
860 3463 892 3523 δὲ
915 3461 962 3523 καὶ
984 3464 1125 3540 ἡνωμένον
1141 3464 1355 3537 ἀναποσπάστως
1370 3463 1408 3544 τῷ

113 3584 182 3643 κατὰ
208 3585 259 3660 τὴν
284 3584 493 3660 Πελοπόννησον
518 3585 638 3664 κειμένῳ
665 3585 805 3665 σεβασμίῳ
827 3587 954 3665 ἡμετέρῳ
976 3587 1163 3667 πατριαρχικῲ
1186 3584 1233 3646 καὶ
1256 3606 1408 3667 σταυρσπη-

113 3705 199 3787 γιακῷ
217 3704 391 3786 μονασσηρίῳ
406 3710 452 3768 τού
467 3707 603 3786 Μεγάλου
618 3705 769 3788 Σπηλαῖου,
789 3706 837 3766 καὶ
851 3708 1014 3790 γνωρίζηται
1031 3709 1158 3786 μετόχιον
1175 3707 1290 3788 ἐκείνου,
1307 3708 1408 3770 δεσπο-

114 3829 225 3903 ζόμενον
254 3826 302 3888 καὶ
329 3826 581 3909 διακυβερνῶμενον
609 3828 683 3910 παρά
709 3833 755 3890 τού
782 3829 854 3890 κατὰ
880 3830 990 3910 καιρούς
1014 3829 1128 3891 ἐνταῦθα
1150 3828 1191 3902 εἰς
1213 3829 1409 3904 βασιλεύουσαν

114 3951 159 4022 τάς
185 3949 328 4031 διατριβὰς
350 3951 511 4026 ποιουμένου
534 3951 679 4011 όσιυντάτσυ
701 3952 909 4030 καθηγουμένου
931 3955 978 4012 τού
1000 3951 1083 4030 Βλάχ
1105 3948 1252 4033 Σαραγίου,
1281 3952 1409 4031 μετοχίου

114 4076 157 4130 τοῦ
179 4073 318 4153 Μεγάλου
341 4073 491 4153 Σπηλαὶου,
521 4071 568 4132 καὶ
598 4079 651 4132 τῶν
682 4075 906 4148 συνασκουμένων
937 4073 1010 4152 αύτῷ
1039 4075 1163 4154 πατέρων
1189 4073 1236 4134 καὶ
1260 4077 1342 4150 μόνον
1365 4076 1409 4136 ὑπ’

117 4197 198 4255 σάτῶν
220 4191 427 4275 διεξαγόμενον,
453 4195 598 4275 ἐλεύθερον
614 4194 655 4277 δέ,
679 4195 845 4276 ἀδούλωτον,
867 4195 1005 4276 ἀσύδοτον,
1029 4195 1235 4272 ἀκαταπάτητσν
1250 4195 1297 4257 καί
1313 4195 1409 4273 μηδενί

117 4317 197 4392 μηδὲν
220 4318 333 4398 όφεῖλσν
356 4316 460 4377 διδόναι
482 4320 551 4392 μήτε
573 4316 613 4396 τῷ
635 4318 706 4376 κατὰ
727 4318 808 4377 τόπον
832 4317 954 4398 ἀρχιερεῖ
975 4315 1022 4376 καὶ
1045 4321 1179 4400 κυριάρχη
1201 4325 1251 4395 τῆς
1274 4318 1409 4399 ἐπαρχίας

118 4438 228 4518 ἐκείνης,
252 4439 390 4520 ἱερωτάτῳ
413 4438 599 4521 μητροπολίτη
623 4439 814 4518 Χαλκηδόνος,
838 4442 908 4514 μήτε
933 4440 1014 4520 σὶλλῳ
1038 4438 1087 4500 τινὶ
1108 4442 1244 4521 προσώπῳ
1266 4439 1408 4522 ἱερωμένῳ

118 4559 159 4620 καὶ
183 4561 275 4642 λαἰνσξι
302 4557 402 4640 μεχρὶς
429 4560 539 4641 όβσλσύ,
571 4564 810 4638 μνημονευομένου
834 4560 862 4620 ἐν
886 4560 958 4642 αύτῷ
981 4566 1026 4622 τού
1048 4566 1191 4622 κανονικού
1213 4568 1408 4642 πατριαρχικού

121 4680 243 4759 ’στόματος
274 4685 304 4744 ἐν
334 4685 434 4754 πάσαις
463 4685 523 4756 ταῖς
553 4682 638 4763 ἱεραῖς
669 4683 795 4755 τελεταῖς
826 4683 872 4743 καὶ
903 4684 1087 4764 ἀκολουθίαις,
1118 4687 1156 4755 ὡς
1183 4686 1336 4760 νενόμισται
1361 4683 1409 4744 καὶ
