3208 5310
254 342 297 406 46

254 534 350 610 μοδίου
366 534 403 596 σι’.
429 539 521 617 ἕτερον
542 545 588 598 του
604 537 719 611 Μσήτου
740 535 771 596 τὸ
793 534 910 611 πλησίον
931 535 1070 616 χωραρίου
1085 539 1132 596 τοῦ
1147 534 1334 614 Ἀζωπολίτζη
1351 534 1392 621 (ί)
1409 535 1505 614 μοδίου
1517 535 1553 595 σι’.

254 657 347 738 ἕτερον
368 660 507 738 χωράριον
526 663 575 734 τῆς
591 657 769 735 Καλαμάδσς
783 656 868 736 ἤγουν
883 659 930 716 τοῦ
945 656 1116 738 Λαγπαδίου,
1139 661 1202 720 ὅσον
1217 659 1264 720 καί
1280 651 1337 722 οἷόν
1353 661 1436 721 ἐστιν.
1461 661 1554 739 ἕτερον

255 778 284 838 ἐν
299 785 332 860 τῇ
347 784 465 862 περιοχῇ
483 827 489 840 .
504 827 511 841 .
526 826 532 840 .
550 781 579 840 τδ
595 781 699 840 ἄνωθεν
714 783 760 840 τοῦ
775 779 896 860 Καρσβᾶ
911 778 1015 856 μοδίων
1028 779 1054 839 α’
1062 779 1113 855 ς”.
1131 782 1223 863 ἕτερον
1239 784 1378 864 χωράριον
1392 787 1440 842 τοῦ
1452 781 1555 841 Σισίνου

252 901 283 960 τδ
305 900 422 976 πλησίον
443 900 584 980 χωραρίου
605 903 651 960 τοῦ
668 895 822 986 Παλ[αιοϋ]
845 899 948 975 μσδίων
965 899 1001 977 β’.
1026 903 1119 982 ἕτερον
1141 905 1280 984 χωράριον
1301 908 1357 964 τῶν
1371 903 1489 984 Δράκων
1512 899 1554 984 (ί)

252 1023 283 1082 τίν
306 1022 410 1083 ἄνωθεν
431 1022 571 1104 χωρσρίσυ
592 1025 639 1083 τοῦ
660 1027 738 1082 παπᾶ
760 1019 892 1101 Σταγίνου
908 1021 948 1105 (ί)
972 1021 1075 1099 μοδίων
1091 1022 1127 1097 β’.
1155 1019 1318 1110 [χωριίριον]
1341 1022 1381 1097 είς
1404 1025 1450 1086 τόν
1474 1023 1554 1084 αίιτδν

253 1145 334 1204 τόπον
357 1143 460 1220 μοδίων
476 1142 502 1220 β’
525 1144 557 1204 τό
578 1141 695 1220 πλησίον
716 1142 854 1224 χωραρίου
876 1149 926 1222 τῆς
942 1145 1062 1226 Παρτῆς.
1086 1147 1179 1226 ἕτερον
1201 1144 1242 1219 είς
1263 1149 1309 1208 τδν
1331 1146 1412 1208 σιίιτδν
1427 1149 1509 1208 τόπον
1523 1147 1555 1206 τδ

255 1267 371 1342 πλησίον
397 1265 537 1348 χωραρίσυ
558 1271 604 1327 τοῦ
627 1267 792 1342 Ζυμωνοίτου
815 1266 911 1341 μοδίου
926 1265 963 1326 α’.
995 1265 1035 1340 είς
1057 1269 1102 1328 τόν
1125 1269 1205 1329 ὠτίον
1226 1271 1310 1330 τόπον
1333 1267 1436 1346 μοδίων
1453 1267 1488 1328 α”
1501 1265 1554 1344 ς”.

254 1390 346 1470 ἕτερον
367 1389 506 1468 χωρσίρισν
528 1393 577 1464 τῆς
600 1388 681 1467 ἁγίοις
706 1387 849 1464 Ἀιωλίνης
871 1389 902 1448 τδ
923 1388 1041 1464 πλησίον
1062 1388 1202 1470 χωραρίσυ
1221 1393 1268 1451 τοῦ
1285 1386 1440 1476 Παλ[αιοῦ]
1456 1389 1554 1466 μοδίου

252 1508 304 1584 ς”.
327 1512 466 1590 χωράριον
490 1509 518 1570 ἐν
540 1516 575 1592 τῇ
594 1515 711 1592 περιοχῇ
726 1513 773 1571 τοῦ
789 1511 912 1588 Φαγέως
927 1511 957 1570 τδ
972 1510 1044 1571 κατὰ
1059 1511 1197 1586 ἀνατολὰς
1211 1513 1338 1588 κείμενον
1353 1513 1494 1593 χωραρίου
1509 1516 1555 1572 τοῦ

253 1629 396 1713 Είρηνινοῡ
412 1631 452 1715 (ί)
472 1631 520 1692 καὶ
541 1632 658 1709 πλησίον
681 1633 820 1714 χωρσρίου
841 1636 888 1694 τοῦ
905 1631 1005 1712 Ἄζάνι,
1028 1627 1121 1706 καθώς
1145 1633 1216 1694 ἐστιν
1238 1635 1254 1693 ό
1275 1635 1450 1716 ποριορισρδς
1474 1635 1556 1694 σολτοῡ

253 1755 335 1835 μέχρι
356 1760 406 1831 τῆς
427 1759 546 1836 κορυφῆς
568 1759 614 1815 τοῦ
636 1754 723 1836 όρσυς.
749 1757 842 1837 ἕτερον
863 1759 1001 1838 χωράριον
1016 1759 1062 1816 τοίν
1077 1755 1297 1834 Βραλλοσσόλου
1312 1757 1342 1817 τδ
1357 1756 1475 1833 πλησίον
1490 1779 1555 1836 χω-

253 1870 346 1958 ραρίου
367 1881 414 1938 τοῦ
430 1878 525 1949 Ἀζοίνι
548 1876 643 1953 μσδίσυ
658 1875 709 1952 ς”.
734 1879 827 1958 ἕτερον
848 1880 986 1958 χωράριον
1008 1881 1055 1938 τοῦ
1071 1878 1213 1954 Ἐμβόλου
1235 1879 1266 1938 τδ
1281 1878 1400 1956 πλησίον
1415 1877 1556 1955 ἀμπελίου

251 2003 298 2060 τοῦ
313 1999 531 2082 Ἀρχυροποίιλου
554 1998 649 2075 μοδίσυ
663 1999 714 2074 ς”.
739 2002 831 2080 ἕτερον
853 2002 992 2080 χωροίριον
1007 2004 1053 2061 τοῦ
1069 2000 1197 2082 Ἀνδρέου
1212 2001 1242 2060 τδ
1257 2001 1413 2081 λεγόμενον
1428 2007 1476 2064 τοῦ
1491 2003 1555 2062 Τα-

252 2117 352 2201 ξιάρχη
374 2123 405 2182 τδ
427 2119 550 2182 κάτωθεν
572 2122 619 2182 σὶιν
642 2120 695 2180 τῶν
719 2121 847 2204 δένδρων,
875 2122 937 2182 δσσν
959 2119 1007 2182 καί
1030 2116 1085 2182 οἷόν
1109 2121 1190 2184 ἐστιν.
1222 2125 1315 2204 ἕτερον
1337 2125 1478 2221 χωρσίριον
1499 2131 1555 2184 τῶν

252 2241 382 2318 Σιπηλίων
404 2247 451 2303 τοῦ
465 2243 610 2303 Βενίτιοιου
632 2241 736 2318 μοδίων
751 2241 790 2321 γ’.
815 2244 907 2323 ἕτερον
929 2240 1068 2324 χωρόριον
1083 2247 1129 2304 τοῦ
1145 2243 1281 2326 Ἀνδρέου.
1304 2246 1398 2326 ἕτερον
1412 2247 1556 2325 χωράριον

251 2370 305 2425 τῶν
317 2365 447 2442 Σπηλίων
461 2367 492 2426 τδ
508 2366 611 2426 ἄνωθεν
625 2369 672 2426 τοῦ
683 2365 938 2446 Χαροιομοτιάτυιου
953 2364 1056 2442 μσδίων
1068 2365 1105 2440 β’.
1122 2366 1215 2446 ἕτερον
1229 2368 1369 2447 χωρόριον
1383 2371 1436 2443 τῆς
1448 2365 1555 2446 Ἀμυχ-

253 2487 359 2560 δαλέσς
380 2487 412 2547 τό
433 2486 550 2564 πλησίον
575 2481 737 2572 [χωρσρίου]
759 2491 806 2547 τοῦ
827 2488 991 2548 Ζαπυνθινοῦ
1014 2485 1110 2564 μοδίου
1126 2486 1163 2547 α’.
1188 2485 1325 2548 οίιτοθεσίσ
1346 2493 1401 2548 τῶν
1416 2488 1556 2562 Σδλσίβων

253 2609 298 2670 σίιν
319 2615 373 2670 τῶν
397 2610 517 2692 δένδρων
544 2607 690 2686 μοδίουοί.
719 2607 823 2685 ἀμπέλι
845 2611 876 2670 τδ
898 2609 1015 2684 πλησίον
1037 2614 1083 2670 τοῦ
1105 2609 1286 2691 Σραλυιοίιρδι
1309 2608 1412 2686 μοδίων
1428 2608 1465 2684 β’.
1496 2609 1555 2686 ἀμ-

251 2733 318 2792 πέλι
344 2735 391 2793 τοῦ
413 2733 549 2813 Στρεπτοῦ
571 2733 602 2792 τδ
623 2729 740 2808 πλησίον
762 2731 900 2808 ἀμπελίου
922 2735 968 2792 τοῦ
990 2731 1130 2794 Λεωνίδου
1153 2731 1257 2809 μοδίων
1272 2731 1308 2807 β’.
1340 2729 1381 2805 είς
1402 2734 1450 2794 τδν
1474 2734 1555 2793 σίντδν

251 2857 334 2916 τόπον
356 2857 387 2916 τό
409 2857 533 2918 νυίτωθεν
554 2853 694 2938 χωραρίου
716 2857 763 2915 τοῦ
777 2854 917 2916 Λεωνίδου
939 2853 986 2915 καί
1009 2855 1145 2931 ἀμπελίου
1160 2858 1206 2916 τοῦ
1221 2855 1381 2931 Ἀοωμάτου
1397 2854 1500 2931 μοδίων
1518 2853 1555 2930 β’.

252 2978 366 3058 ἀμπίλι,
388 2979 419 3040 τδ
442 2978 547 3056 ἔχομεν
569 2977 623 3038 ἀπδ
638 2976 819 3056 ἀνταλλαγῆς
835 2976 868 3036 ἐν
882 2980 928 3038 τοῦ
943 2976 1021 3056 ἁγίου
1036 2975 1192 3058 Θεοδώρου,
1217 2977 1312 3053 μοδίου
1328 2973 1365 3039 σι’.
1389 2977 1496 3053 ἀμπέλι
1513 2975 1555 3050 είς
1602 3041 1603 3073 ρ

250 3104 297 3163 τδν
319 3103 399 3163 αὐτόν
421 3101 503 3162 τόπον
525 3101 556 3162 τδ
577 3099 693 3176 πλησίον
716 3099 763 3160 καί
785 3100 890 3162 ἄνωθεν
912 3101 959 3160 τοῦ
974 3099 1125 3180 Κοργίννου
1141 3097 1244 3175 μοδίων
1256 3098 1292 3174 β’.
1318 3094 1435 3184 [ἕτερον]
1452 3097 1493 3172 είς
1507 3101 1555 3160 τδν

252 3226 331 3286 αυτόν
353 3227 435 3285 τόπον
457 3221 530 3284 κατὰ
551 3222 624 3282 δόσιν
638 3227 684 3283 τοῦ
698 3223 818 3283 τοιοίπου
834 3220 928 3298 μσδίου
939 3217 975 3281 α’.
1000 3223 1092 3302 ἕτερον
1108 3220 1213 3296 ἀμπέλι
1229 3220 1333 3280 ἄνωθεν
1348 3221 1443 3282 τούτου
1458 3220 1555 3297 μοδίου

251 3345 303 3422 ς”.
327 3345 432 3421 ἀμπέλι
448 3348 541 3428 ἕτερον
556 3345 587 3405 τδ
601 3345 757 3424 λεγόμενον
772 3348 818 3406 τοῦ
834 3343 978 3424 Πτερίονος
994 3343 1089 3420 μοδίου
1098 3341 1150 3417 ς”.
1174 3343 1205 3402 τδ
1219 3340 1266 3402 καί
1281 3341 1399 3418 πλησίον
1415 3343 1555 3420 ἀμπελίου

251 3471 298 3529 τοῦ
319 3468 436 3548 Λοζαρᾶ
459 3465 499 3539 είς
519 3467 566 3527 τδν
589 3466 668 3526 σίνιδν
690 3468 772 3526 τόπου
794 3464 911 3541 πλησίον
934 3463 1072 3542 ἀμπελίσυ
1093 3467 1139 3524 τοῦ
1160 3464 1311 3544 Ἀγαλλίου
1334 3462 1498 3546 δτιιαλίτρου
1516 3464 1553 3526 α’.

254 3590 361 3668 δμπέλι
383 3594 433 3666 τῆς
448 3587 575 3671 Μιρπίσς,
598 3589 691 3660 ιωιδίις
714 3589 783 3649 ἐστιν
806 3585 1034 3669 ίδιοπεριόριστον,
1057 3588 1120 3647 όσον
1142 3583 1189 3645 καὶ
1208 3577 1264 3645 οἷόν
1280 3585 1360 3646 ἐστιν.
1384 3585 1491 3662 ἀμπέλι
1504 3593 1555 3666 τῆς

252 3711 312 3773 flou
328 3759 334 3774 .
352 3761 360 3778 .
376 3731 391 3772 τ
408 3760 440 3778 ..
464 3709 511 3772 καί
541 3711 605 3771 αδτδ
627 3707 856 3792 ίδιοπεριόριστον.
885 3709 991 3787 ἀμπέλι
1018 3713 1064 3770 τοῦ
1087 3707 1229 3785 Σπηλσίου
1250 3706 1299 3768 καί
1320 3708 1396 3790 αίιτό,
1419 3710 1484 3769 ὅσον
1506 3708 1555 3770 καί

251 3828 307 3896 οίόν
331 3833 410 3896 ἐστιν.
436 3833 540 3911 ἀμπέλι
562 3837 609 3894 τοίι
631 3831 810 3912 Πηγσδσοιίου
832 3829 879 3892 καί
902 3832 981 3892 αὐτόν
1004 3831 1060 3891 ἐστι
1082 3831 1302 3912 περιωρισμένον.
1327 3831 1357 3889 τό
1381 3830 1486 3891 ἄνωθεν
1508 3835 1554 3892 τοῦ

250 3955 386 4038 πηγαδίου
409 3953 448 4028 είς
469 3957 515 4017 τδν
539 3955 617 4017 ὠτδν
639 3959 721 4016 τόπον
743 3959 789 4016 τοῦ
811 3952 947 4034 πηγοδίσυ
969 3954 1000 4014 τδ
1021 3953 1094 4014 κατὰ
1115 3951 1188 4013 δύσιν
1210 3953 1241 4013 τδ
1263 3951 1382 4028 πλησίον
1404 3957 1451 4013 τοῦ
1473 3955 1553 4034 Τρα-

249 4079 342 4158 χηλου
369 4077 417 4140 καί
442 4081 489 4140 τοίι
510 4079 639 4160 Σωτῆρος
661 4079 784 4158 ἁρμάτειοι
798 4073 835 4156 γ’,
863 4076 916 4136 ὅσα
936 4072 983 4134 καί
1006 4068 1050 4134 οἷσί
1072 4072 1145 4134 εἰσιν.
1179 4074 1285 4150 ἀμπὲλι
1306 4076 1337 4134 τδ
1359 4075 1484 4135 κάτωθεν
1507 4080 1554 4136 τοῦ

250 4203 329 4283 ἁγίου
345 4199 519 4282 [ίσγιιρστίου
540 4200 588 4262 καί
609 4199 725 4276 πλησίον
747 4197 885 4274 ἀμπελίου
906 4201 953 4258 τοῦ
968 4194 1101 4272 Σουπίτζη
1117 4195 1213 4272 μοδίου
1229 4195 1265 4256 α’.
1291 4197 1383 4277 ἕτερον
1399 4195 1508 4272 ἀμπέλι
1525 4197 1553 4257 ἐν

250 4329 283 4408 τῇ
305 4330 422 4407 περιοχῇ
445 4327 491 4385 τοῦ
506 4323 654 4404 Σπαρτέως
677 4325 706 4382 τδ
729 4322 883 4400 λεγόμενον
899 4325 948 4394 της
965 4319 1061 4398 Ἀρέσς
1075 4319 1106 4378 τδ
1121 4317 1237 4394 πλησίον
1252 4321 1299 4378 τοῦ
1313 4318 1442 4400 Τρσιυλοίι
1457 4320 1554 4394 μοδίου

251 4447 289 4508 α’.
314 4445 353 4521 είς
375 4449 421 4508 τδν
444 4449 522 4508 αδτδν
545 4450 627 4508 τόπον
650 4444 755 4521 ἀμπίλι
777 4445 807 4504 τδ
828 4440 946 4518 πλησίον
969 4438 1105 4517 ἀμπελίου
1120 4445 1165 4502 τοῦ
1180 4439 1327 4517 Κλαδιμοϋ
1342 4439 1445 4516 μοδίων
1461 4441 1552 4517 α’ς”.

252 4573 343 4653 ἕτερον
360 4570 466 4646 ἀμπέλι
480 4571 511 4630 τδ
526 4569 642 4646 πλησίον
664 4565 712 4628 καὶ
728 4563 832 4628 ἄνωθεν
847 4569 894 4626 τοῦ
910 4563 1055 4646 Ἀγροίιισυ
1069 4565 1100 4624 οδ
1115 4562 1233 4640 πλησίον
1248 4561 1386 4640 ἀμπελίου
1400 4569 1451 4640 τῆς
1467 4570 1553 4640 μονῆς

251 4700 298 4770 τῆς
323 4688 528 4779 Πορτ[α]υ[ῆς1
552 4691 654 4770 μοδίιυν
670 4689 704 4750 δ’.
742 4691 834 4770 ἕτερον
856 4690 887 4748 τδ
909 4687 1066 4766 λεγόμενον
1088 4689 1134 4746 τοῦ
1156 4685 1317 4765 Τροχήλου,
1341 4685 1404 4746 ὅσον
1426 4683 1476 4746 καί
1498 4677 1552 4746 οἷόν
