3246 5288
251 338 316 404 426

253 534 430 614 στηρίζοντες,
455 535 649 614 νουθετοῦντες,
672 537 907 615 παρακαλοῦντες,
931 537 1105 616 ἀνεχόμενοι,
1129 542 1326 610 κατανοοῦντες
1346 537 1511 612 ἀλλήλους
1535 533 1569 605 εἷς

251 652 423 736 παροξυσμὸν
450 657 560 734 ἀγάπης
582 655 629 716 καὶ
651 658 747 717 καλῶν
771 658 868 736 ἔργων.
914 655 962 717 καί
985 658 1081 730 ἁπλῶς
1105 655 1198 738 εἰπεῖν,
1228 658 1255 718 εἴ
1274 679 1297 718 τι
1320 659 1460 738 χρηστόν,
1498 655 1529 715 εί
1547 678 1569 715 τι
1602 697 1603 736 γ

252 779 393 857 σωτήριον,
422 777 512 850 εἴτις
540 778 622 860 ἀρετὴ
650 777 697 838 καί
724 777 751 839 εί
775 800 814 850 τις
842 780 961 859 ἔπαινος,
989 780 1152 851 σπεύδοντες
1179 783 1327 860 κατορθοῦν
1355 779 1393 854 είς
1422 781 1568 853 δύναμιν·
1602 791 1603 844 ἶ

251 898 314 976 ρησὶ
337 899 391 979 γὰρ
413 901 428 959 δ
451 901 542 980 κύριος
565 902 643 976 ἡμῶν
664 900 769 974 Ἰησοῦς
789 901 917 981 Χριστός·
943 905 1047 981 ,μοῦνα
1070 901 1236 978 ἐντέλλομαι
1259 903 1331 983 ύμῖν,
1354 904 1398 964 ἵνα
1421 903 1568 980 ἀγαπᾶτε

252 1017 408 1098 ἀλλήλους,
439 1023 532 1094 καθὼς
556 1021 612 1100 ἐγὼ
643 1023 773 1102 ἀγάπησα
796 1023 898 1098 ύμ.άς“.
943 1021 990 1083 καὶ
1018 1023 1162 1102 ἀλλαχοῦ·
1193 1025 1244 1104 ,,ἐν
1273 1026 1359 1106 τούτῳ
1387 1025 1446 1106 γὰρ
1485 1025 1568 1102 γνῶ·
1602 1055 1603 1074 2

252 1163 343 1202 σονται
365 1145 474 1222 πάντες,
503 1145 544 1204 ὅτι
572 1143 633 1218 ἐμοὶ
664 1143 783 1219 μαθηταί
811 1144 881 1223 ἐστε,
914 1144 962 1204 ἐάν
992 1145 1100 1223 ἀγάπην
1129 1147 1212 1224 ἔχητε
1241 1145 1411 1222 ἀλληλοιςίέ.
1466 1147 1567 1224 ὁρᾶτε,
1602 1119 1603 1122 ¹

251 1264 323 1335 τίνος
357 1264 476 1340 ἐσόμεθα
511 1265 630 1340 μαθηταί
662 1270 745 1326 ταῦτα
779 1266 972 1346 ρυλάτισντεςς
1006 1269 1096 1348 δρᾶτε,
1132 1267 1192 1340 οἵας
1223 1265 1306 1344 δόξης
1336 1268 1382 1329 καὶ
1411 1271 1565 1347 μακαριέ-
1602 1253 1603 1264 ’

252 1406 332 1459 σητος
359 1384 405 1446 καί
428 1386 624 1464 ἀγαλλιάσεως
654 1390 745 1466 τυχεῖν
776 1389 921 1464 μέλλομεν
951 1388 989 1467 τῷ
1020 1389 1202 1470 φιλανθρώπῳ
1232 1387 1287 1467 θεῷ
1318 1391 1565 1466 μκθητευῦμενοι·

252 1511 393 1586 τοιγαροῦν
415 1510 489 1591 πάση
512 1509 626 1592 σπουδῇ,
653 1513 726 1593 πάσῃ
750 1509 871 1590 δυνάμει,
897 1513 971 1594 πάση
993 1511 1128 1594 προθυμίᾳ
1149 1517 1201 1572 τῶν
1226 1511 1344 1572 ἐντολῶν
1368 1513 1448 1572 αῦτοῦ
1475 1529 1564 1588 περι·
1602 1501 1603 1548 3

253 1631 408 1708 ερχῶμεθα.
1602 1617 1603 1696 ί

253 1875 361 1956 μέτριος
389 1877 435 1936 ἔσο
462 1880 518 1950 τοῖς
546 1877 685 1957 ἀδελφοῖς,
714 1877 844 1960 ἐπιεικής,
873 1878 1056 1953 κηδεμονικδς
1082 1875 1128 1938 καί
1156 1880 1186 1937 το
1214 1879 1279 1962 ὅλον
1302 1877 1433 1956 πατρικὴν
1458 1877 1558 1946 οτῦτοῖς
1602 1891 1603 1910 ³

356 1751 410 1816 λε’,
434 1753 491 1815 Καὶ
507 1755 537 1814 ού
558 1755 599 1834 δέ,
623 1752 746 1836 ὦπάτερ
766 1755 931 1831 πνευματικὲ
953 1762 1003 1832 τῆς
1026 1756 1101 1837 ἱερᾶς
1124 1756 1222 1830 ταύτης
1243 1755 1360 1832 ποίμνης
1383 1754 1427 1816 καί
1450 1754 1559 1833 δδηγέ,

252 1997 400 2068 ἀποσῶζων
422 1999 471 2074 τὴν
496 1997 608 2059 εὔνοιαν.
648 1999 701 2078 ναί,
725 2001 890 2080 παρακαλῶ,
913 2003 1020 2060 πάντων
1044 2001 1138 2078 κήδεα,
1162 1997 1269 2060 πάντων
1291 2001 1422 2080 ρροντιζε,
1446 1999 1556 2077 ἀνέχου

251 2122 368 2200 πάντων,
396 2121 511 2199 ἀντέχου
534 2123 677 2202 νουθετῶν,
704 2121 854 2203 παραινῶν,
879 2121 1024 2203 διδάσκων,
1047 2122 1228 2202 παρακαλῶη
1252 2125 1397 2194 νοσοῦντας
1419 2123 1555 2198 ῦγιάζων,
1602 2193 1603 2208 ,

253 2236 430 2314 ἀσθενοῦντας
460 2243 657 2324 ὑποστηρίζων,
693 2243 926 2323 ἀλιγοψυχοῦντας
954 2245 1212 2324 παραμυθούμενος,
1249 2246 1454 2323 ἁμαρτάνοντας
1488 2244 1553 2302 ἐπι·
1602 2233 1603 2272 ³

253 2363 381 2441 στρέρων,
409 2364 641 2440 ἑβδομηκοντάκις
669 2366 736 2426 έπτά
763 2371 913 2447 συγχωρῶν
940 2361 1011 2425 κατὰ
1037 2366 1086 2440 την
1110 2370 1155 2424 τοῦ
1178 2365 1267 2446 κυρίου
1289 2367 1393 2444 ρωνην·
1421 2366 1553 2443 συμρέρει

251 2484 305 2563 γὰρ
329 2485 390 2560 ύμῖν
413 2488 491 2546 αθτθν
515 2489 698 2563 μιμουμένους
720 2489 764 2548 τὀν
787 2489 887 2566 κύριον,
911 2489 950 2561 ῶς
971 2486 1222 2566 ουγκαταβατικοῦς
1243 2489 1367 2567 κριθῆναι
1390 2487 1435 2546 καί
1453 2508 1479 2546 τι
1497 2493 1552 2544 τῶν
1602 2479 1603 2500 ³

254 2606 370 2665 δεόντων
391 2611 651 2688 παραλιμπάνοντας
673 2613 691 2683 ἢ
714 2609 763 2684 τὴν
787 2611 872 2691 ἀκρον
902 2611 1084 2689 φυλάττοντας
1111 2609 1289 2688 δικαιοσύνην,
1319 2609 1358 2678 ῶς
1381 2608 1551 2683 ἀσυμπαθεῖς

251 2725 297 2786 καί
322 2728 505 2808 μισαδέλρους
534 2732 739 2812 κατακριθῆναι.
786 2729 853 2810 ,καὶ
875 2732 920 2790 ίνα
948 2727 1041 2792 τᾶλλα
1067 2729 1177 2810 παρῷίί,
1209 2729 1287 2808 ρησὶν
1309 2731 1325 2788 θ
1348 2731 1437 2808 μέγας
1459 2727 1550 2788 Βασί-

251 2849 338 2928 λειος,
372 2849 438 2932 ,μιαί
462 2851 541 2924 αθτθς
564 2851 595 2911 δέ
618 2853 632 2911 ύ
655 2853 860 2930 καθηγούμενος
883 2854 922 2924 ῶς
943 2853 1032 2932 πατὴρ
1058 2851 1163 2912 παίδων
1189 2851 1308 2931 γνησίων
1331 2851 1550 2928 ἐπιμελούμενος

253 2971 426 3050 ἐπισκέψεται
449 2975 496 3049 τὴν
525 2975 588 3034 καθ’
602 2976 663 3047 ένθς
693 2976 807 3034 ἑκάστου
835 2973 931 3054 χρείαν
954 2973 1002 3034 καί
1023 2973 1071 3048 τὴν
1094 2976 1264 3054 ἁρμόζουσαν
1287 2973 1359 3033 κατά
1380 2976 1411 3033 το
1434 2973 1546 3033 δυνατοῦ
1602 3043 1603 3062 ,

252 3092 354 3168 εἰσάξει
383 3095 531 3176 θεραπείαν
560 3094 607 3156 καί
637 3095 798 3172 ἐπιμέλειαν
825 3094 872 3156 καί
899 3097 929 3156 τδ
959 3097 1030 3157 κατὰ
1059 3096 1194 3171 ἀλήθειαν
1224 3095 1351 3156 ἀσθενοῦν
1382 3096 1469 3171 μέλος
1493 3094 1548 3154 εἴτε

252 3222 385 3300 ψυχικῶς,
408 3217 464 3278 εἴτε
487 3223 650 3296 σωματικῶς
670 3221 740 3294 μετά
755 3219 867 3297 ἀγάπης
881 3223 932 3294 τῆς
946 3223 1080 3299 πατρικῆς
1096 3219 1201 3290 εύνοίας
1224 3216 1432 3293 διαβαστάσειίί.
1462 3219 1547 3288 οὓτως
1602 3191 1603 3248 Ῐ

253 3335 298 3398 σύν
324 3340 423 3418 ἔχοντα
444 3342 489 3401 τδν
512 3341 719 3419 καθηγούμενον
734 3340 819 3416 ὑμῶν,
844 3340 969 3419 ἀδελφοί,
993 3337 1039 3400 καὶ
1060 3345 1197 3420 πατρικῶς
1211 3337 1273 3418 περὶ
1288 3339 1360 3414 ύραῖς
1375 3339 1546 3413 διακείμενον

251 3458 298 3520 καί
321 3462 455 3540 ριλοθέως
477 3461 524 3522 καὶ
548 3462 667 3538 εῦσεβῶς
689 3462 866 3539 ποιμαίνοντα
888 3463 919 3522 εδ
941 3466 987 3523 τοῦ
1009 3463 1125 3542 Χριστοῦ
1146 3461 1269 3536 ποίμνιον
1292 3461 1371 3537 ὑμᾶς,
1393 3462 1443 3521 οῦκ
1457 3459 1546 3520 ἀντεί-

250 3603 321 3659 πητε
343 3583 415 3663 αύτῷ
438 3586 456 3659 ἢ
478 3585 668 3665 παρακούσητε
690 3589 707 3660 η
730 3583 816 3666 χωρίς
839 3593 887 3662 τῆς
910 3584 990 3645 αύτοῦ
1012 3588 1126 3664 γιῶμης
1148 3585 1278 3660 ποιήσητέ
1300 3603 1338 3643 τι·
1362 3583 1377 3642 δ
1399 3582 1546 3662 γάρτοῦτο

251 3711 337 3766 ποιῶν
361 3706 459 3784 ἔνοχος
483 3707 552 3767 ἔστω
574 3713 607 3790 τῇ
625 3707 694 3789 ἁγνῇ
718 3707 864 3787 θεομήτορι
886 3705 933 3767 καὶ
956 3703 1045 3786 ύρέξει
1061 3706 1146 3785 λόγον
1161 3705 1229 3785 προς
1248 3706 1340 3784 αὐτην,
1365 3703 1444 3780 εἰμὴ
1461 3725 1544 3779 μετοι-
1602 3751 1603 3756 ,

251 3829 352 3901 νοήσει.
397 3827 465 3888 ἀλλ’
478 3827 541 3888 ούδέ
564 3830 642 3900 αῦτδς
665 3831 680 3888 θ
702 3830 910 3908 καθηγούμενος
932 3831 988 3899 τοῖς
1019 3829 1161 3907 συγγενέσι
1183 3823 1231 3886 καί
1252 3825 1340 3906 ριλοις
1363 3825 1444 3886 αθτοῦ
1465 3847 1544 3904 χαρι-
1597 3805 1598 3808 ¹

251 3951 367 4024 ξάμενος
389 3949 422 4010 τά
445 3955 493 4026 τῆς
521 3955 607 4026 μονῆς
630 3950 813 4011 ἀναλῶσειεν·
844 3951 933 4011 ἐσεται
955 3951 1019 4030 γάρ,
1048 3949 1118 4010 ούτω
1133 3953 1228 4028 ποιῶν,
1254 3954 1308 4007 τῶν
1335 3947 1415 4008 θείων
1443 3969 1544 4022 μυστη-

252 4073 316 4152 ρίων
338 4073 476 4151 ἀμέτοχος
500 4073 528 4132 ἐν
544 4072 614 4152 άγίιρ
636 4073 776 4154 πνεύματι,
800 4073 842 4134 διδ
857 4071 904 4134 καί
925 4073 1090 4152 προσεκτέον
1106 4069 1179 4148 αὐτῷ
1196 4073 1234 4146 μὴ
1251 4071 1379 4146 ἐμπεσεῖν
1396 4045 1444 4141 εἰς
1452 4073 1544 4150 χεῖρας

252 4200 315 4259 θεοῦ
349 4200 461 4269 ζῶντος·
496 4199 548 4256 κᾶν
579 4193 632 4277 γὰρ
666 4199 746 4272 ἡμεῖς
779 4197 829 4275 ούχ
862 4197 1010 4276 ίκοινῶμεν,
1046 4197 1084 4266 ῶς
1118 4191 1264 4272 ἰσόρροποι,
1299 4189 1371 4269 αύτῷ
1406 4191 1544 4250 ἐπιτιθέναι

251 4321 281 4380 τδ
311 4317 443 4395 ἐπιτίμιον
473 4324 523 4395 τῆς
553 4318 704 4397 ἀνευλύγου
726 4315 773 4378 καὶ
803 4319 842 4393 μὴ
873 4317 986 4392 δεούσης
1017 4312 1114 4387 ἐξάδου
1140 4312 1187 4374 καὶ
1217 4312 1393 4386 καινοτομίας
1421 4317 1475 4371 τῶν
1501 4319 1543 4386 τῆς

252 4446 338 4516 μονῆς
359 4443 528 4519 πραγμάτων
550 4459 579 4498 τε
602 4437 649 4498 καὶ
671 4440 832 4520 χρημάτων,
862 4437 940 4498 ἀλλά
962 4437 1011 4512 τὴν
1033 4440 1079 4496 τοῦ
1102 4437 1164 4496 θεοῦ
1187 4435 1297 4514 ρρικτὴν
1320 4435 1369 4493 ούκ
1393 4431 1543 4513 ἐκφεύξεται

252 4562 348 4642 κρίσιν,
371 4563 405 4636 ἣν
429 4561 650 4640 ἐπιψηφιζομένοι
672 4561 757 4638 τούτῳ
778 4564 862 4620 ταῦτα
884 4563 1033 4641 γράφομεν.
1080 4557 1103 4618 εί
1127 4557 1158 4618 δέ
1180 4560 1304 4617 τοσοῦτον
1328 4551 1436 4632 ἀπηνὴς
1458 4555 1542 4634 θρθείη

252 4682 298 4743 καί
322 4683 523 4760 ἀναιδέστατος,
547 4683 586 4754 ῶς
609 4681 681 4758 μηδὲ
704 4683 734 4741 τδ
756 4685 802 4742 τοῦ
824 4683 887 4742 θεοῦ
911 4681 1030 4742 δεδιέναι
1052 4683 1147 4761 κρῖμα,
1176 4679 1244 4740 ἀλλ’
1258 4678 1386 4760 ἀπρεπῶς
1407 4679 1495 4738 πάντα
1513 4683 1541 4758 τῇ
