3486 5282
354 305 419 373 νιν

355 505 394 576 ῶς
416 503 491 575 όλως
512 503 650 584 θεαρέστῳ
671 501 718 562 καὶ
742 501 835 562 ἐνθέου
850 499 935 576 ζήλου
949 497 1060 582 πλήρει,
1080 496 1127 560 καὶ
1142 504 1195 560 τῶν
1210 497 1345 580 φιλτάτων
1360 498 1439 576 ημῶν
1454 495 1525 558 οἰῶν.
1547 497 1590 558 καὶ
1604 495 1635 572 δὴ

355 628 505 706 γράφοντες
528 625 732 705 ἀποφαινόμεθα
753 623 824 702 μετὰ
837 629 891 683 τῶν
905 622 966 703 περὶ
981 625 1056 700 ημᾶς
1071 627 1169 683 πιστῶν
1185 623 1324 702 ἀρχόντων
1339 625 1385 682 τοῦ
1400 623 1533 702 ἡμετέρου
1548 621 1636 680 σίιθεν-

354 751 428 810 τικοῦ
451 747 580 828 διβανίου,
604 750 649 807 τοῦ
671 768 701 807 τε
725 747 835 824 δηλαδὴ
859 746 984 826 μεγάλου
1005 745 1128 826 βορνίκσυ
1143 744 1346 806 Κωνσταντίνσυ
1362 742 1637 826 Κρετσσυλεσκσίιλου,

354 872 459 946 μπάνου
486 870 598 930 Παθλου
626 871 847 949 Κατακουξηνσῦ,
876 867 1001 949 βορνίκου
1024 867 1122 928 Ῥάδου
1150 868 1337 948 Βακαρέσκου,
1369 865 1495 946 μεγάλου
1522 865 1636 944 σταθάρη

353 993 522 1074 Δημητράκη
554 987 649 1072 Γκίκα,
680 991 806 1071 μεγάλου
837 991 986 1070 λογοθέτσυ
1015 989 1153 1071 Σωπηρίου
1184 989 1331 1070 Στιρμπέη,
1363 989 1488 1068 μεγάλου
1520 987 1637 1066 βεστισίρη

353 1113 473 1193 Μιχαὴλ
510 1115 731 1194 Κατακσυζηνοῦ,
771 1112 940 1193 παχαρνίκου
979 1111 1120 1173 Νικολάου
1153 1113 1301 1193 Στιρμπέη,
1340 1111 1481 1171 στολνίκσυ
1515 1111 1639 1188 Στεφάνου

354 1237 550 1314 Τοπλιτζάνσυ,
575 1236 713 1312 Κωστάκη
737 1235 858 1311 Κομίσου
880 1232 928 1294 καί
947 1233 1146 1315 Χριστοδοθλου
1168 1234 1317 1312 λογοθέτου
1340 1232 1377 1313 β’,
1400 1235 1475 1304 ὅπως
1496 1233 1514 1308 ἠ
1537 1232 1640 1311 βηθεῖσα

355 1358 490 1434 ἐκκλησία
513 1364 562 1434 τῆς
585 1357 734 1438 όπεραγίας
756 1359 884 1417 θεοτόκου
898 1363 948 1432 τῆς
964 1357 1140 1436 Κοιμήσεως,
1163 1357 1180 1431 ἡ
1198 1355 1226 1415 ἐν
1240 1361 1274 1438 τῇ
1290 1355 1456 1436 βασιλεσθση
1470 1359 1524 1414 τῶν
1539 1351 1639 1414 πόλεων

353 1480 467 1555 κειμένη
490 1477 606 1555 πλησίον
628 1483 674 1540 τοῦ
689 1478 786 1557 Ταχτά
807 1479 913 1558 Μιναρέ
936 1476 976 1550 εἰς
998 1479 1028 1538 τό
1040 1477 1127 1556 ΙΒλάχ
1142 1478 1289 1558 Σαράγισν,
1313 1476 1384 1552 μετὰ
1406 1481 1460 1536 τῶν
1482 1473 1544 1556 περὶ
1565 1474 1638 1549 αυτ-ἠν

354 1602 488 1680 όσττητίων
507 1599 554 1661 καὶ
568 1606 705 1682 περισχεῖν
721 1599 767 1660 καί
782 1601 891 1660 πάντων
906 1594 944 1660 ὧν
959 1601 1088 1678 κέκτηται
1103 1601 1249 1676 κτημάτων
1265 1599 1436 1680 ἀφιερωμένη
1453 1597 1506 1678 εἰη,
1529 1596 1640 1677 λέγηταί

347 1745 383 1784 τε
405 1721 452 1784 καί
474 1723 638 1804 γνωρίζηται
661 1723 803 1802 ἀφιέρωμα
825 1727 874 1798 τῆς
896 1721 1047 1798 σεβασμίας
1067 1721 1165 1797 ταύτης
1181 1725 1267 1798 μονῆς
1281 1725 1327 1781 τοῦ
1342 1720 1480 1800 Μεγάλου
1496 1719 1638 1797 Σπηλσάου,

351 1847 415 1928 παρ’
430 1845 512 1922 αίιτῆς
533 1833 717 1923 διεξαγσμένη
740 1842 787 1905 καί
809 1844 1002 1925 κυβερνωμένη
1026 1844 1065 1916 ῶς
1088 1845 1216 1922 μετόχισν
1239 1844 1331 1923 σίντης,
1355 1843 1488 1918 μενοίισης
1503 1847 1553 1918 τῆς
1568 1842 1638 1920 ἀφιε-

353 1969 465 2049 ρώσεως
487 1967 586 2043 ταίτης
601 1973 668 2050 αυτῃ
685 1966 892 2031 ἀναποστάστσυ
907 1965 953 2026 καί
969 1966 1147 2046 ἀναφαιρέτου
1163 1963 1202 2038 εἰς
1218 1963 1303 2026 αἰῶνα
1317 1967 1362 2026 τόν
1378 1966 1494 2026 ἅπαντα.
1518 1961 1639 2040 ἀξιοῦμεν

354 2089 385 2150 δέ
413 2088 460 2149 καί
485 2089 546 2160 τοὺς
574 2089 635 2164 μεθ’
652 2090 726 2164 ἡμᾶς
753 2087 890 2168 ἀδελφοὺς
917 2088 1046 2160 αὐθέντας
1072 2087 1134 2160 τοίνς
1160 2084 1377 2164 ἀναδεξομένους
1402 2088 1451 2163 τὴν
1479 2087 1639 2166 ἡγεμονικὴν

353 2209 483 2286 διοίκησιν
505 2214 552 2271 τοῦ
575 2212 730 2271 αἰιθεντικσῖν
751 2211 844 2271 τοίπου
866 2211 961 2290 θρόνου
983 2215 1032 2289 τῆς
1048 2209 1283 2292 Ουγκροβλαχίας
1304 2209 1375 2270 κατά
1395 2209 1506 2286 μίμησιν
1521 2213 1567 2268 τοῦ
1583 2207 1638 2267 διο-

352 2332 502 2412 ληφθέντσς
526 2331 554 2391 ἐν
578 2333 699 2414 μακαρίᾳ
721 2337 755 2414 τῇ
777 2329 859 2407 λήξει
882 2331 1006 2408 ἀοιδίμου
1029 2331 1101 2392 θείου
1123 2333 1212 2414 ἡμῶν,
1236 2333 1274 2404 ῶς
1294 2329 1455 2412 πρωταιτίου
1471 2330 1547 2402 όντος
1565 2331 1639 2403 αυτίης

351 2461 401 2532 τῆς
428 2455 609 2535 ἀφιερώσεως,
640 2454 773 2531 μηδόλως
800 2455 934 2516 διασεῖσαι
960 2454 1007 2515 καὶ
1029 2454 1177 2537 ἀνατρέψαι
1199 2455 1249 2530 τὴν
1271 2454 1413 2536 ἀφιέρωσιν
1435 2454 1542 2532 τωίτην,
1577 2451 1638 2510 ἀλλ’
1687 2499 1688 2540 γ

354 2577 517 2656 ἐπικυρῶσαι
538 2574 585 2636 καί
608 2576 759 2652 βεβαιῶσαι
781 2578 848 2657 πρός
871 2578 989 2656 ψυχικὴν
1006 2579 1093 2638 οἰστῶν
1109 2577 1242 2657 σωτηρίαν
1257 2575 1347 2637 άνεσίν
1362 2573 1454 2636 τεκαὶ
1469 2573 1638 2654 ἀγαλλίασιν.

353 2697 396 2758 ἐπὶ
426 2699 511 2778 τούτῳ
540 2697 594 2780 γάρ
625 2696 737 2775 ἐξεδόθη
760 2696 807 2758 καί
833 2701 864 2758 τό
885 2699 972 2780 παρόν
993 2699 1128 2779 ἡμέτερον
1151 2699 1181 2758 ἐν
1204 2699 1349 2782 μεμβράνῃ
1370 2696 1578 2778 χρυσόβουλλον
1598 2691 1639 2755 καί

352 2819 470 2897 ἐπεδόθη
493 2827 526 2902 τῇ
549 2818 728 2903 διαληφθείσφ
750 2819 887 2902 σεβασμίᾳ
909 2827 980 2904 μσνῇ
1002 2827 1052 2898 τῆς
1073 2821 1293 2903 θοινματοβρότου
1314 2819 1418 2894 εἰκόνος
1431 2825 1482 2898 τῖγς
1497 2817 1639 2900 ὐτεραγίας

351 2943 487 3003 θεστόκου.

456 3061 557 3146 ,αψξθ
575 3063 608 3124 ἐν
632 3061 709 3140 μηνὶ
732 3061 951 3146 φεβρουαρίῳ.
976 3065 1120 3144 Ἐγράφη
1144 3065 1177 3124 ἐν
1197 3063 1239 3145 τῷ
1255 3061 1280 3124 α’
1296 3067 1404 3146 χρόνῳ
1419 3069 1478 3141 τῆς
1494 3065 1636 3144 Οἰιγκρο-

351 3185 526 3264 βλαχικῆς
547 3184 641 3262 ἡμῶν
664 3185 863 3258 αὐθεντείας
886 3185 919 3245 έν
941 3183 1181 3266 Βουκορεστίῳ.
1687 3165 1688 3214 ἰ

819 3341 1004 3423 Γευὸυυ
1027 3338 1251 3423 Ἀλέξανδρος
1274 3338 1397 3414 τινας
1419 3341 1596 3419 υοεσισις.
1621 3377 1624 3386 ‚

644 3669 686 3734 X.
711 3668 935 3754 7294-1‘186,
959 3691 1070 3736 mense
1092 3670 1178 3757 iulio,
1201 3671 1267 3737 ind.
1290 3671 1348 3738 IV.

388 3855 553 3910 Ραίσίανσάα
568 3856 718 3926 Procopius
738 3861 763 3910 et
777 3857 894 3926 ομποάασ
905 3857 1026 3926 probant
1040 3858 1163 3912 unionem
1177 3860 1336 3912 monasterii
1350 3857 1379 3913 S.
1400 3857 1521 3929 Geor-923,
1542 3856 1605 3914 άῖσίί

645 3961 755 4031 Oarypi,
773 3979 832 4015 cum
846 3963 1008 4016 monasterio
1023 3962 1093 4016 dicto
1109 3961 1193 4034 Μεφα
1209 3961 1349 4034 Spelaeon.

453 4167 469 4240 γ
497 4163 699 4244 Προκόπισς,
731 4163 818 4245 ἐλέῳ
849 4165 923 4224 θεοῦ
951 4164 1214 4246 ἀρχιετίσκσπος
1240 4164 1630 4230 Κωνσταντινουπόλεως,

350 4285 439 4358 Νέας
463 4285 603 4363 Ῥώμης,
625 4283 682 4347 καί
704 4285 940 4364 σίκσυμενικθς
961 4289 1171 4368 πατριάρχης
1193 4293 1219 4366 †.

452 4413 469 4485 †
492 4408 587 4470 Πάντα
608 4409 642 4468 τά
665 4407 802 4484 αἰτήματα
823 4410 857 4468 τά
879 4411 947 4489 πρός
968 4411 1091 4470 σύστασιν
1115 4409 1194 4492 ἱερῶν
1216 4409 1263 4470 καί
1282 4409 1439 4488 σεβασμίων
1455 4405 1629 4488 μοναστηρίων

346 4528 394 4591 καὶ
420 4529 499 4590 θείων
526 4531 707 4611 καταγωγίων
736 4529 783 4592 καὶ
810 4533 996 4607 σκηνωμάτων
1025 4531 1207 4611 ἀποδέχεσθαι
1232 4530 1343 4594 δεῖκαὶ
1365 4537 1486 4594 συνιστοῖν
1508 4530 1628 4593 καίἐττ·

346 4657 441 4736 κυρσῦν
468 4657 625 4736 γράμμασιν
656 4653 891 4731 ἐκκλησιαστικαῖς
916 4653 963 4715 καί
989 4657 1019 4716 τ“σ
1049 4657 1163 4733 μόνιμον
1195 4653 1309 4736 ἐπάγειν
1337 4657 1426 4726 αὺτοῖς
1448 4654 1495 4716 καί
1518 4647 1628 4734 ἀσφαλὲς
