3486 5282
195 615 254 680 IX.
281 615 505 699 nnn-1769,
529 637 640 680 menso
662 615 835 698 februario,
859 615 924 682 ind.
949 616 991 681 11.
1015 617 1207 682 Bucarestii.

64 784 169 836 Ioannes
180 783 329 854 Gregorius
341 782 438 850 θίαίια,
455 783 574 836 υοευοάα
590 781 810 854 Ηπφτουόσοίιίασ,
824 783 906 838 donat
922 783 1083 837 monasterio
1096 783 1235 837 ecclesiam
1246 784 1347 838 dictam

413 883 597 942 Bloch-Sorai
614 887 643 940 in
661 888 726 940 orbe
745 887 983 957 Constantinopoli.

158 1073 314 1148 Ἰωάννης
342 1073 528 1153 Γρηγόριος
552 1069 773 1152 Ἀλεξάνδρου
796 1071 919 1144 Γκίκας
949 1072 1126 1154 βοεβόδας,
1158 1071 1244 1154 ἐλέῳ
1273 1073 1347 1134 θεοῦ

62 1197 214 1272 αῦθέντης
235 1194 292 1256 καί
314 1195 450 1274 ἡγεμὼν
471 1197 581 1269 πάσης
604 1191 901 1274 Οῦγκροβλαχίας.

158 1320 294 1397 Μέγιστον
318 1317 403 1390 ὅντως
423 1315 470 1377 καί
494 1317 632 1376 ἐπαινετόν
653 1319 727 1398 παρά
749 1337 779 1376 τε
799 1315 854 1396 θεῷ
874 1315 922 1376 καὶ
938 1315 1087 1396 ἀνθρώποις
1101 1318 1132 1376 τό
1147 1323 1196 1394 τῆς
1213 1317 1347 1391 ἐκκλησι-

61 1447 165 1515 αστικῆς
187 1439 334 1516 εῦκοσμίας
357 1444 490 1520 μεριμνᾶν
512 1439 574 1511 τοῦς
597 1438 626 1498 έν
649 1438 721 1520 ἀρχῇ
745 1439 826 1510 ὄντας
848 1437 894 1499 καί
916 1443 966 1514 τῆς
987 1437 1042 1498 τῶν
1065 1439 1144 1520 ἱερῶν
1167 1437 1349 1520 καταγωγίων

59 1563 205 1634 συστάσεως
231 1559 278 1622 καί
309 1554 483 1637 βελτιώσεως
505 1560 650 1640 φροντίζειν
676 1557 723 1620 καὶ
744 1565 794 1636 τῆς
816 1563 908 1636 καλῆς
931 1560 1073 1640 διαγωγῆς
1096 1563 1183 1622 αῦτῶν
1204 1561 1348 1640 κήδεσθαι,

59 1681 105 1743 καί
123 1687 249 1762 μέγιστον
269 1683 401 1762 καύχημα
419 1685 487 1764 πρός
509 1683 570 1742 θεδν
591 1681 617 1742 σί
636 1683 705 1742 οῦτω
721 1682 885 1758 διακείμενοι
900 1684 1054 1766 κέκτηνται,
1076 1681 1124 1744 καί
1140 1684 1168 1742 ἐν
1183 1684 1350 1763 ἀγαλλιάσει
1396 1727 1405 1745 .

59 1809 145 1884 ψυχῆς
165 1806 238 1866 κατά
260 1807 305 1866 τδν
327 1807 536 1885 προφητάνακτα
559 1802 646 1878 Δαβίδ
670 1803 741 1879 μετά
761 1803 913 1884 παρρησίας
934 1803 973 1884 τῷ
996 1804 1051 1885 θεῷ
1075 1805 1206 1881 ἐκβοῶσι·
1235 1809 1352 1888 ,,Κῦριε,·

58 1928 185 2005 ἠγάπησα
209 1929 369 2008 εῦιτρέπειαν
394 1926 468 1986 οἴκου
491 1947 538 1987 σου
559 1924 606 1986 καὶ
629 1927 710 1986 τόπον
726 1921 905 2002 σκηνιίιματος
921 1925 1005 2004 δόξης
1020 1928 1099 2006 σου“,
1122 1927 1168 1988 καί
1183 1929 1232 2004 τὴν
1248 1931 1350 1988 ἑαυτῶν

60 2050 188 2130 σωτηρίαν
212 2049 258 2110 διά
279 2053 355 2110 τοῦτο
378 2049 503 2129 θαρροῦσι
525 2047 599 2129 παρὰ
621 2049 684 2108 θεοῦ
706 2050 794 2123 ζητεῖν
817 2049 958 2127 λέγοντες.
989 2050 1049 2130 ,μὴ
1072 2049 1262 2134 συναπολέσῃς
1282 2051 1350 2126 μετά

59 2171 162 2247 ἀσεβῶν
184 2172 235 2246 τὴν
258 2173 347 2250 ψυχήν
371 2191 422 2246 μου
444 2168 490 2230 καὶ
514 2166 584 2244 μετὰ
606 2169 712 2250 ἀνδρῶν
725 2169 856 2244 αίμοίτων
879 2171 927 2246 τὴν
950 2173 1023 2244 ζωήν
1046 2173 1130 2248 μου.“
1166 2175 1235 2232 ῶστε
1251 2170 1351 2251 οἱπερὶ

58 2294 103 2368 τὴν
124 2296 248 2353 σῦοτασιν
271 2298 324 2354 τῶν
347 2292 426 2372 ἱερῶν
448 2290 631 2371 καταγωγίων
652 2293 869 2372 προσανέχοντες
891 2291 939 2352 καί
960 2299 1010 2369 τῆς
1031 2295 1130 2354 τοῦτων
1154 2297 1307 2367 συστάσεως
1322 2315 1352 2354 τε

59 2413 103 2475 καὶ
130 2414 293 2496 εῦπρεπείας
320 2415 456 2492 ἐφιέμενοι
479 2415 620 2491 εῖντόλμως
643 2414 717 2496 παρά
739 2415 801 2475 θεοῦ
824 2415 872 2492 τὴν
896 2415 987 2494 ἀφεσιν
1010 2421 1063 2476 τῶν
1087 2419 1189 2477 ἑαυτῶν
1213 2419 1352 2498 ἁμαρτιῶν

61 2537 235 2617 ἐξαιτοῦνται,
264 2535 447 2613 ἐξιλεούμενοι
474 2539 522 2616 τὴν
550 2537 630 2598 αὺτοῦ
657 2537 814 2616 ἀγαθότητα
841 2537 887 2597 διά
913 2543 963 2614 τῆς
984 2541 1051 2619 πρδς
1073 2539 1135 2611 τοῦς
1157 2539 1245 2620 ίεροθς
1274 2541 1353 2600 αῦτοῦ

61 2662 137 2732 ναοῦς
160 2659 295 2740 μερίμνης
316 2679 347 2719 τε
368 2658 416 2720 καί
439 2659 611 2738 ἐπιμελείας,
633 2657 681 2720 καί
704 2663 782 2735 μάλα
806 2659 928 2740 δικαίως,
953 2661 982 2720 ἐν
1005 2663 1095 2734 αῦτοῖς
1117 2661 1170 2742 γάρ
1186 2663 1307 2736 ὑμνεῖται
1322 2663 1352 2722 τ“ο

62 2785 136 2862 ἀγιον
164 2783 245 2842 αῦτοῦ
273 2783 359 2860 ὄνομα
385 2781 432 2844 καί
460 2780 650 2861 δοξολογεῖται
675 2783 750 2862 παρδι
771 2785 878 2843 πάντων
901 2788 954 2843 τῶν
977 2783 1097 2858 εῦσεβῶν
1121 2783 1190 2860 μετά
1212 2784 1354 2864 συντριβῆς

61 2906 175 2986 καρδίας
203 2903 251 2966 καί
276 2908 475 2977 ταπεινώσεως.
521 2905 605 2981 αῦτῆς
635 2904 721 2966 τοίνυν
751 2907 849 2982 ταότης
875 2911 924 2982 τῆς
952 2906 1180 2982 ἐκκλησιαστικῆς
1209 2906 1355 2982 εῦκοσμίας

61 3031 130 3088 κατὰ
161 3027 273 3106 μίμησιν
304 3031 349 3088 τοῦ
380 3029 409 3088 ἐν
439 3028 560 3110 μακαρίᾳ
590 3049 622 3110 τη
653 3025 734 3102 λήξει
762 3009 886 3104 ἀοιδίμου
913 3027 985 3087 θείου
1011 3030 1089 3106 ἡμῶν
1118 3029 1245 3087 Ἰωάννου
1272 3027 1357 3086 Γκίκα

63 3151 183 3228 βοεβόδα
204 3150 251 3212 καί
274 3151 379 3211 λοιπῶν
403 3151 611 3229 φιλελεημόνων
631 3151 759 3230 ἀδελφῶν
774 3153 853 3226 ἡμῶν
870 3150 1003 3210 αῦθεντῶν
1018 3149 1199 3232 φροντίζοντες
1214 3148 1262 3210 καί
1277 3153 1358 3226 ἡμεῖς

61 3275 122 3335 κατ’
138 3275 250 3353 ὀφειλὴν
278 3273 458 3353 ἀπαραίτητον
488 3272 535 3332 καί
564 3278 614 3350 τῆς
644 3273 723 3354 ἱερῶν
750 3271 931 3352 καταγωγίων
959 3275 1111 3346 συστάσεως
1137 3274 1203 3354 ὑπέρ
1230 3293 1254 3333 τι
1283 3272 1357 3334 ἀλλο

64 3397 198 3475 ἐφιέμενοι
231 3397 364 3477 ἔγνωμεν,
392 3397 430 3468 ὡς
457 3396 550 3456 θεόθεν
579 3396 625 3472 τὴν
654 3394 784 3472 διοίκησιν
811 3401 857 3456 τοῦ
882 3397 1036 3456 αῦθεντικοῦ
1064 3397 1159 3476 θρόνου
1181 3401 1231 3472 τἠς
1255 3395 1358 3467 Δακίας

63 3521 199 3598 λαχόντες
225 3517 273 3578 καὶ
299 3519 349 3590 τάς
375 3518 532 3590 αῦθεντικάς
560 3520 643 3594 ουὐτῖγς
665 3519 744 3592 ἡνίας
767 3518 913 3598 διέποντες,
936 3520 985 3596 τὴν
1009 3519 1037 3578 ἐν
1060 3525 1092 3601 τῇ
1117 3519 1282 3598 βασιλεοῦοῃ
1305 3523 1358 3577 τῶν

63 3643 175 3702 πόλεων
198 3643 326 3717 κειμένην
348 3639 424 3720 ίεράν
448 3639 597 3716 ἐκκλησίαν
621 3638 660 3711 είς
682 3642 712 3700 ιδ
728 3641 811 3719 Βλάχ
826 3641 961 3720 Σαράγιον
984 3641 1054 3700 κατά
1075 3641 1120 3700 τδν
1136 3641 1234 3717 Ταχτά
1255 3639 1359 3720 Μιναρέ

64 3765 264 3840 τεμνυνομένην
295 3763 337 3823 ἐπ’
350 3763 461 3839 όνόματι
491 3768 540 3839 της
570 3763 697 3822 θεοτόκου
719 3763 894 3838 Κοιμήσεως,
925 3761 994 3821 ἰδίαν
1022 3759 1103 3822 οὖσαν
1129 3767 1179 3839 τῆς
1206 3763 1360 3832 αῦθεντείας

65 3886 308 3967 Οῦγκροβλαχίας,
334 3885 512 3967 προσηλῶσαι
539 3885 585 3945 καί
614 3886 760 3966 ἀφιερῶσαι
786 3907 819 3968 ιη
848 3886 875 3944 ἐν
901 3885 1102 3966 Πελοποννήσῳ
1131 3883 1195 3966 οθσῃ
1224 3885 1360 3966 οεβαομίφι

66 4015 136 4092 μονῇ
161 4009 291 4090 βασιλικῇ
313 4029 343 4067 τε
366 4005 412 4068 καί
434 4015 615 4090 πατριαρχικῇ
638 4014 688 4086 τῆς
711 4008 860 4089 ὑπεραγίας
883 4009 1010 4068 θεοτόκου
1032 4013 1082 4084 τῆς
1105 4007 1289 4086 ίστορηθείσης
1311 4007 1361 4066 ῦπδ

66 4135 111 4192 τοῦ
133 4131 289 4191 ἀποστόλου
303 4129 350 4190 καί
367 4130 562 4210 εῦαγγελιοτοῦ
578 4133 681 4210 Λουκά,
707 4131 911 4213 ἐπικαλουμένῃ
926 4134 974 4190 τοῦ
990 4129 1124 4209 Μεγάλου
1141 4129 1293 4211 Στηλαίου,
1318 4127 1362 4188 ἐπὶ

66 4256 104 4334 τῷ
128 4255 334 4314 ἐπισκέπτεσθαι
356 4255 430 4334 παρὰ
451 4263 505 4312 τῶν
529 4256 689 4314 ῶοιωτάτων
709 4256 834 4332 πατέρων
854 4259 903 4330 τῖγς
920 4255 1000 4328 αὐτῆς
1018 4259 1113 4333 μονῆς,
1138 4252 1363 4333 διακυβερνάσθαί

67 4397 96 4436 τε
119 4374 167 4436 καί
190 4371 366 4457 διεξάγεοθαι
388 4371 433 4435 διά
453 4377 554 4448 παντός
576 4377 643 4456 πρδς
666 4376 789 4436 σύστασιν
813 4376 894 4450 αὐοῆς
917 4373 1056 4454 κρείττονα
1078 4373 1125 4434 καὶ
1147 4374 1294 4451 εῦκοσμίαν
1315 4373 1363 4434 καί

68 4498 179 4576 αῦξηοιν
201 4496 249 4559 καί
273 4497 416 4572 βελτίωσιν
438 4497 485 4558 καί
509 4498 544 4558 δι’
557 4499 712 4559 αῦθεντικοῦ
726 4499 806 4575 ἡμῶν
821 4497 1028 4579 γρυσοβοθλλου
1043 4497 1091 4572 τὴν
1109 4496 1250 4578 ἀφιέρωσιν
1266 4497 1363 4571 ταῦτην

70 4623 235 4704 ἐπικυρῶσαι
262 4619 306 4680 ἐπὶ
332 4619 370 4700 τῷ
399 4621 472 4699 ἔχειν
501 4620 546 4680 διὰ
571 4623 672 4693 παντδς
697 4622 729 4680 τδ
756 4623 869 4696 μόνιμον
893 4619 939 4680 καί
961 4622 991 4680 τδ
1019 4617 1059 4692 είς
1082 4617 1168 4678 αἰῶνα
1189 4621 1235 4679 τδν
1259 4621 1363 4678 ἅπαντα

70 4746 272 4826 ἀμετάτρεπτον
299 4741 346 4801 καί
374 4742 583 4823 ἀμεταποίητον,
611 4745 759 4821 συμψόφων
787 4743 871 4802 όντων
895 4741 939 4801 ἐπὶ
961 4749 994 4825 τῇ
1017 4743 1148 4818 ἀποφάσει
1170 4743 1249 4816 ἡμῶν
1270 4739 1363 4822 ταύτῃ,
