3194 5298
228 348 291 412 150

225 547 345 624 άρχοντα
369 544 494 625 διαμένῃ,
516 552 687 624 περιποιῆται
711 544 741 604 δὲ
765 545 798 604 τὰ
820 549 1062 625 προσγενηοόμενα
1086 547 1127 625 ἀν,
1150 551 1203 602 τῶν
1228 543 1258 602 δέ
1281 544 1392 622 φαύλων
1416 544 1456 602 τὰ
1483 543 1539 617 μὲν

223 669 357 746 προσόντα
373 666 623 749 ἀποδιαπομπῆται,
646 667 679 725 τὰ
704 667 735 726 δὲ
756 668 951 743 συμβησόμενα
966 670 998 726 ἀν
1015 667 1228 726 διακωλύωνται.
1253 667 1377 742 τοιαύτην
1394 662 1443 726 ούν
1461 665 1540 724 κατὰ

226 788 325 862 νόμους
348 789 396 862 τἠν
419 786 485 868 ὑπὲρ
508 790 595 848 αύτῶν
617 791 724 848 πάντων
746 796 800 848 τῶν
823 793 1063 869 οταυροπηγιοικῶν
1086 791 1165 864 ἡμῶν
1195 789 1381 866 μοναστηρίων
1404 789 1539 846 καθόλου

225 908 351 988 φροντίδα
366 908 572 988 κατεβάλομεν,
589 909 732 986 ἐκύέμενοι
748 911 819 970 κατὰ
834 911 927 985 κοινὴν
943 907 1119 989 γνώμηνκαὶ
1135 911 1277 985 συνοδικῆν
1294 911 1441 989 διάγνωσιν
1458 910 1538 989 ἱερου

224 1033 317 1112 τόμον,
347 1032 562 1111 ἀποφαινόμενον
589 1032 697 1110 συνῳδὰ
724 1036 780 1104 τοῖς
808 1031 890 1113 ἱεροῖς
917 1036 1011 1107 νόμοις
1034 1031 1158 1102 καὶτοῖς
1181 1027 1236 1092 ώδε
1259 1034 1444 1111 γραφομένοις
1470 1029 1538 1110 περὶ

224 1159 274 1228 τῆς
297 1151 336 1224 εἰς
358 1155 389 1213 τδ
413 1150 478 1228 ἑξῆς
500 1153 610 1232 ἀρίστης
634 1154 794 1228 διοικήσεως
818 1155 931 1214 ἑκάστου
955 1159 1187 1234 σταυροπηγιακού
1211 1153 1391 1232 μοναστηρίου
1413 1151 1467 1212 καὶ
1486 1155 1537 1211 εύ-

225 1275 320 1350 νομίας
350 1283 403 1334 τῶν
434 1276 607 1350 ἀσκουμένων
638 1277 790 1335 ὁσιωτάτων
822 1279 946 1356 πατέρων
976 1275 1023 1334 καὶ
1055 1283 1103 1350 τῆς
1135 1277 1249 1351 δυνατῆς
1278 1275 1455 1352 ἀντιλήψεως
1487 1275 1537 1334 καί

226 1397 329 1472 ἀμέσου
351 1397 514 1476 προστασίας
543 1399 630 1456 αύτῶν
659 1397 734 1476 παρὰ
756 1403 804 1473 τῆς
827 1398 976 1472 καθ’ῆμοῖς
1000 1403 1045 1456 τοῦ
1068 1396 1184 1477 Χριστοῦ
1209 1399 1338 1474 μεγάλης
1362 1397 1537 1476 ἐκκλησίας,

226 1520 402 1590 ἀνανεούντες
423 1519 457 1576 τδι
479 1517 637 1596 παλαιγενῆ
660 1521 842 1600 πατριαφχικά
869 1518 916 1580 καὶ
939 1521 1066 1581 ουνοδικά
1089 1523 1175 1580 αύτῶν
1199 1521 1324 1598 σιγίλλια
1349 1521 1457 1602 δωρεὰν
1484 1521 1535 1579 καὶ

202 1622 209 1635 ⁴
226 1642 412 1720 ἑπικυρούντες
435 1638 508 1714 ἅπαξ
531 1641 564 1701 τά
586 1643 809 1724 σταυροπηγιακά
824 1645 910 1702 αὐτῶν
927 1645 1061 1723 προνόμια
1077 1641 1116 1713 εἰς
1132 1643 1244 1720 διηνεκῆ
1261 1645 1420 1723 συντηρησιν
1438 1645 1535 1702 αὐτῶν

225 1763 273 1824 καὶ
297 1763 459 1843 ἀσφάλειαν,
488 1764 526 1840 μὴ
551 1764 671 1840 δεόμενοί
692 1786 758 1824 ποτε
782 1765 961 1837 ἀνανεώσεως
983 1763 1030 1824 καί
1054 1765 1253 1845 ἐπικυρώσεως.
1292 1763 1339 1824 καὶ
1363 1760 1456 1850 Ιούτω]
1485 1764 1534 1824 καὶ

224 1884 287 1966 περὶ
315 1890 362 1946 τού
393 1886 421 1945 ἐν
451 1893 484 1968 τῇ
515 1887 648 1968 ἐπισκοπῇ
671 1887 826 1947 Ταλαντίου
856 1885 903 1946 καὶ
927 1885 1074 1958 Διαυλείας
1097 1887 1169 1968 ἱεροῦ
1191 1886 1238 1947 καὶ
1261 1887 1410 1963 σεβασμίου
1435 1909 1532 1963 μονοι-

225 2008 332 2090 στηρίου
354 2013 400 2070 τού
423 2009 496 2069 όοίου
511 2007 558 2069 καὶ
573 2011 701 2089 θεοφόρου
720 2011 823 2090 πατρός
837 2011 915 2086 ἡμῶν
931 2011 1036 2090 Λουκᾶ,
1061 2010 1280 2086 έπικεκλημένου
1295 2015 1341 2070 τού
1358 2011 1531 2091 Στηριῶτου·

226 2131 384 2210 ἐνεφανίούη
411 2132 465 2211 γὰρ
495 2131 549 2206 ἤδη
576 2133 641 2206 ἡμῖν
671 2131 867 2211 πατριαφχικδν
890 2131 1029 2190 συνοδικδν
1053 2131 1232 2208 σιγιλλιῶδες
1254 2135 1371 2212 γράμμα
1393 2139 1440 2193 τού
1465 2135 1532 2193 ἀοι·

226 2255 304 2329 δίμου
335 2253 364 2313 ἐν
394 2256 573 2334 πατριάρχαις
596 2253 734 2332 Νεοφύτου
761 2257 807 2314 τού
833 2254 953 2312 παλοιιούΙ
981 2253 1179 2332 ἀποδεικτικὸν,
1214 2257 1253 2314 δτι
1284 2257 1314 2314 τδ
1345 2259 1530 2335 μοναστῆριον

224 2380 301 2436 τοῦτο
325 2375 395 2451 μετὰ
416 2381 469 2435 τῶν
492 2376 582 2456 ὁρίων,
606 2375 752 2454 μετοχίων,
778 2374 953 2450 ἐξωκληοίων
976 2374 1023 2435 καὶ
1047 2376 1195 2457 ένοριακών
1217 2378 1351 2436 παντοίων
1372 2377 1529 2458 μελλείων,

226 2500 295 2579 ἅπερ
318 2496 369 2558 εἰσὶ
391 2502 487 2557 ταῦτα·
524 2501 538 2556 ό
562 2499 640 2576 ἅγιος
663 2497 819 2576 Θεόδωρος,
844 2500 861 2572 ῆ
886 2497 1013 2576 Ναναγία
1036 2499 1265 2578 Καλαμιῶτιοοα,
1289 2502 1319 2558 τδ
1340 2502 1471 2577 μετόχιον
1488 2500 1530 2571 εἰς

224 2623 269 2680 τόν
293 2619 437 2698 Αἰγιαλόν,
468 2622 483 2678 ό
513 2621 590 2698 ἅγιος
612 2619 754 2692 Νικόλαος
785 2621 813 2678 ἐν
836 2621 969 2700 Σπῆφτοις
1000 2621 1082 2700 μέχρι
1109 2625 1154 2680 τού
1177 2621 1294 2702 Ἄσπρου
1317 2623 1457 2682 Ὀσπιτίου
1480 2622 1528 2681 καὶ

224 2747 269 2802 τού
293 2741 370 2820 ἁγίου
393 2744 413 2801 Γ
415 2742 529 2823 εωργίου
553 2741 592 2814 είς
615 2743 645 2800 τδ
669 2741 843 2822 Νεριβόλιον,
871 2745 901 2801 τδ
924 2743 1042 2802 ἀλώνιον
1067 2741 1106 2816 εἰς
1127 2744 1176 2820 τὴν
1199 2744 1383 2824 Σκλιβινίτζα,
1408 2748 1423 2803 ό
1447 2747 1528 2823 ἀγιος

225 2865 335 2944 Ἠλίας,
358 2865 392 2924 τά
407 2867 523 2945 Ζευγνά,
549 2865 577 2924 ἐν
601 2857 641 2936 οἷς
664 2867 780 2943 ὑπάρχει
803 2867 817 2924 ό
840 2867 918 2944 ἅγιος
935 2867 1092 2938 Ἀθανιίσιος
1113 2859 1161 2926 καὶ
1182 2869 1200 2944 ἡ
1224 2867 1327 2948 βρύοις·
1355 2869 1426 2942 μετὰ
1440 2873 1528 2928 ταῦτα

224 2987 331 3060 ἐντοῖς
354 2989 429 3047 κοίτω
453 2989 546 3068 μέρεσι
570 2990 585 3046 ό
608 2987 751 3062 βασιλικός
767 2988 863 3067 μύλος,
887 2985 1147 3068 ῆἈλογατοιτ-ημία
1167 2987 1190 3048 εἰ
1206 2990 1254 3064 τῆν
1271 2991 1382 3070 Στενῆν,
1406 2992 1422 3048 ό
1447 2993 1527 3069 ἀγιος

223 3110 440 3191 Ναντελεῆμων,
464 3111 479 3168 ό
502 3112 580 3188 ἅγιος
596 3109 705 3192 Ἠλίας,
729 3111 758 3169 τό
774 3111 888 3190 Τρύπιον
904 3111 1011 3190 Λιθοίρι,
1036 3111 1182 3189 όσχοῖνος,
1206 3113 1236 3170 τ“ο
1253 3109 1347 3192 Μακρὶ
1363 3113 1472 3192 Λιύοίρι,
1496 3115 1526 3172 τδ

224 3234 335 3312 Μαύρον
358 3235 465 3312 Λιίίοίρι,
488 3233 518 3292 τό
540 3233 725 3310 Ἀνατολικόν,
748 3233 910 3312 ῆίίαναγία
926 3234 1045 3304 Νανίτζα
1068 3235 1149 3313 μέχρι
1172 3239 1218 3292 τού
1234 3235 1331 3308 Κάβου
1353 3239 1403 3310 τῆς
1418 3229 1524 3312 Ἁγίας,

223 3357 237 3412 ό
260 3357 338 3434 ἅγιος
362 3351 502 3434 Ἰωάννης,
525 3357 543 3431 ἠ
567 3354 732 3435 Μάοκλερα,
756 3354 919 3433 ῆΠαναγία
933 3355 1105 3436 Μεραλίτζα,
1129 3358 1143 3414 ό
1167 3359 1244 3435 ἅγιος
1260 3356 1404 3428 Νικόλαος
1428 3357 1470 3429 εἰς
1492 3359 1526 3416 τά

223 3479 348 3557 Καμπιοί,
379 3480 397 3552 ἡ
421 3475 549 3555 Ναναγία
571 3482 616 3536 τοῦ
640 3478 743 3557 Μόρον,
772 3480 787 3536 ό
811 3479 888 3555 ἅγιος
910 3477 1051 3549 Νικόλαος
1074 3485 1123 3554 τῆς
1145 3479 1244 3558 Συκῆς,
1268 3480 1298 3537 τό
1323 3479 1482 3560 Μαρυδοίκι,
1506 3483 1525 3555 ῆ

223 3604 316 3682 Σάρρα
333 3599 372 3672 εἰς
388 3606 433 3660 τοῦ
450 3600 554 3670 Μιζίκα
569 3599 616 3660 καί
631 3602 682 3659 όοα
706 3601 914 3680 ἑμπεριέχονται
939 3599 1085 3680 οἰκήματα,
1109 3601 1243 3678 ἀμπέλια,
1266 3607 1358 3680 κῆποι,
1383 3605 1522 3681 χωράφια,

223 3725 293 3800 μετὰ
307 3725 408 3782 τούτοιν
434 3721 478 3782 σύν
501 3719 547 3780 καὶ
572 3722 640 3798 μετὰ
663 3723 770 3781 πάντων
792 3728 846 3780 τῶν
870 3723 974 3782 λοιπῶν
997 3726 1143 3798 κτημάτων
1167 3722 1213 3782 καὶ
1229 3723 1427 3802 ἀφιερωμοίτων
1444 3725 1524 3784 αὐτοῦ

223 3849 340 3928 ὑπάρχει
355 3848 561 3926 σταυροπήγιον.
576 3844 615 3916 εἰς
627 3844 781 3904 ἀνακαίνισν
793 3845 839 3904 οὖν
855 3846 947 3905 τούτου
963 3848 1111 3924 γράφοντες
1125 3846 1169 3905 διὰ
1184 3851 1229 3904 τού
1244 3848 1377 3925 παρόντος
1388 3847 1524 3926 ἡμετέρου

222 3973 419 4051 πατριαρχικού
441 3967 488 4027 καὶ
512 3967 650 4027 συνοδικού
673 3963 866 4044 σιγιλλιώδονς
890 3969 918 4026 ἐν
942 3967 1114 4046 μεμβράναις
1137 3972 1301 4048 γράμματος
1317 3969 1523 4048 ἀποφαινόμεθα

224 4092 369 4162 συνοδινιῶς
392 4091 462 4166 μετὰ
484 4095 538 4149 τῶν
560 4088 622 4170 περί
644 4091 718 4164 ἡμᾶς
734 4089 886 4170 ἰερωτοίτων
910 4090 1059 4168 ἀρχιερέων
1074 4089 1121 4149 καί
1137 4090 1298 4171 ύπερτίμων,
1322 4097 1374 4150 τῶν
1401 4093 1429 4150 έν
1454 4094 1522 4170 ἁγίῳ

222 4215 352 4287 πνεύματι
368 4213 517 4290 ἀγαπητῶν
533 4214 612 4287 ἡμῶν
628 4211 755 4290 ἀδελφῶν
772 4210 818 4270 καὶ
834 4211 1063 4293 συλλειτουργῶν,
1084 4214 1127 4271 ἰ’νοι
1142 4215 1172 4271 τδ
1189 4214 1270 4296 ρηύὲν
1286 4215 1357 4292 ἱερόν
1373 4214 1419 4274 καὶ
1436 4217 1521 4290 σεβά-

223 4357 300 4411 σμιον
325 4338 503 4415 μοναοτῆριον
526 4337 556 4393 τ“ο
581 4335 609 4392 ἐν
631 4341 664 4414 τῆ
690 4334 821 4412 έπισκοπῆ
838 4332 992 4392 Ταλαντίσυ
1014 4333 1060 4392 καὶ
1077 4336 1223 4406 Διαυλείας
1239 4341 1284 4396 τού
1307 4337 1379 4395 όσίου
1394 4337 1443 4396 καὶ
1458 4339 1520 4396 050-

223 4461 304 4539 φόρου
316 4461 418 4538 πατρός
433 4460 513 4534 ημῶν
527 4461 629 4536 Αουκά,
648 4456 866 4532 έπικεκλημένον
877 4461 923 4515 τοῦ
936 4457 1098 4536 Στηριώτου,
1116 4459 1186 4532 μετὰ
1197 4464 1250 4517 τῶν
1263 4459 1390 4538 ἀνωτέρω
1405 4461 1518 4540 ἀπηριθ-

223 4583 354 4656 μημένων
377 4581 465 4660 όρίων,
488 4579 634 4657 μετοχίων,
658 4576 834 4652 ἑξωιιλησίων
855 4577 901 4638 καὶ
919 4579 1066 4657 ἑνοριοικῶν
1082 4581 1215 4640 παντοίων
1232 4581 1373 4656 μελλείων
1389 4581 1436 4641 καὶ
1453 4583 1519 4656 μετὰ

222 4707 329 4764 πάντων
344 4717 346 4720 “
361 4711 414 4764 τῶν
437 4705 541 4764 λοιπῶν
565 4706 712 4778 κτημάτων
735 4699 781 4762 καί
803 4704 971 4780 πραγμάτων
995 4700 1041 4760 καί
1066 4704 1261 4782 ἀφιερωμοίτων
1286 4707 1373 4782 αὺτοῦ,
1407 4713 1518 4780 κινητῶν
