3208 5310
234 351 277 416 38

235 547 275 622 είς
301 550 350 624 τὴν
378 547 458 627 ἁγίαν
486 545 625 628 Κυριοσιὴν
653 543 693 618 είς
719 546 768 620 τὴν
796 538 955 606 τοποθεσίαν
981 547 1028 604 τοῦ
1050 543 1229 615 Κουιιουνέως
1256 542 1352 618 μοδίου
1368 543 1406 603 α’.
1443 546 1532 625 ἕτερον
1586 620 1587 660 1

233 672 264 730 τδ
286 669 340 730 ἀπδ
355 668 539 746 Θαλασσηνοῦ
561 671 607 728 τοῦ
623 667 787 744 Μονσπηθου
810 667 840 727 ἐν
861 671 895 747 τῇ
917 671 1035 748 περιοχῇ
1057 669 1103 726 τοῦ
1119 663 1261 746 Κυνιδρίου
1282 666 1313 726 τδ
1333 665 1532 744 ἐπιλεγόμενον
1586 661 1587 668 '

232 795 287 852 τῶν
310 791 425 871 Ἀγρίων
454 791 501 850 τοῦ
523 787 686 868 Λαγνιαδίου
711 790 742 848 τδ
767 787 885 864 πλησίον
906 785 954 847 καί
977 787 1108 866 σῦνεγγυς
1129 786 1268 867 χωραφίου
1293 791 1341 847 τοῦ
1368 782 1532 866 Κουλαίτου,

232 913 326 984 καῦίυς
347 911 494 994 περιορίζει
521 910 592 986 μετὰ
613 911 714 982 παντδς
735 914 782 970 τοῦ
805 908 909 970 δικαίου
932 909 1021 990 αυτοῦ,
1045 907 1108 970 ὅσον
1122 907 1169 969 οιαὶ
1185 900 1242 969 οἷόν
1258 907 1336 969 ἐστιν.
1362 911 1454 990 ἕτερον
1468 929 1532 987 χω-

233 1037 326 1116 ράριον
348 1035 379 1094 τδ
402 1033 455 1094 ἀπδ
472 1035 599 1094 Ἰωάννου
621 1035 667 1093 τοῦ
681 1025 837 1092 Κουλαίτου
860 1029 900 1104 είς
921 1031 970 1108 τὴν
992 1030 1152 1092 τοποθεσίαν
1174 1035 1221 1092 τοῦ
1236 1031 1378 1112 Κυνιδρίου
1398 1031 1430 1092 τδ
1444 1031 1532 1110 λεγά-
1587 1045 1588 1102 3

234 1176 316 1234 μενον
342 1161 388 1217 τοῦ
415 1155 593 1232 Κλείοματος
620 1153 736 1232 πλησίον
762 1153 902 1236 χωραρίου
928 1153 1075 1214 Βασιλείου
1103 1152 1199 1234 ἱερέως
1226 1157 1273 1215 τοῦ
1299 1153 1534 1235 Δηματρόπουλου

234 1277 329 1353 μοδίου
344 1276 396 1354 ς”.
422 1279 514 1358 ἕτερον
536 1279 567 1337 τδ
589 1276 643 1338 ἀπὸ
666 1275 851 1352 θαλασοηνοῦ
873 1279 919 1336 τοῦ
941 1275 1107 1356 Μονσνιυδρᾱ
1129 1275 1203 1336 σιατά
1224 1279 1278 1335 τῶν
1301 1273 1405 1350 βσυνῶν
1426 1276 1457 1334 τδ
1478 1273 1534 1334 λε-

233 1400 351 1478 γάρενον
373 1403 427 1459 τῶν
443 1399 629 1478 Πηγαδαπίων
651 1397 768 1474 πλησίον
791 1394 839 1457 καί
854 1397 984 1477 σύνεγγυς
998 1397 1138 1478 χωραρίου
1152 1397 1286 1478 προέδρου
1302 1400 1348 1458 τοῦ
1364 1395 1535 1475 Ἀβασιάγου

235 1517 330 1595 μοδίου
353 1518 389 1596 β’.
414 1520 543 1592 ὡσαύτως
565 1517 612 1580 οιαὶ
636 1521 728 1600 ἕτερον
750 1521 889 1600 χωράριον
910 1519 942 1578 τδ
964 1517 1080 1595 πλησίον
1102 1515 1150 1578 ποί
1173 1517 1304 1598 σύνεγγυς
1325 1516 1465 1599 χωραρίου
1486 1523 1534 1579 τοῦ

234 1641 392 1722 Ἐρυθραίου
419 1638 466 1701 ιιοιὶ
492 1641 630 1722 χωραρίου
657 1643 810 1722 πεντάρχου
835 1643 882 1702 τοῦ
909 1640 1055 1722 Πραματά,
1087 1642 1149 1701 δσον
1175 1638 1223 1700 οιαὶ
1249 1631 1306 1701 οἶόν
1329 1639 1409 1702 ἐστιν.
1441 1643 1534 1721 ἕτερον

234 1763 280 1824 ἀπ’
293 1763 374 1824 αὐτοῦ
400 1761 440 1836 είς
461 1763 507 1823 τδν
530 1761 673 1844 ὁρθόλιθον
695 1764 726 1823 τδ
747 1761 864 1840 πλησίον
886 1765 933 1823 τοῦ
955 1762 1108 1843 Καλαβρσῦ
1130 1762 1226 1838 μοδίου
1242 1761 1279 1824 α’.
1312 1763 1404 1843 ἕτερον
1426 1763 1457 1822 τδ
1481 1763 1535 1822 ἀπὸ

232 1889 278 1946 τοῦ
301 1885 442 1946 Νυιολάου
471 1889 518 1946 τοῦ
541 1885 686 1966 Κορωνέου
712 1885 743 1944 τδ
770 1879 899 1946 ἀποπάτω
925 1888 976 1960 τῆς
1002 1881 1106 1956 οἰκείας
1127 1883 1237 1959 Νικήτα
1264 1886 1310 1944 τοῦ
1332 1884 1482 1944 Βουπλανά
1504 1887 1534 1946 τδ

232 2007 350 2084 πλησίον
376 2006 423 2068 καὶ
450 2009 580 2086 σίινεγγυς
601 2007 740 2088 χωραρίου
763 2005 884 2085 Μιχαὴλ
906 2009 952 2066 τοῦ
975 2003 1070 2087 Φαγρί
1092 2005 1194 2082 μσδίων
1211 2005 1246 2082 β’.
1280 2008 1373 2086 ἕτερον
1394 2008 1535 2086 χωρσίριον

232 2129 263 2189 τδ
286 2129 340 2188 ἀπδ
356 2130 453 2190 Καλοῦ
475 2133 521 2190 τοῦ
538 2128 685 2209 Γρηγορίου
708 2128 737 2188 έν
759 2135 792 2210 τῇ
814 2133 931 2210 περιοχῇ
953 2132 1006 2187 τῶν
1022 2127 1136 2200 Βατζιῦν
1158 2128 1189 2187 τδ
1212 2128 1367 2207 λεγόμενον
1390 2132 1436 2189 τοῦ
1451 2129 1534 2209 Φρέ-

233 2271 298 2322 ατος
319 2251 367 2310 τοῦ
389 2251 531 2340 Συνιαμνοῦ
552 2248 669 2328 πλησίον
691 2249 829 2331 χωραρίου
851 2253 897 2310 τοῦ
921 2239 1081 2310 Μανδαιιίου
1104 2248 1199 2324 μοδίου
1215 2249 1252 2312 α’.
1280 2253 1372 2331 ἕτερον
1394 2253 1534 2331 γωροίριον

232 2373 263 2431 τδ
295 2371 348 2431 ἀπδ
373 2372 515 2432 Νινιολάου
541 2375 588 2433 τοῦ
617 2377 668 2448 τῆς
690 2372 836 2444 Μέλισσος
861 2372 892 2432 τδ
919 2371 1073 2450 λεγόμενον
1096 2377 1149 2432 τῶν
1172 2371 1341 2453 Ἁλμυρίδων
1362 2373 1395 2432 τδ
1416 2371 1536 2448 πλησίον

233 2491 281 2554 καί
315 2493 447 2572 σῦνεγγυς
479 2493 618 2576 χωραρίου
646 2499 697 2570 τῆς
719 2495 874 2573 ἁγιωτάτης
897 2493 1065 2570 Ἐπισνιοπῆς
1097 2491 1144 2554 καί
1173 2493 1289 2570 πλησίον
1318 2493 1457 2574 χωραρίου
1487 2497 1536 2555 τοῦ

234 2613 329 2697 Φοιγρί
357 2614 452 2692 μοδίου
469 2614 505 2677 α’.
538 2619 630 2697 ἕτερον
656 2616 687 2676 οδ
713 2615 830 2693 πλησίον
856 2619 902 2676 τοῦ
929 2611 1073 2696 εἰρημένου
1095 2619 1159 2676 ναοῦ
1182 2614 1273 2694 λαχδς
1295 2617 1310 2674 ὁ
1333 2615 1535 2694 ἐπιλεγόμενος

231 2743 280 2814 τῆς
296 2735 413 2810 Ἐλαίας
437 2738 519 2818 μέχρι
540 2741 590 2814 τῆς
612 2737 676 2798 ὁδοῦ
699 2737 802 2812 μοδίων
816 2736 855 2816 γ’.
879 2739 971 2818 ἕτερον
994 2738 1024 2797 τδ
1047 2736 1101 2798 ἀπὸ
1123 2740 1169 2798 τὀν
1184 2739 1385 2818 Δρυγγοίραιιαν
1406 2737 1456 2813 τὴν
1474 2738 1534 2796 Πο-

231 2859 313 2919 λέτου
330 2857 370 2942 (ί)
402 2857 518 2935 πλησίον
549 2857 597 2919 οιαὶ
627 2859 729 2920 ἀνωθεν
759 2861 851 2920 τοῦτου
881 2859 983 2935 μοδίων
1000 2858 1090 2935 α’ς”.
1127 2860 1229 2936 ὁμοίιος
1258 2858 1305 2920 ιιαί
1335 2859 1370 2920 τά
1400 2861 1535 2942 περίγυρα

231 2985 280 3058 τῆς
308 2981 389 3060 ἁγίας
416 2985 501 3057 μονῆς
528 2980 581 3041 ἀπδ
608 2980 639 3041 τδ
665 2983 803 3064 χωράριον
825 2985 871 3042 τοῦ
895 2976 1026 3066 Anam]
1047 2978 1094 3042 καί
1117 2980 1259 3056 ἀναβαίνει
1280 2983 1299 3060 ἠ
1322 2982 1389 3064 συρά
1410 2983 1456 3042 σῦν
1478 2988 1534 3042 τῶν

231 3105 364 3185 ἀρμάιιων
389 3099 436 3163 οιαὶ
462 3097 611 3184 ἀπέρχεται
640 3102 693 3163 ἀπδ
712 3108 757 3164 τοῦ
784 3102 924 3184 χωραρίου
950 3107 996 3164 τοῦ
1020 3103 1140 3180 Καλῦβα
1166 3102 1213 3164 ιιοιὶ
1240 3103 1404 3185 περιγυρίζει
1426 3105 1481 3165 ἀπο
1503 3107 1534 3165 τδ

230 3227 368 3308 χωροίριον
394 3231 442 3302 της
471 3225 637 3304 Ἐπισιιοπῆς
663 3225 710 3286 καί
737 3225 879 3300 ἀναβαίνει
906 3221 973 3311 [ἕως
1000 3223 1039 3298 εἰς
1065 3227 1096 3286 τδ
1123 3227 1261 3307 χωράριον
1288 3219 1346 3310 τοῦ]
1374 3225 1534 3303 Κιλαδηνοῦ

230 3346 277 3406 ιιοιί
304 3347 357 3406 ἀπδ
382 3346 414 3406 τδ
439 3345 545 3425 λαχίδη
572 3351 618 3407 τοῦ
640 3348 764 3428 Δρίγγου
790 3345 838 3408 ιιαί
860 3347 1007 3428 ἀνέρχεται
1033 3347 1086 3408 ἀπδ
1108 3349 1139 3408 τδ
1163 3345 1320 3424 ἐξάμπελον
1342 3352 1389 3408 τοῦ
1412 3348 1534 3422 Καλῦβα

229 3592 276 3648 τοῦ
297 3587 404 3650 Χωὶδιᾶ
431 3589 476 3649 σῦν
503 3587 550 3650 οιαὶ
577 3592 624 3650 τοῦ
651 3589 800 3670 χωραρίου,
831 3583 862 3650 οὗ
890 3591 993 3670 ἔχομεν
1021 3587 1075 3651 ἀπὸ
1102 3591 1283 3670 ἀπαλλαγῆς
1310 3590 1363 3650 ἀπδ
1385 3595 1431 3651 τοῦ
1455 3591 1534 3671 μισὲρ

233 3711 361 3790 Λεοῦνου,
384 3712 435 3771 ὅσα
456 3709 504 3772 παί
527 3702 572 3772 οἷά
595 3709 661 3771 εἰσιν
685 3706 846 3794 ἀπερίποπα.

333 3827 437 3912 Ἕτερα
459 3831 500 3903 είς
522 3832 570 3910 τὴν
594 3829 676 3908 αῦτὴν
698 3835 841 3914 περιοχήν,
865 3831 918 3893 ἀπὸ
940 3835 970 3894 τδ
992 3833 1126 3914 πρόλημα
1147 3835 1162 3894 ὁ
1184 3833 1286 3914 λαχός,
1309 3835 1339 3894 δν
1356 3827 1434 3911 εἶχεν
1451 3833 1532 3894 αὺτδν

228 3955 246 4033 ἠ
270 3954 337 4034 ἁγία
360 3953 432 4029 μονὴ
448 3953 503 4014 ἀπδ
526 3953 707 4033 ἀνταλλαγῆς
730 3959 775 4015 τοῦ
796 3955 930 4036 προέδρου
946 3955 1048 4030 μσδίων
1065 3953 1097 4017 δ’.
1126 3958 1218 4035 ἕτερον
1234 3961 1288 4014 τῶν
1306 3954 1439 4015 Παλαιῶν
1456 3957 1533 4036 Πυρ-

229 4075 321 4148 βόλων
344 4078 374 4135 τδ
395 4074 512 4151 πλησίον
534 4079 580 4136 τοῦ
602 4075 770 4157 προεδράτου
792 4074 888 4150 μοδίου
903 4073 940 4136 α’.
974 4079 1053 4156 έτερα
1077 4073 1116 4148 εἰς
1139 4077 1185 4136 τδν
1209 4077 1286 4136 αῦτδν
1308 4079 1390 4136 τόπον
1412 4077 1531 4154 πλησίον

228 4197 366 4277 χωραφίου
387 4199 435 4258 τοῦ
449 4197 558 4256 Κοιντίου
574 4195 677 4273 μοδίων
692 4195 744 4272 ς”.
765 4194 790 4256 δ’
802 4194 855 4273 ς”.
880 4199 961 4276 ἕτερα
975 4195 1009 4256 τά
1024 4196 1168 4276 λεγόμενα
1182 4201 1229 4258 τοῦ
1244 4195 1438 4258 Κοντοπαῦλου
1452 4197 1532 4274 πλη-

228 4317 286 4378 σίον
308 4321 355 4378 τοῦ
377 4318 558 4399 διερχομένου
580 4321 703 4394 ποταμοῦ
725 4315 773 4378 οιαὶ
794 4317 910 4394 πλησίον
932 4319 1071 4400 χωραρίου
1093 4322 1139 4378 τοῦ
1161 4317 1281 4394 Καλῦβα
1303 4319 1351 4380 οιαὶ
1372 4323 1419 4380 τοῦ
1434 4320 1531 4402 Φαγρὶ

228 4441 274 4501 σῦν
296 4445 350 4500 τῶν
374 4439 466 4521 ἀγρῶν
490 4441 592 4517 μοδίων
609 4439 644 4502 δ’.
669 4443 761 4520 ἕτερον
782 4443 829 4500 τοῦ
852 4437 1020 4515 αῦλίσματος
1042 4441 1073 4500 τδ
1091 4441 1209 4517 πλησίον
1223 4445 1270 4502 τοῦ
1285 4442 1418 4502 Σταϊάνου
1433 4441 1530 4518 μοδίου

229 4560 265 4627 α’.
297 4565 389 4642 ἕτερον
420 4563 438 4639 η
467 4563 579 4644 ἀρμοίιιη
609 4564 628 4641 ἡ
656 4563 709 4622 ἀπδ
736 4566 782 4622 τοῦ
804 4563 967 4643 Βαρυπράιη
995 4562 1171 4624 ἀποιιοίτωθεν
1198 4569 1248 4640 τῆς
1275 4563 1338 4624 ὀδοῦ
1366 4563 1461 4639 μοδίου
1476 4561 1528 4639 ς”.

227 4687 319 4766 ἕτερον
345 4685 376 4744 τδ
402 4683 557 4764 λεγέμενον
591 4689 641 4760 τῆς
673 4683 753 4762 ἀγίας
780 4683 957 4756 Ἀναστασίας
985 4683 1086 4760 μοδίων
1103 4679 1128 4744 α’
1141 4681 1192 4760 ς”.
1225 4687 1317 4766 ἕτερον
1344 4686 1375 4746 τδ
1402 4685 1455 4746 ἀπδ
1482 4689 1529 4747 τοῦ
