3486 5282
393 309 458 376 210

393 501 480 584 ἱεραῖς
507 504 690 584 λειτουργίαις
717 505 783 586 ὑπὲρ
811 503 919 584 εἰρήνης
946 503 993 566 καὶ
1014 507 1107 582 καλῆς
1129 509 1322 580 καταστάσεως
1344 505 1390 568 καὶ
1413 507 1527 586 ἀφθόνου
1548 528 1676 588 καρποφο-

394 625 452 706 ρίας
480 624 526 686 καί
552 627 687 707 σωτηρίας
715 631 760 687 τοῦ
783 625 928 707 θρθοθὸξου
950 623 1138 707 πληρώματος
1160 627 1207 688 καὶ
1228 631 1311 689 τόπου
1332 635 1382 706 τῆς
1403 629 1540 708 Βλοιχίας.
1582 629 1624 690 ταὶ
1647 631 1678 704 θη

393 745 520 824 ἀξιοῦμεν
543 747 674 822 καὶτοὺς
697 749 833 830 ἀδελφοὺς
854 751 933 827 ἡμῶν
956 751 1096 831 αὐθέντας,
1125 753 1183 812 ὅσοι
1207 753 1354 828 μεθ’ἠμάς
1377 747 1513 826 ἀξιωθῶσι
1535 759 1582 830 τῆς
1603 751 1678 825 ἐξου-

393 869 451 943 σίας
473 875 519 931 τοῦ
548 872 702 932 αάθεντινιοῦ
724 873 817 932 τούτου
839 873 943 953 θρόνου,
971 873 1014 934 ἵνα
1037 870 1185 952 συμφώνως
1208 875 1371 938 ἀνανεόνωσι
1393 873 1440 934 καί
1464 874 1632 955 ἐπικυρθνωσι
1652 875 1679 932 τε

394 992 474 1064 ἔλεος
496 997 583 1074 τοῦτο,
606 994 636 1054 τθ
657 995 748 1055 ὁποῖον
763 994 834 1054 κατὰ
850 994 953 1056 δίκαιον
969 995 1055 1073 λόγον
1072 995 1231 1077 ἐχορηγήθη
1246 1017 1285 1056 τω
1301 997 1406 1077 ῥηθέντι
1421 996 1487 1078 ίερῷ
1502 996 1678 1076 μοναστηρίῳ·

393 1236 492 1309 ἀλλοις
519 1238 659 1311 αθθένταις
686 1235 782 1318 ἰσχυρὰ
809 1237 856 1298 καὶ
883 1239 961 1318 τιίνρια
987 1238 1034 1299 καί
1062 1239 1207 1315 σεβάσμια.
1255 1240 1465 1320 ἐπεκυρώσαμεν
1493 1239 1525 1301 δὲ
1551 1242 1581 1302 τ”ο
1600 1241 1679 1318 παρὀν

391 1360 526 1439 ἡμέτερον
549 1360 755 1439 χρυτθβουλλον
778 1359 824 1420 καί
846 1367 879 1444 τῇ
903 1359 957 1444 ἰδίᾳ
976 1369 1026 1438 τῆς
1040 1363 1178 1443 ἡμετέρας
1193 1362 1331 1435 αὐθεντίας
1346 1362 1497 1444 ἀπογραφῇ.
1533 1363 1680 1436 Ἰωάννης

393 1480 534 1558 Μιχαὴλ
556 1481 809 1544 Κωνσταντίνσυ
829 1484 971 1556 Σοῠτζος
995 1484 1161 1559 βοεβόδας
1182 1483 1238 1544 καί
1263 1489 1302 1566 τῇ
1324 1490 1386 1548 τῶν
1408 1483 1573 1564 φιλτάτων
1594 1485 1679 1561 ἡμῶν

391 1603 524 1684 τέκνων,
553 1603 707 1664 Ἰωάννου
735 1604 892 1684 βοεβόδα,
920 1605 1104 1686 Γρηγορίου
1127 1604 1273 1679 βοεβάθα
1295 1603 1350 1666 καὶ
1370 1585 1588 1687 Ἀλεξάνδρου
1610 1605 1679 1679 βοε-

392 1724 484 1800 βόδα.
519 1725 673 1798 ὡσαίτως
696 1724 752 1786 καὶ
775 1729 904 1787 πάντων
928 1723 1134 1800 ἁπαξαπλῶς
1156 1731 1219 1786 τῶν
1241 1729 1446 1802 τιμιωτάτων
1462 1726 1518 1788 καὶ
1534 1728 1679 1806 εθεγενε-

391 1850 516 1911 πτάτων
539 1847 708 1929 ἀρχόντων
730 1853 792 1908 τῶν
815 1849 951 1929 πρώτων
973 1852 1029 1908 τοῦ
1052 1849 1216 1928 ἡμετέρου
1237 1847 1399 1928 θιβανίου,
1421 1848 1484 1908 πάν
1499 1848 1680 1928 Δημητρίου

391 1970 504 2049 Γκίπα,
529 1971 681 2049 μεγάλου
704 1973 840 2045 μπάνου.
885 1969 949 2030 πάν
972 1970 1137 2048 Στεφάνου
1159 1970 1409 2050 Βραγοιοβάνου,
1438 1971 1589 2049 μεγάλου
1611 1972 1627 2047 β
1651 1991 1679 2050 ρ-

390 2090 484 2152 νίοιου
510 2097 568 2166 τῆς
592 2088 673 2152 Ἄνω
695 2093 836 2174 Τζάρσις.
867 2092 929 2152 πάν
957 2093 1103 2170 Γιανάνιη
1134 2093 1318 2172 Μουροάζη,
1348 2093 1501 2172 μεγάλου
1532 2094 1680 2174 βορνίκου

390 2219 448 2288 τῆς
475 2214 572 2274 Κάτω
599 2215 741 2292 Τζάρας.
769 2215 830 2275 πὰν
859 2215 1045 2290 Μανολάνιη
1072 2215 1299 2296 Βρανιοβάνου,
1327 2215 1479 2294 μεγάλου
1505 2213 1679 2294 λογοθέτου

390 2339 448 2410 τῆς
469 2333 547 2395 Ἄνω
570 2336 711 2416 Τξάρας.
741 2335 804 2396 πάν
826 2334 1010 2417 Γρηγορίου
1035 2337 1216 2416 Παλιάνου,
1248 2335 1400 2416 μεγάλου
1422 2337 1607 2415 λογοθέτου
1628 2340 1680 2408 τῆς

390 2455 487 2516 Κάτω
503 2458 645 2538 Τζάρας.
668 2458 730 2518 πάν
753 2459 936 2540 Γρηγορίου
953 2459 1150 2538 Παλασάκη,
1174 2461 1326 2536 μεγάλου
1349 2461 1510 2540 σπαθάρη.
1533 2459 1595 2520 πάν
1610 2459 1630 2518 Γ
1636 2479 1679 2518 ια-

390 2580 474 2654 νάπη
498 2579 724 2660 Βανιαρέσκου,
749 2581 901 2660 μεγάλου
924 2581 1087 2662 βιστιάρη.
1110 2581 1174 2640 πάν
1198 2577 1431 2662 Ἀλεξάθνρου,
1455 2582 1607 2660 μεγάλου
1629 2599 1679 2638 το-

390 2701 576 2774 στελνίνιου.
604 2703 666 2762 πάν
698 2703 863 2782 Γεωργίου
886 2703 1037 2783 Σοάτζσυ,
1066 2704 1218 2781 μεγάλου
1245 2703 1460 2783 κλουτζιάρη.
1488 2701 1551 2761 πάν
1573 2702 1678 2778 Δημη-

391 2822 480 2904 τρίου
509 2823 717 2906 Ῥαιτοβίτζα,
746 2826 898 2904 μεγάλου
924 2825 1141 2905 παχαρνίνιου.
1169 2825 1232 2885 πάν
1256 2825 1408 2884 Ἰωάννου
1437 2823 1600 2904 Πραϊλόη,
1628 2841 1677 2896 με·

390 2945 496 3024 γάλου
526 2945 712 3008 στολνίιιου.
743 2947 806 3007 πάν
829 2944 1047 3026 Ἀλεξάνδρου
1071 2947 1194 3027 Μάνου,
1225 2947 1377 3025 μεγάλου
1406 2947 1596 3025 καμαράση.
1625 2944 1677 3004 πὰν

391 3067 574 3150 Γρηγορίου
604 3069 720 3149 Δοάνα,
750 3069 961 3149 σλουστιάρη,
995 3069 1057 3130 πάν
1088 3069 1251 3144 Κωστάοιη
1275 3067 1504 3148 Παλατζάνου,
1535 3067 1678 3145 μεγάλου

389 3192 521 3270 πιτάρη.
546 3190 772 3268 θιατάσσομεν
792 3193 846 3252 τὀν
861 3192 922 3251 πάν
939 3190 1134 3268 Μανωλάνιη
1150 3189 1400 3270 Βραγνιοβάνον,
1416 3189 1569 3268 μεγάλον
1584 3188 1676 3264 λογο-
1722 3267 1723 3274 γ

390 3311 486 3384 θέτην
518 3311 732 3388 ἑνιτελεστήν.
778 3314 882 3393 ἐγράφη
913 3315 943 3373 πθ
974 3315 1060 3394 παρθν
1089 3315 1223 3393 ἡμέτερον
1249 3312 1458 3392 χρυσόβουλλον
1485 3311 1571 3372 τιατά
1596 3312 1630 3370 τὸ
1654 3304 1675 3380 β’

391 3433 463 3504 ἔτος
489 3439 548 3510 τῆς
574 3438 705 3516 πρώτης
733 3437 825 3512 ἡμῶν
852 3435 1049 3507 αθθεντείας
1074 3434 1214 3495 ἐνταῦθα
1238 3435 1271 3494 ἐν
1293 3441 1331 3517 τῇ
1353 3435 1566 3516 πρωτευούσῃ
1587 3433 1675 3492 πέλει

390 3553 445 3616 καὶ
472 3557 619 3638 καθέδρᾳ
640 3559 734 3633 ἡμῶν
757 3557 1004 3638 Βουνουρεστίῳ
1026 3564 1084 3634 τῆς
1106 3557 1260 3636 Βλαχίας
1282 3557 1367 3618 κατὰ
1389 3558 1425 3616 τθ
1449 3552 1535 3618 1784
1557 3557 1628 3628 ἔτος
1646 3551 1675 3610 τθ

390 3680 563 3758 σωτήριον,
586 3675 708 3740 ίουνίου
730 3676 781 3741 25.

494 3803 648 3877 Ἰωάννης
678 3802 819 3880 Μιχαὴλ
845 3801 1097 3862 Κωνσταντίνσυ
1120 3801 1261 3872 Σοῦτζος
1284 3799 1475 3881 Βοεβὸδας,
1496 3791 1582 3880 ἐλέιρ
1609 3797 1674 3859 θεοῦ
1722 3833 1723 3846 ι

390 3925 551 3999 αὐθέντης
586 3921 641 3983 καί
678 3925 814 4002 ἡγεμὼν
848 3927 957 4000 πάσης
992 3922 1264 4004 Ουγροβλαχίας.
1324 3923 1479 4002 Προοθήνιη.
1530 3923 1673 3992 Ἰωάννης

391 4045 807 4126 Μιχαὴλ;Κωνσταντίνου
827 4047 969 4118 Σοῦτζος
991 4045 1063 4106 ιιτλ.

495 4168 610 4244 Ἐπειδὴ
633 4167 679 4228 καί
702 4169 736 4229 ἐτι
756 4175 810 4228 τῶν
833 4165 890 4228 άνω
913 4168 1048 4248 ῥηθέντων
1070 4165 1206 4247 ποπορίων
1228 4168 1347 4247 τέσσαρα
1361 4167 1509 4246 εὑρέθησαν
1524 4169 1577 4246 προ
1590 4162 1673 4244 καιροῦ
1722 4177 1723 4224 ί

389 4291 562 4371 άφιερωμένα
586 4289 625 4363 εἰς
647 4292 677 4350 τ“ο
699 4289 771 4372 ίερθν
795 4291 974 4370 μοναστίίριον
999 4288 1168 4369 Πίστριτζας,
1199 4288 1254 4348 ἀντ’
1269 4287 1381 4349 ἐκείνων
1405 4286 1621 4369 ἐπιβραβείιομεν
1640 4280 1671 4350 εἰς
1722 4271 1723 4346 ί

387 4415 437 4488 τὴν
460 4415 545 4489 μονὴν
567 4417 613 4474 τοῦ
629 4413 713 4492 Βλάχ
728 4413 864 4494 Σαραγίου
887 4412 922 4470 νά
943 4410 1075 4494 λαμβάνῃ
1099 4411 1151 4470 ἀπο
1173 4410 1207 4469 τά
1220 4412 1337 4491 ποπθρια
1353 4411 1445 4471 Λέσυλ
1460 4408 1507 4470 καί
1522 4403 1671 4485 Ῥοποβίτίῦ
1722 4491 1723 4494 ¹

387 4542 441 4598 τῶν
464 4536 493 4595 έν
515 4535 554 4614 τῷ
570 4536 765 4616 Ῥωμανατζίῳ
787 4535 838 4594 ἀνά
853 4535 913 4614 τρία
929 4535 1016 4614 ἀσπρα
1031 4535 1061 4592 τθ
1078 4534 1186 4614 μέτρον,
1210 4532 1305 4608 ἐπειδὴ
1320 4531 1368 4592 καὶ
1382 4532 1416 4591 τὰ
1430 4532 1516 4593 λοιπά
1531 4531 1579 4593 θθο
1594 4529 1670 4607 άοπρε
1722 4595 1723 4604 γ

387 4658 434 4720 καί
456 4660 486 4720 τί
508 4659 650 4739 πάρπαρον
673 4653 741 4718 είναι
765 4657 937 4738 ἀφιερωμένα
960 4654 999 4728 εἰς
1021 4655 1097 4716 ἀλλο
1119 4657 1307 4736 μονσστήριον,
1333 4650 1416 4715 1ί85
1433 4653 1613 4736 νσεμβφίου
1627 4643 1667 4712 25.
