3246 5288
1333 344 1397 410 395

62 538 122 610 τὴν
150 547 215 615 τῆς
239 547 326 616 μονῆς
347 537 515 620 περιποίησίν
536 560 567 599 τε
590 537 637 598 καὶ
660 541 790 602 οόσταοιν.
828 539 906 600 ἀλλά
927 539 974 600 καὶ
996 545 1046 616 τῆς
1067 542 1150 616 νη’σου
1170 542 1335 616 πιεζομένης
1357 537 1396 617 τῷ

63 659 159 739 λιμῷ
189 660 240 722 καὶ
272 662 372 741 αὐχμῷ
402 659 593 734 ἑξαποοτάλην
623 663 688 741 παρ’
702 661 782 722 αὺτοῦ
805 659 845 734 είς
866 656 900 722 τά
922 666 972 736 τῆς
994 661 1124 733 Κιλικίας
1148 664 1218 742 μέρη
1241 663 1309 739 πρδς
1332 661 1396 722 δια-

63 783 181 844 κονίαν
210 783 257 844 καὶ
287 785 452 859 ἐπισιτισμόν
474 782 528 844 τῶν
551 784 597 842 σὺν
622 780 682 858 ἐμοὶ
713 783 889 858 ἀσκουμένων
919 782 1105 864 ουνοδελφῶν,
1136 782 1215 844 ἀλλά
1236 781 1283 844 καὶ
1305 789 1396 842 πᾶσαν

65 905 235 966 διακονίαν
258 911 307 982 τῆς
330 910 417 981 μονῆς
440 905 588 980 διηκόνησα
607 905 672 984 παρ’
684 905 754 980 όλην
769 904 818 978 τήν
834 904 939 966 ἐκείνου
954 907 1040 979 ζωήν·
1065 902 1181 986 καὶγὰρ
1196 904 1267 964 κατά
1282 905 1396 982 γνώμην

67 1029 167 1088 αίντεῦ
196 1026 245 1088 καὶ
268 1027 380 1102 θέλησιν
402 1029 491 1088 πάντα
514 1027 654 1106 έπροττον,
678 1027 783 1098 ἐκεῖνος
806 1026 838 1088 δὲ
861 1020 946 1106 εὑρών
971 1047 1006 1103 με
1022 1027 1085 1088 θεοῦ
1106 1029 1197 1106 χάριτι
1219 1024 1307 1088 πάντα
1328 1028 1396 1108 πρός

67 1149 244 1228 θεραπείαν
266 1115 348 1210 αὺτοῦ
369 1148 415 1208 καὶ
438 1153 583 1229 φρονοῦντα
605 1146 652 1210 κάὶ
673 1152 833 1228 τράποντο,
863 1149 888 1208 τί
909 1153 996 1230 ποιεῖς
1027 1146 1148 1223 διάταξιν
1172 1149 1321 1226 ἐκθέμενος
1345 1151 1396 1227 έγ-

67 1292 199 1351 γραφον
223 1270 263 1344 εἰς
292 1271 454 1352 προστασίαν
477 1293 513 1346 με
535 1277 589 1332 τῶν
619 1269 746 1351 ἀδελφῶν
778 1270 939 1352 ἐξελέξατο,
969 1274 999 1333 τδ
1022 1280 1070 1348 τῆς
1092 1273 1256 1354 προστασίας
1278 1270 1325 1334 καί
1347 1277 1397 1350 τῆς

70 1395 263 1472 ἡγουμαιίας
286 1397 316 1454 τδ
339 1395 526 1474 λειτοίνργημα
550 1394 727 1470 ἀναθέμενος.
758 1395 838 1472 κάγὼ
852 1394 948 1474 τοίνυν,
973 1393 1059 1456 εἶκαὶ
1081 1396 1205 1477 φορτικδν
1227 1395 1294 1468 ίσως
1309 1394 1397 1469 δόξειε

71 1518 106 1575 τὀ
137 1515 258 1590 μέλλον
281 1517 454 1596 ῥηθήσεσθαι,
478 1517 508 1576 οῦ
530 1517 653 1596 φορτικόν
676 1515 708 1576 δέ
729 1518 837 1588 πάντως
860 1519 916 1588 τοῖς
932 1515 1030 1578 εἰδόσιν
1045 1517 1079 1577 τὰ
1093 1517 1154 1578 κατ’
1168 1518 1228 1594 έμέ.
1260 1518 1310 1594 την
1325 1538 1396 1598 προ-

73 1636 204 1698 οταείαν
229 1636 407 1713 ἀνεβαλόμην
423 1637 490 1710 όλος
513 1637 660 1718 σόνδακρυς
673 1639 797 1718 γεγονὼς
812 1637 859 1698 καὶ
873 1647 906 1722 τῇ
922 1645 959 1722 γῇ
981 1640 1159 1722 προσερείοας
1169 1637 1190 1722 ¹)
1206 1642 1237 1701 τό
1251 1641 1396 1722 πρόσωπον

74 1767 133 1835 τῆς
161 1760 331 1841 προστασίας
352 1760 383 1820 τό
407 1760 491 1840 βάρος
515 1760 624 1836 ἐζήτουν
649 1760 856 1842 ἀπορρίψοσθαι.
888 1759 949 1821 όδὲ
971 1762 1064 1837 ἠπίαις
1082 1759 1149 1822 τισὶν
1165 1759 1212 1822 καὶ
1228 1763 1398 1843 μελιρρότόις

78 1882 227 1961 διδαχαῖς
250 1877 427 1957 ἀνεκτήσατο.
459 1881 490 1942 οό
512 1881 628 1960 δίκαιον,
652 1882 712 1960 ἔφη,
735 1885 840 1961 τέκνον,
864 1885 919 1955 τοῖς
943 1889 989 1944 τοῦ
1012 1884 1076 1946 θεοῦ
1098 1884 1248 1963 ἀνεφίκτοις
1271 1883 1396 1966 κρίμασιν

82 2004 252 2066 ἀντιτείνειν
274 2007 292 2077 ἢ
317 2004 470 2083 ἀντιλέγειν
493 2006 522 2064 τό
546 2004 673 2064 οῦνολον·
702 2007 720 2064 ἀ
742 2005 795 2084 γάρ
819 2005 835 2064 ό
857 2005 918 2078 θεδς
943 2005 1132 2089 βεβούλευται,
1155 2005 1196 2079 τίς
1218 2007 1311 2082 ἱκανός
1334 2006 1396 2068 δια-

79 2127 237 2205 οκεδοίσαι,
261 2127 299 2197 ῶς
321 2126 376 2206 γάρ
399 2121 472 2187 οίδεν
494 2128 513 2204 ἡ
536 2128 639 2206 ἀφατος
662 2128 741 2188 αὑτοῦ
765 2126 964 2210 εθοπλαγχνία,
993 2129 1062 2189 οότω
1083 2129 1118 2190 τά
1139 2130 1210 2190 κατὰ
1232 2130 1264 2190 σὲ
1287 2127 1395 2191 οἰκονο-

81 2251 187 2327 μήσει,
212 2250 283 2308 ὥστε
305 2249 350 2308 τόν
372 2248 473 2327 τραχὺν
496 2247 543 2308 καὶ
567 2250 708 2330 αἰχμηρδν
731 2253 822 2311 τοῦτον
842 2251 924 2310 τόπον
940 2250 990 2310 ὑπό
1006 2255 1053 2313 σοῦ
1075 2251 1284 2331 λαμπρυνθήναί
1304 2247 1397 2312 τεκαὶ

81 2369 285 2448 φαιδρυνθῆναι
307 2369 354 2430 καὶ
375 2369 491 2431 πολλῶν
521 2367 614 2449 ψυχῶν
646 2373 756 2450 γενήσει
785 2369 916 2451 πρόξενος
947 2371 1082 2454 σωτηρίας
1104 2372 1151 2434 καὶ
1174 2372 1213 2445 εἰς
1235 2373 1396 2450 πλαιυσμδν

85 2493 206 2573 ἀγάγῃς
235 2494 299 2554 θεοῦ
328 2493 502 2565 εὐδοκοῦντός
525 2511 566 2552 σοι
589 2491 707 2569 καὶτῆς
730 2495 816 2572 ἁγνῆς
846 2497 1016 2576 θεομήτοφος
1037 2497 1068 2556 τδ
1099 2491 1201 2574 ἀφανές
1221 2494 1268 2557 καὶ
1301 2498 1397 2576 μικρόν

85 2619 172 2676 τοῦτο
194 2615 329 2693 ποίμνιον,
352 2608 399 2674 καί
415 2615 493 2694 όρους
508 2613 555 2674 καὶ
570 2615 666 2686 τόπους
691 2615 816 2690 έκθήοεις
840 2617 929 2688 αὺτοῖς
944 2614 985 2688 εἰς
1009 2615 1155 2693 μοναδικόν
1171 2615 1230 2694 βίον
1245 2616 1293 2678 καὶ
1309 2617 1397 2697 ἀσφά-

86 2736 175 2796 λειαν
198 2734 359 2817 ἀγονταςέ).
392 2737 467 2814 ἔχεις
490 2734 532 2796 ἀεὶ
555 2736 767 2798 συνευδοκοῦντά
789 2757 829 2797 σοι
849 2735 898 2812 τήν
913 2739 995 2819 χάριν
1009 2741 1056 2798 τοῦ
1076 2738 1154 2816 ἀγίου
1175 2740 1329 2814 πνεύματος
1350 2739 1398 2802 καί

87 2859 142 2929 τὰς
175 2857 259 2934 εῦχάς
286 2861 338 2916 τῶν
369 2856 455 2934 ἀγίων
484 2859 608 2936 πατέρων
640 2859 728 2932 ἡμῶν.
777 2857 833 2936 ἐγὼ
856 2857 886 2918 δὲ
909 2859 958 2933 τὴν
990 2861 1089 2935 συνήθη
1121 2860 1218 2935 βαλὼν
1250 2847 1397 2936 μετάνοιαν

88 2979 175 3058 ᾔτουν
205 2981 368 3056 συγγνώμην
391 2977 438 3038 καὶ
459 2979 490 3038 τδ
512 2984 565 3039 πᾶν
589 2977 633 3038 ἐπὶ
663 2979 728 3070 θεῷΙ
749 2979 896 3060 ἀνεθέμην,
926 2983 941 3039 ό
965 2980 996 3040 δὲ
1018 2981 1079 3053 τοδς
1102 2981 1258 3060 όφθαλμοδς
1286 2981 1396 3058 πλήσας

89 3100 220 3180 δακρύων
241 3097 288 3159 καὶ
310 3101 378 3179 πρός
400 3101 444 3160 τόν
475 3103 563 3160 πάντα
593 3102 731 3180 ἐφορῶντα
763 3101 924 3178 ἀναβλέψας
946 3101 993 3163 καὶ
1024 3105 1188 3183 συγγνώμην
1219 3105 1327 3180 ἔνειμεν
1348 3104 1396 3164 καὶ

90 3218 233 3298 ἐπηόξατο
260 3225 305 3282 τοῦ
336 3221 447 3298 δοθῆναι
477 3225 542 3296 ἡμῖν
572 3221 684 3298 δύναμιν
707 3219 738 3296 ἐξ
767 3224 859 3301 όψους.
907 3224 964 3303 έγὼ
988 3223 1019 3284 δὲ
1040 3231 1090 3302 τῆς
1121 3225 1225 3286 ἐκείνου
1258 3227 1397 3298 νουθεσίας

88 3343 139 3403 καὶ
164 3346 278 3422 γνῶμης
301 3342 417 3420 εἰχόμην
440 3343 486 3404 καί
510 3341 571 3404 οὔτε
595 3346 700 3418 έκεῑνος
721 3351 775 3406 τῶν
799 3343 841 3406 ἐπ’
855 3345 907 3420 ἐμέ
931 3346 1051 3406 ἐλπίδων
1074 3347 1231 3428 διήμαρτεν,
1257 3347 1318 3410 οίπε
1341 3349 1396 3424 μήν

91 3466 189 3544 ἔγωγε
212 3465 358 3543 ἀπέτυχον,
381 3467 472 3545 ῶσπερ
496 3463 541 3524 έπὶ
556 3455 611 3544 θεῷ
625 3468 743 3527 πέποιθα
758 3471 811 3526 τῶν
828 3465 933 3528 ἐκείνου
949 3467 1034 3547 ἁγίων
1058 3470 1156 3548 εῦχῶν,
1180 3469 1214 3528 δι’
1228 3465 1265 3530 ῶν
1282 3471 1335 3542 ἕως
1350 3473 1397 3530 τοῦ

89 3591 137 3646 νῦν
162 3587 373 3666 συντηροόμεθα,
398 3585 438 3658 εἰς
462 3586 578 3648 ἐπίδοσιν
602 3587 713 3662 μάλλον
738 3589 856 3649 έσπευοο
877 3588 1033 3670 προελθεῖν,
1057 3589 1169 3672 εθδοκίᾳ
1191 3591 1265 3671 θεοῦ,
1288 3592 1337 3668 τήν
1352 3591 1395 3652 ὑπ’

92 3707 148 3783 ἐμὲ
171 3707 323 3784 σεβασμίου
346 3712 441 3784 μονήν.

197 3827 235 3908 γ’.
261 3831 341 3890 Ἀλλ’
354 3830 504 3908 ἀναγκαῖον
536 3831 570 3906 δὴ
601 3832 762 3910 ἐπισυνάψαι
785 3839 818 3914 τῇ
850 3834 974 3913 διηγήσει
996 3835 1031 3894 τά
1053 3835 1123 3910 μετὰ
1145 3837 1195 3912 τήν
1217 3842 1264 3897 τοῦ
1295 3839 1397 3918 πατρός

92 3950 219 4027 κοίμησιν
250 3949 297 4012 καὶ
328 3953 403 4024 όπως
431 3947 508 4024 αὖθις
538 3953 566 4011 ἐν
596 3952 682 4031 στενῷ
712 3955 838 4032 περιέστη
866 3955 899 4014 τὰ
927 3961 976 4031 τής
1005 3961 1093 4034 μονῆς
1119 3955 1166 4016 καί
1192 3950 1252 4018 οἷον
1282 3957 1311 4017 ἐν
1341 3961 1397 4029 τοῖς

92 4073 206 4151 ἀπόροις
229 4074 313 4154 πόρον
337 4074 352 4132 ό
374 4075 437 4145 θεός
459 4075 524 4149 ἡμῖν
549 4075 720 4154 ἐδωρήσατο·
746 4075 825 4136 αὺτοῦ
840 4075 894 4154 γάρ
918 4077 988 4136 ἐστιν
1010 4081 1029 4152 ἠ
1050 4078 1172 4156 ἀψευδὴς
1195 4079 1287 4155 ἐκείνη
1310 4082 1396 4159 φωνή,

92 4195 110 4268 ή
134 4194 226 4271 φησίν·
252 4195 304 4273 „ob
319 4197 358 4269 μή
374 4215 405 4254 σε
422 4194 488 4272 ἀνῶ,
513 4194 569 4254 οὔδ’
583 4197 613 4256 οῦ
634 4197 672 4270 μή
688 4216 720 4255 σε
742 4195 967 4274 ἐγκατολείψωίί.
999 4193 1082 4280 ἧςτῄ
1104 4199 1195 4259 ἐλπίδι
1219 4200 1396 4275 μετήλθομεν

94 4311 133 4385 εἰς
155 4315 300 4392 ἀναψυχὴν
323 4315 376 4376 ἀπό
399 4321 449 4390 τῆς
478 4315 590 4393 πολλῆς
620 4316 769 4397 ὀλιγωρίας
792 4315 839 4378 καὶ
861 4317 1029 4399 καταιγίδος,
1059 4323 1093 4395 ήν
1116 4321 1180 4396 ἡμῖν
1203 4322 1220 4395 ἡ
1243 4327 1298 4380 τῶν
1320 4323 1394 4398 ἡμε-

93 4435 178 4514 τέρων
202 4437 407 4515 ἁμαρτημάτων
430 4437 536 4512 πληθὺς
558 4435 725 4517 προεξένησε
749 4433 793 4498 διά
815 4441 844 4498 τό
868 4438 989 4522 ἀομβρία
1012 4444 1216 4520 κατασχεθῆναι
1239 4442 1287 4518 τήν
1310 4448 1394 4518 νῆσον

198 4695 218 4758 ¹)
237 4691 402 4761 προσερρίσας
421 4695 452 4746 Ε.
529 4697 549 4762 ²)
568 4690 657 4764 ίίγυντα
675 4697 705 4750 Ε.
