3166 5298
261 357 324 423 120

258 551 297 622 εἰς
326 553 356 612 vt
386 551 512 626 δηλωθὲν
538 550 657 630 ἀγρίδιον
679 551 813 625 ποσότητα
836 558 888 607 τῶν
911 547 938 607 λ’
963 549 1128 628 ὑπερεώρων,
1152 545 1198 607 καὶ
1221 543 1399 623 σίκονόμησον
1430 546 1573 622 κατέχει

257 671 304 732 καί
327 671 465 743 δεσπόζειν
489 674 569 748 αὐτὴν
594 672 627 747 δὴ
650 673 698 746 τὴν
721 674 858 747 ποσότητα
881 670 927 730 διὰ
940 670 988 746 τὴν
1003 669 1148 751 περίληψιν
1163 667 1210 729 καὶ
1225 667 1300 748 ἰσχὺν
1314 671 1362 728 τοῦ
1377 668 1573 748 ἑπτχορηγηί

259 794 351 865 θέντος
375 815 451 876 αντη,
475 794 513 864 ὡς
537 791 701 874 δεδήλωται,
724 793 929 872 χροσοβοθλλσυ
951 797 1000 868 τῆς
1016 791 1158 866 βασιλείας
1178 813 1239 872 μου,
1261 793 1329 872 πρός
1344 789 1375 850 δὲ
1391 789 1448 848 τόν
1471 789 1573 864 διηλον

257 917 338 976 θέντα
361 916 456 975 σεπτόν
479 915 604 993 Μαρτῖνα
626 914 807 994 παραδώσεις,
838 914 930 986 καθὼς
953 913 1066 994 εἴρηται,
1098 913 1150 974 ἀπό
1172 919 1221 990 τῆς
1244 911 1371 992 ῥηθείσης
1394 909 1573 986 οἰκονομία

257 1041 303 1098 τοῦ
327 1036 463 1112 Ῥωμαίου
486 1036 591 1096 ἐκείνου
613 1043 663 1112 τῆς
684 1041 737 1096 τῶν
761 1037 895 1116 ῥηθέντων
918 1032 945 1096 λ’
969 1035 1124 1116 ὑπεραίρων
1146 1025 1304 1114 ποσότητος,
1336 1035 1398 1094 δθεν
1422 1032 1490 1094 καὶ
1522 1033 1573 1092 ἐπε

258 1159 302 1219 διὰ
324 1161 372 1232 τὴν
393 1160 474 1234 τιμὴν
496 1157 543 1218 καί
564 1161 594 1217 τό
617 1158 786 1218 ἀκατάλυτον
809 1161 855 1217 τοῦ
870 1158 1021 1238 προβάντος
1043 1157 1248 1238 χρυσοβοθλλον
1270 1162 1320 1234 τῆς
1340 1156 1509 1226 βασιλείας
1530 1173 1573 1228 μοί

258 1282 422 1363 τῇτοιαθτη
445 1286 515 1363 μονῇ
538 1279 615 1340 οὐδὲν
640 1281 699 1358 ἔχει
722 1279 842 1354 δυνατόν,
865 1279 908 1340 ἵνα
931 1280 1018 1356 μηδὲν
1040 1280 1093 1361 ἔχῃ
1116 1279 1164 1353 τὴν
1187 1277 1332 1359 εἰρημένην
1354 1280 1519 1354 ποσότητα
1543 1275 1573 1348 εἰη

258 1405 288 1463 τό
312 1401 438 1478 δηλωθὲν
462 1400 592 1482 ἀγρίδιον,
616 1399 638 1460 εἰ
663 1403 701 1477 μὴ
724 1401 801 1461 θέλει
823 1400 870 1460 καί
891 1403 1058 1480 προαιρεῖται
1081 1403 1095 1460 ό
1117 1404 1235 1472 τοιοῦτος
1258 1401 1405 1480 Μαρτῖνος,
1429 1401 1491 1460 ἵνα
1521 1397 1573 1458 ἀντ

258 1525 350 1584 τούτου
381 1521 492 1600 δέξηται
521 1524 570 1596 τὴν
594 1523 720 1604 ῥηθεῖσαν
750 1525 888 1598 ποσότητα
920 1522 972 1582 ἀπό
1001 1529 1050 1599 τῆς
1072 1521 1228 1598 οἰκονομίας
1249 1525 1295 1581 τοῦ
1318 1520 1481 1601 Ῥωμαίου,
1521 1519 1573 1596 ἤδη

258 1645 364 1726 καλῶς,
388 1642 412 1704 εἰ
435 1643 460 1704 δ’
473 1641 529 1724 οὖν,
552 1645 584 1704 σὺ
607 1643 657 1720 μέν
680 1644 800 1724 όρείλεις
823 1643 968 1704 ἀποδοῦναι
992 1646 1059 1724 πρός
1080 1644 1128 1719 τὴν
1144 1643 1322 1719 ’δηλωθεῖσαν
1345 1643 1432 1717 μονὴν
1454 1645 1519 1718 τὴν
1538 1640 1573 1714 εἰς

259 1768 289 1827 τδ
312 1765 437 1843 δηλωθὲν
459 1761 580 1847 ἀγρίδιον
602 1769 738 1842 ποσότητα
759 1773 812 1842 τῶν
835 1765 863 1826 λ’
880 1767 1045 1847 ὑπερπόρων,
1069 1767 1106 1837 ὡς
1130 1765 1274 1846 διορίζεται
1295 1763 1488 1841 ἠβαστιλεία
1509 1787 1573 1842 μου,

259 1890 339 1962 αὑτός
362 1887 393 1949 δὲ
416 1889 430 1948 ό
453 1886 589 1964 δηλωθεὶς
612 1890 708 1960 σεπτός
723 1889 871 1968 Μαρτῖνος,
895 1887 942 1948 έόιν
965 1889 1034 1948 οθτω
1057 1887 1103 1948 etv
1126 1887 1196 1969 θέλῃ
1219 1884 1401 1959 ἀναδέξασθαι
1425 1888 1485 1962 τὴν
1511 1907 1573 1946 τετε

260 2012 349 2086 σίντην·
362 2011 507 2087 ποσότητα,
531 2010 633 2086 μέλλει
656 2011 805 2090 στερεῖσθαι
825 2011 937 2086 ταύτην·
961 2013 1037 2070 τοῦτο
1061 2009 1091 2070 δὲ
1113 2012 1144 2070 τό
1164 2010 1274 2085 θέλημα
1295 2007 1342 2068 καί
1358 2003 1425 2094 [τόν]
1443 2009 1573 2088 ὁρισμόν

258 2139 306 2208 τῆς
334 2131 476 2208 βασιλείας
504 2152 555 2206 μου
582 2131 628 2192 καὶ
652 2121 851 2212 ἀποπλήρωσον
874 2131 1067 2212 ἀννπερθέτως,
1099 2133 1161 2192 όσον
1185 2130 1328 2210 διορίζεταί
1349 2151 1391 2190 σοι
1412 2132 1443 2191 τό
1472 2133 1573 2210 πρόσ-

258 2274 360 2333 ταγμα,
391 2256 406 2313 ό
433 2251 480 2314 καὶ
507 2253 678 2333 ἀντίστρεψον
706 2252 750 2314 ἐπὶ
776 2253 815 2333 τῷ
840 2258 978 2334 προσεῖναι
1004 2261 1037 2336 τῇ
1061 2253 1216 2336 δηλωθείση
1245 2261 1314 2336 μονῇ
1343 2253 1388 2314 διὰ
1414 2255 1468 2330 τὴν
1502 2251 1570 2332 περί

260 2377 352 2435 τούτου
375 2374 573 2453 ἀνενοχλησίαν
597 2377 679 2452 οάτῖης
700 2375 747 2436 καί
770 2375 920 2455 ἀσφάλειαν
942 2381 966 2453 †.

364 2492 475 2575 ηΕίχε
490 2496 545 2556 καί
561 2495 755 2579 δι’ἐρυθρῶν
770 2501 975 2588 γραμμάτων
989 2505 1047 2575 τῆς
1063 2499 1240 2575 βασιλικῆς
1256 2499 1310 2558 καὶ
1326 2498 1420 2572 θείας
1435 2499 1567 2577 χειρός

260 2621 307 2678 τό·
333 2620 498 2696 Στέφανος
521 2618 690 2700 βασιλεὺς,
715 2621 925 2702 αθτοκρσίτωρ
941 2619 1083 2701 Σερβίας
1105 2620 1160 2680 καὶ
1178 2620 1372 2699 Ῥωμανίας,
1397 2617 1476 2696 μηνὶ
1502 2620 1563 2678 δε-

261 2739 410 2818 κεμβρίω
433 2739 456 2799 θ’
481 2744 506 2815 β.

365 2869 508 2922 Ιοαιιιιίιίοο
525 2869 574 2921 Nr.
597 2871 620 2922 7.

561 3173 673 3239 XXII.
698 3173 774 3238 Sine
797 3197 890 3258 anno,
915 3175 943 3240 8.
969 3177 1087 3242 mensis
1109 3179 1247 3260 augusti.

265 3355 323 3410 Rex
338 3354 491 3428 Stephanus
509 3356 605 3410 Dutan
626 3358 704 3411 tertio
722 3359 816 3412 σοτιδόί
835 3360 867 3412 de
886 3359 1052 3413 restitutione
1072 3361 1135 3431 ομιτ·
1149 3361 1216 3413 dicti
1231 3359 1388 3429 Μσιιοερόόσ
1403 3359 1442 3413 ad
1460 3375 1553 3411 mona·

846 3465 966 3517 sterium.

576 3664 776 3745 Πρόσταγμα
800 3665 848 3737 εἰς
869 3667 927 3740 τὴν
950 3668 1048 3741 αθτίην
1071 3667 1233 3728 ὑπόθεσιν.

363 3837 575 3928 ἠΣνμπένθερε
602 3844 651 3914 της
675 3838 820 3914 βασιλείας
847 3859 907 3920 μου,
937 3841 1160 3920 πρωτοσπαθοίριε
1188 3845 1237 3921 κῦρ
1262 3841 1415 3919 Ἀνδρόνικε
1438 3843 1546 3901 Καντα-

261 3960 383 4034 κουζηνέ.
423 3958 667 4038 όθεσριλέστατος
691 3954 836 4033 ἐπίσκοπος
851 3962 956 4039 Ζιχνιῖιν
980 3962 1107 4042 ἀνέφερεν
1132 3960 1169 4034 εἰς
1191 3965 1238 4038 τὴν
1262 3963 1403 4038 βασιλείαν
1427 3983 1487 4041 μου,
1511 3963 1544 4030 ὡς
1572 3975 1573 3980 ’

195 4053 197 4061 ¹
260 4081 277 4154 ἡ
301 4080 503 4140 ἀποκαθιστᾶσα
530 4080 666 4158 σεβασμία
694 4083 762 4157 μοι”η
789 4085 807 4158 ἡ
835 4081 875 4154 εἰς
898 4083 984 4158 όνσμα
1005 4086 1145 4160 τιμωμένη
1168 4089 1213 4144 τοῦ
1235 4085 1323 4160 τιμίου
1347 4082 1457 4157 ἐνδόξου
1479 4104 1543 4163 προ·

260 4203 342 4280 ρήτσυ
366 4203 525 4282 ΙΙροδρόμον
548 4202 594 4263 καί
615 4205 763 4264 Βαπτιστοῦ
779 4205 905 4264 Ἰωσίννου
926 4203 973 4265 καί
997 4205 1201 4282 ἐπικεκλημένη
1224 4211 1269 4266 τοῖν
1287 4208 1447 4279 Μενοικέως
1471 4209 1541 4284 εῖερ-

259 4324 362 4402 γεπηθη
386 4323 430 4384 διά
451 4324 657 4406 χρυσσβοόλλσυ
679 4331 725 4386 τοῦ
748 4325 825 4406 ἁγίου
848 4347 899 4403 μου
922 4329 1047 4388 αἰθέντου
1070 4326 1116 4388 καὶ
1138 4327 1286 4409 βασιλέως,
1309 4332 1355 4388 τοῦ
1377 4331 1484 4390 πάππου
1499 4331 1541 4400 τῆς

261 4427 406 4519 βασιλείας
428 4466 480 4520 μου
505 4495 510 4506 .
537 4495 543 4508 .
568 4493 575 4508 .
600 4443 653 4532 [τό]
679 4447 740 4528 περὶ
769 4450 850 4522 αθτὴν
877 4450 925 4523 τὴν
949 4449 1118 4525 δηλωθεῖσοιν
1143 4449 1176 4526 δὴ
1201 4451 1286 4532 μονὴν
1310 4449 1431 4532 ἀγρίδισν
1455 4453 1539 4511 Μονό-

261 4586 359 4642 σπητσν
388 4567 589 4644 όνομαζόμενον
616 4569 687 4628 κατὰ
713 4571 762 4644 την
789 4572 925 4647 ποσότητα
955 4573 1111 4652 θπερπόρων
1134 4569 1172 4654 λ’,
1207 4574 1222 4632 ό
1248 4573 1282 4648 δὴ
1312 4573 1471 4650 ἀπεσπάσθη
1495 4574 1538 4652 πρό

259 4690 364 4768 χρόνων
394 4689 468 4768 παρὰ
494 4695 539 4749 τοῦ
567 4691 728 4764 δσμεστίκου
751 4688 887 4772 Γεωργίου
914 4696 959 4753 τοῦ
982 4694 1138 4774 Στρατηγοό
1167 4695 1219 4754 ἀπό
1246 4701 1296 4771 τῆς
1324 4694 1477 4771 οἰκονομίας
1501 4701 1538 4754 τον
