3208 5310
1342 343 1359 405 ί

61 533 216 605 τενρετικῶν
245 533 410 604 μετακινεῖν
434 531 526 602 αύτούς
548 535 566 605 ὴ
590 533 718 606 μεθιστᾱν
734 531 787 591 ἀπο
802 537 848 592 τού
864 535 1031 605 τυπωθέντος
1046 534 1195 609 ἀπλήκτου.
1220 533 1264 594 ἐπὶ
1277 536 1362 614 τούτῳ

59 650 102 730 γάρ
122 649 169 708 καί
191 653 226 709 τ“ο
252 655 348 733 παρὀν
369 653 575 732 χρυσόβουλλον
599 652 732 732 σιγιλλιον
748 653 793 713 διά
807 655 993 736 κινναβάρεως
1008 655 1198 732 ύποοημανθὲν
1213 654 1260 715 καί
1274 662 1361 736 χρυσῇ

59 773 155 853 βάλλῃ
177 774 325 834 πιστευθὲν
350 774 469 849 ἐπεδόθη
492 775 581 847 αύτοίς
604 773 681 850 μηνί
704 771 816 854 ἰουνίῳ
840 773 899 836 ἰνθ.
923 779 1054 857 πρώτης
1077 781 1102 851 ή.

307 1013 349 1078 V.
374 1013 618 1101 (6560-1051)
642 1037 752 1080 mense
777 1015 944 1080 decembri
967 1015 1033 1080 ind.
1057 1015 1115 1080 IV.

67 1179 215 1246 Imperator
234 1181 434 1234 Constantinus
450 1180 644 1234 Μυιιοιιιασίιυο
659 1181 743 1234 domi
758 1181 919 1235 monasterio
934 1181 1034 1251 υίφίιιίί
1047 1187 1176 1252 quattuor
1191 1181 1345 1251 ίιιηιιίίίαοο.

57 1345 229 1422 Σιγίλλιον
250 1351 312 1406 τού
334 1349 429 1406 αὺτοῦ
444 1348 478 1406 ἐν
497 1348 584 1426 τύπῳ
599 1345 655 1406 καὶ
670 1348 739 1406 κατ’
756 1345 892 1429 ύνομαί)
904 1345 979 1428 περὶ
994 1353 1056 1406 τῶν
1073 1345 1359 1428 εἰκοσιτεσσάρων

616 1464 796 1548 παροίκων.

150 1627 166 1696 ή
191 1621 279 1682 Ἐπεὶ
304 1622 351 1683 καὶ
373 1625 391 1699 ἡ
408 1623 536 1698 βασιλεία
556 1646 607 1700 μου
624 1621 809 1706 ἐπικυρῶσαί)
824 1619 918 1704 πρῴην
939 1624 984 1684 διά
998 1623 1205 1704 χρυσσβούλλου
1221 1619 1359 1702 σιγιλλίου

59 1743 130 1817 α’ντης
156 1745 208 1818 τὴν
234 1741 400 1804 δεσποτείαν
421 1751 469 1806 τού
490 1749 629 1822 κτήματος
650 1751 703 1806 τῶν
727 1747 911 1820 Καλοθηκίων
933 1750 980 1805 τού
1001 1751 1035 1826 τῇ
1060 1745 1088 1804 ἐν
1111 1745 1171 1823 Χίῳ
1194 1745 1256 1828 Νέᾳ
1278 1747 1359 1827 Μονή

60 1871 99 1938 της
119 1865 280 1946 ύπεραγίας
304 1868 432 1927 θεοτόκου
455 1869 629 1948 διαφέροντος
652 1868 810 1948 ἐδωρήσατο
834 1868 900 1949 αὐτῄ
917 1865 962 1926 καὶ
979 1867 1087 1945 ἑτέρους
1101 1867 1248 1946 παροίκους
1265 1865 1359 1928 εἰκοσι-

59 1987 182 2067 τέσσαρας
205 1990 257 2048 τδν
285 1989 408 2069 ἀριθμόν,
430 1990 524 2061 καθὼς
546 1991 561 2049 δ
584 1987 646 2070 περὶ
669 1989 756 2050 αύτών
778 1989 989 2070 χρυσόβουλλος
1010 1989 1097 2068 λόγος
1118 1991 1287 2068 τρανιύτερον
1304 1987 1358 2048 δια-

61 2113 136 2188 σαφεῖἾ
159 2111 344 2186 ἠδυνήθησαν
367 2110 398 2170 δὲ
421 2111 445 2169 σί
462 2109 580 2188 μοναχοὶ
601 2116 651 2185 τῆς
674 2111 848 2186 δηλωθείσης
871 2116 957 2186 μονίης
981 2109 1099 2191 ἐφευρεῖν
1122 2109 1264 2181 τοσούτους
1284 2131 1358 2189 παρ-

62 2229 139 2300 οίκους
166 2231 285 2303 ἀτελεῖς
313 2229 360 2290 καί
387 2232 621 2310 ἀπηλλαγμένους
647 2231 728 2304 ὄντας
754 2231 855 2303 παντός
882 2230 981 2311 βάρους
1007 2229 1054 2292 καί
1082 2234 1271 2310 στρατιωτικοῦ
1293 2229 1356 2291 λει-

62 2356 255 2432 τουργήματος,
281 2353 340 2412 δεῖν
364 2351 511 2433 ἐλογίσατο
533 2355 551 2428 ἠ
575 2352 703 2428 βασιλεία
723 2375 775 2428 μου
797 2352 836 2430 τῷ
857 2355 969 2433 παρόντι
992 2351 1119 2431 σιγιλλίῳ
1142 2352 1191 2424 τὰς
1211 2351 1360 2426 ὀνομασίας

64 2475 138 2532 αἰτῶν
161 2475 340 2554 ἐγγραφῆναι
362 2474 408 2533 καὶ
430 2476 461 2534 τὀ
485 2474 608 2554 ἀσφαλὲς
630 2480 663 2556 τῇ
687 2480 757 2556 μονῇ
781 2473 826 2534 διά
841 2478 918 2534 τούτο
941 2475 1180 2555 ἐπιβραβευθῆναι.
1205 2474 1230 2532 οἱ
1253 2472 1284 2532 δὲ
1300 2495 1357 2532 τοι-

65 2600 123 2654 οῦτοι
144 2599 277 2678 πάροικοι
299 2595 347 2656 καί
368 2595 407 2674 τῷ
429 2599 547 2672 κτήματι
569 2602 622 2656 τῶν
638 2596 823 2673 Καλοθηκίων
837 2600 1016 2678 προσμενούσι
1031 2594 1078 2656 καί
1096 2596 1255 2676 ἐλευθερίας
1269 2599 1360 2670 πάσης

64 2717 102 2773 καί
123 2715 304 2788 ἐξασυσσείας
327 2716 367 2788 εἰς
382 2719 412 2777 τ“ο
435 2717 560 2793 διηνεκὲς
583 2719 767 2778 ἀπολαύσουσι
783 2716 829 2777 καὶ
845 2717 973 2794 οῑιδεμίαν
990 2717 1105 2795 ύρλησιν
1121 2715 1169 2777 καὶ
1183 2718 1358 2792 καινοτομίαν

64 2839 105 2896 ἀπὸ
124 2860 194 2910 τινος
218 2839 415 2912 ἀποστήσονται
438 2837 485 2898 καὶ
510 2838 613 2898 ἐκεῖθεν
636 2842 863 2920 μεταστήσονται,
893 2837 916 2899 εί
940 2841 979 2915 μή
1001 2858 1053 2898 που
1074 2838 1156 2915 τυχόν
1181 2838 1302 2918 εὑρεθείη
1319 2859 1359 2910 τις
1432 2825 1434 2830 ¹

66 2957 236 3034 δημοσιοινοίς
259 2981 327 3021 τισιν
349 2961 530 3036 ὑποκείμενος
552 2961 796 3041 λειτουργήμασιν·
820 2961 903 3041 όγάρ
919 2961 1004 3030 ούτως
1020 2961 1094 3038 ἔχειν
1111 2959 1359 3038 διαγινωσκόμενος

67 3080 181 3155 οὐδεμίαν
210 3083 305 3142 ἀνεσιν
332 3087 350 3156 ἢ
374 3083 502 3158 βοήθειαν
526 3081 583 3155 ἔξει
606 3083 658 3142 ἀπό
681 3083 760 3142 τοῦδε
782 3087 828 3142 τού
851 3081 998 3161 σιγιλλίσυ,
1026 3080 1103 3140 ἀλλά
1124 3083 1192 3160 πρός
1213 3081 1248 3139 τὰ
1270 3079 1358 3140 οίκεῑοι

67 3200 127 3280 βάρη
153 3203 429 3284 ἑπαιανληθήσεται·
452 3205 523 3263 κατὰ
551 3204 582 3264 δὲ
608 3205 654 3264 τόν
681 3183 775 3284 καιρόν
799 3209 848 3278 τῆς
876 3205 1045 3282 ἀναγραφῆς,
1075 3202 1287 3282 ἐμφανιζομὲνου
1310 3205 1357 3260 τοῦ

67 3324 187 3402 παρόντος
209 3324 352 3402 αιγιλλίου
373 3330 422 3400 τῆς
446 3323 591 3400 βασιλείας
614 3347 665 3401 μου
689 3371 746 3386 ...
771 3323 817 3384 καὶ
840 3321 901 3384 κατ’
918 3323 1005 3399 ύνομα
1027 3325 1126 3383 τούτων
1150 3323 1195 3383 διά
1216 3325 1263 3384 τού
1286 3323 1356 3382 ἀνα-

67 3447 181 3522 γραρέως
203 3453 239 3529 τῇ
263 3453 336 3528 μονῇ
358 3447 617 3526 τροσεπιδοθήσεται
641 3445 679 3518 εἰς
702 3445 805 3506 οἰκείαν
829 3443 989 3525 ἀσφάλειαν.

160 3569 199 3627 To
223 3569 256 3628 δὲ
279 3574 333 3628 τῶν
356 3570 482 3628 τοιούτων
503 3567 641 3648 παροίκων
663 3570 732 3647 προς
746 3569 834 3643 ὄνομα
843 3566 867 3650 ³)
882 3573 936 3626 τῶν
953 3568 982 3626 ἐν
997 3566 1035 3646 τῷ
1051 3567 1157 3646 ῥηθέντι
1168 3568 1356 3647 προσκαθεζο-

70 3689 145 3758 μένων
167 3693 288 3765 κτήματι
310 3696 364 3750 τῶν
386 3688 573 3766 Καλοθηκίων
597 3691 666 3748 ἔστιν
689 3689 787 3760 ούτως·
816 3688 964 3761 Εύστάθιος
986 3691 1001 3748 ὁ
1024 3689 1188 3769 Βουρκανός,
1216 3687 1358 3760 Νικόλαος

71 3808 81 3863 ό
95 3809 252 3892 Παργιανός,
270 3811 402 3886 Ἰωάννης
417 3815 433 3870 ό
449 3809 626 3892 Ξυλοσελάς,
643 3812 723 3870 Λέων
739 3811 754 3870 ὁ
769 3811 961 3890 Καμιλαίλάς,
978 3809 1120 3881 Νικόλαος
1135 3810 1356 3892 Ἀοπρομμάτης,

71 3924 185 4008 Ἰωάννης
214 3933 398 4014 πρεσβύτερος
424 3934 439 3992 ό
462 3933 608 4014 Στρούλσς,
639 3933 776 4011 Γεώργιος
802 3935 817 3990 ό
841 3931 1021 4010 Καλαφάτης,
1051 3931 1168 4007 Μόσχος
1194 3931 1209 3988 θ
1231 3931 1358 4010 γαμβρός

72 4050 147 4130 αυτοῦ,
168 4055 320 4130 όΛιβανδς
342 4059 388 4114 τού
404 4055 604 4134 Ἀνηφαντάρη,
629 4053 762 4128 Ἰωάννης
784 4053 954 4131 όΚολάτος,
977 4052 997 4110 Γ
999 4052 1115 4132 ειύργιος
1137 4051 1357 4130 ὁΠαντοκρατο·

73 4175 137 4248 ρινός,
153 4175 291 4256 Γειύργιος
306 4176 321 4233 ό
337 4175 457 4254 Λούλος,
474 4175 494 4234 Γ
496 4178 611 4255 εύργιος
626 4177 641 4234 ό
657 4175 816 4256 Ψωριανός,
833 4175 848 4232 θ
863 4171 1061 4252 Μαζάγρελος,
1077 4171 1219 4244 Νικόλαος
1235 4171 1356 4252 ὁΣαρα-

74 4297 237 4376 ιηνόπουλος,
270 4297 433 4374 Πασχάλιος
455 4297 469 4354 δ
491 4296 647 4375 Κάνταλος,
671 4297 771 4371 Μηνᾶς
793 4296 809 4355 ό
831 4296 1011 4373 Σεληνιακός,
1035 4295 1171 4372 Γεύργιος
1193 4295 1208 4351 ό
1232 4294 1357 4374 Μακρός,

73 4413 276 4498 όίίολυπέτζης,
300 4413 447 4490 Βασίλειος
469 4417 697 4499 όΘεοχάριστος,
722 4419 853 4492 Ἰωάννης
868 4418 882 4476 ό
898 4417 1053 4496 Κρατηρός,
1070 4415 1216 4496 Θεόδωρος
1236 4413 1355 4474 όΓλαυ-

160 4583 179 4648 ¹)
200 4583 364 4634 Emendavit
388 4583 449 4633 sak.
474 4597 520 4633 οτι
547 4581 598 4632 κατ’
613 4577 738 4649 ὀνόματος.
846 4581 866 4645 ²)
886 4578 1033 4648 ἐπικυρούσα
1056 4578 1118 4629 Sak.
1226 4579 1247 4642 ³)
1267 4579 1356 4628 Locus

76 4687 199 4740 suspectus.
