3222 5284
1332 341 1394 406 311

65 517 120 578 καὶ
148 529 219 584 τῶν
244 529 378 606 ψνχικῶν,
401 531 419 602 ῆ
436 525 470 588 δι’
481 522 627 608 ὑπεροψίαν
643 531 661 602 ῆ
677 531 874 608 καταφρόνησιν
889 533 907 605 ῆ
923 529 1122 611 δημοεγερσίαν
1137 533 1219 592 λυπεῖ
1232 535 1278 594 τδν
1293 534 1400 614 κληρο-

64 641 166 718 νόμον
196 667 269 720 μου·
292 651 353 708 τότε
375 649 429 729 γὰρ
453 648 575 728 σφοδρῶς
599 649 817 728 ἐκδιωχθήσεται
838 651 914 732 παρὰ
928 657 974 712 τοῦ
995 653 1169 733 κληρονόμου
1190 676 1251 730 μου.
1284 654 1306 714 εἰ
1324 655 1400 716 δὲέν

67 769 200 844 μικροῖς
224 767 275 829 καὶ
297 769 432 841 ἀκονσίοις
459 771 615 850 σφάλμασιν
642 771 795 853 ὑτοπτευθῆ
817 771 863 832 καὶ
886 774 995 848 έτσιμός
1018 773 1074 834 ἐστι
1096 775 1236 855 διόρθωσιν
1266 773 1398 864 [ποιῆσαι]

68 887 154 960 μετὰ
181 891 218 948 τδ
242 890 318 970 παρὰ
340 895 386 951 τοῦ
417 892 594 972 κληρονόμου
617 913 669 966 μου
691 891 737 952 καὶ
759 898 813 952 τῶν
835 893 987 974 προκρίτων
1011 904 1141 974 μοναχῶν
1164 899 1358 974 νουθετηθῆναι
1381 903 1399 975 ῆ

68 1007 124 1066 καὶ
153 1010 351 1092 ἐλεγχθῆναι,
374 1013 419 1073 ἵνα
439 1015 477 1089 μὴ
495 1011 670 1094 έκδιώκηται,
693 1017 761 1094 προς
777 1015 915 1094 διόρθωσιν
932 1015 1042 1094 δηλαδὴ
1058 1019 1167 1097 θερμῶς
1183 1019 1398 1094 διανιστάμενος.

418 1220 460 1298 ς’.
486 1221 566 1303 Περὶ
588 1228 643 1283 τοῦ
666 1223 805 1303 ἀριθμοῦ
827 1228 889 1284 τῶν
912 1230 1079 1302 μοναχῶν.

142 1369 146 1374 ’
201 1378 327 1456 Ἀριθμδν
359 1377 391 1438 δὲ
412 1379 459 1438 τόν
483 1380 568 1460 ἐντῆ
595 1381 704 1460 τοιαύτῃ
728 1400 779 1454 μου
802 1385 872 1462 μονῇ
896 1385 1027 1458 μσναχῶν
1049 1385 1123 1440 τυπῶ
1145 1378 1192 1440 καὶ
1214 1387 1331 1461 περιστῶ
1353 1382 1398 1440 τὀν

75 1496 227 1580 ἕβδομον,
261 1497 284 1560 εἰ
312 1497 359 1560 καί
380 1503 424 1558 νῦν
449 1499 494 1560 διό
517 1499 565 1574 τἠν
596 1502 722 1560 στένωσιν
744 1505 798 1559 τῶν
827 1503 997 1581 πραγμάτων
1025 1503 1106 1562 πέντε
1129 1503 1228 1576 μόνους
1250 1499 1397 1583 κατέταξα,

77 1620 122 1692 ὡς
146 1623 293 1702 παρθένον
316 1619 363 1682 καὶ
385 1621 472 1697 τίμιον
494 1619 542 1682 καὶ
564 1623 707 1702 πρόκριτον
729 1622 919 1702 λογιζόμενον,
942 1623 1005 1682 καθ’
1019 1625 1048 1682 όν
1070 1621 1118 1682 καὶ
1140 1623 1165 1682 σί
1188 1621 1285 1695 αἰῶνες
1309 1625 1397 1701 ἐτάχ-

76 1743 190 1822 θησαν,
213 1741 262 1803 καί
285 1745 316 1802 τδ
337 1749 391 1803 τῶν
414 1742 577 1819 ἑβδομάδων
601 1745 710 1825 μέτρον,
733 1743 780 1804 καὶ
803 1746 818 1802 ό
837 1749 891 1803 τῶν
908 1743 1026 1825 ἀστέρων
1043 1744 1144 1825 δρόμος
1161 1745 1193 1804 ἐκ
1208 1751 1257 1822 τῆς
1273 1751 1319 1806 τοῦ
1335 1747 1397 1806 θεοῦ

80 1865 329 1942 μεγαλοδυνάμσυ
351 1863 539 1944 προστάξεως·
564 1866 706 1944 ἀγαπητός
727 1865 782 1946 γὰρ
805 1859 882 1937 οὗτος
904 1866 919 1924 ό
942 1865 1056 1946 άριθμδς
1078 1864 1124 1925 καὶ
1147 1867 1274 1940 μυστικδς
1296 1869 1352 1938 τοῖς
1367 1887 1397 1926 τε

79 1986 226 2059 παλαιοῖς
249 1985 374 2058 καὶτοῖς
396 1989 477 2066 νέοις,
501 1987 574 2046 καθὰ
596 1987 741 2066 παρθένος,
765 1987 804 2058 ὡς
825 1985 1044 2066 προδιείληπται,
1069 1986 1113 2046 διὰ
1135 1987 1166 2046 τό
1190 1987 1265 2057 ἐντός
1280 1993 1330 2063 τῆς
1347 1988 1395 2048 δε-

81 2106 181 2180 κάδος
205 2110 289 2183 μόνον
313 2109 392 2168 αῦτδν
416 2111 485 2184 μήτε
508 2113 607 2187 γεννῶν
631 2109 700 2184 μήτε
723 2109 876 2186 γεννᾶσθαι.
908 2107 969 2167 όθεν
992 2105 1039 2167 καὶ
1061 2107 1129 2187 πρός
1150 2108 1199 2182 τῆν
1223 2105 1303 2186 ἁγίαν
1322 2129 1396 2189 παρ-

85 2230 173 2289 θένον
195 2228 244 2289 καὶ
268 2232 396 2290 θεοτόκον
429 2229 473 2289 διὰ
495 2232 572 2289 τοῦτο
595 2229 707 2304 κομίσαι
728 2230 763 2289 τὰ
786 2230 938 2308 εὐαγγέλια
960 2229 1089 2304 πείθομαι
1111 2230 1156 2290 τδν
1180 2229 1396 2310 ἀρχιστράτηγον

86 2351 232 2432 Γαβριήλ,
256 2352 296 2423 ὡς
316 2351 390 2430 παρά
413 2352 475 2422 τοὺς
498 2352 604 2422 ἄλλους
627 2352 655 2410 ἐν
677 2348 716 2430 τῷ
738 2349 797 2430 ἰδίῳ
813 2351 924 2426 όνόμοιτι
938 2353 984 2410 τδν
1000 2351 1183 2426 έβδοματικδν
1199 2351 1311 2430 ἀριθμόν
1325 2353 1396 2411 ἀπο-

87 2475 232 2543 οῶζοντα·
263 2470 311 2533 καί
338 2473 488 2552 διορίζομαι
516 2468 585 2534 εῖναι
613 2472 751 2551 μοναχοίις
779 2473 856 2552 έπτά,
886 2478 940 2531 τῶν
966 2475 1136 2553 πραγμάτων
1160 2473 1204 2532 σῦν
1228 2471 1283 2551 θεῷ
1307 2474 1396 2534 ἐπιδι-

90 2592 209 2674 δόντων,
234 2594 279 2654 σὶιν
302 2593 340 2673 τῷ
363 2593 499 2674 οἰκονόμῳ
522 2599 540 2670 ῆ
562 2594 601 2672 τῷ
624 2596 824 2674 καθηγουμένῳ
846 2593 893 2654 καὶ
915 2593 954 2673 τῷ
976 2593 1105 2675 πυλωρῷ.
1138 2592 1161 2652 εἰ
1185 2593 1265 2676 δὲιῆ
1282 2593 1396 2678 βοηθείᾳ

89 2720 139 2774 τοῦ
170 2717 331 2794 παναγάθου
360 2717 424 2777 θεοῦ
453 2719 533 2792 ῆμῶν
555 2715 602 2776 καὶ
624 2723 674 2792 τῆς
704 2715 839 2795 ἀχράντου
861 2715 908 2775 καί
937 2717 1165 2796 κεχαριτωμένης
1193 2715 1272 2775 αὐτοῦ
1295 2719 1398 2796 μητρός

92 2835 285 2913 ἐπαυξηθῶσιν
308 2838 337 2898 αἱ
357 2838 486 2918 πρόσοδοι
507 2843 553 2898 τοῦ
575 2836 793 2918 πτωχοτρορείου
816 2835 863 2897 καί
885 2843 935 2914 τῆς
958 2843 1054 2917 μονῆς,
1079 2836 1205 2920 (πιστεύω
1226 2838 1280 2917 γὰρ
1296 2836 1335 2908 εἰς
1351 2839 1397 2898 τδν

91 2959 186 3040 κόριον
209 2961 289 3035 ἡμῶν
302 2960 405 3034 Ἰησοῦν
421 2961 537 3040 Χριστόν
561 2961 629 3019 οθτω
651 2956 828 3042 γενήσεσθαι)
852 2960 913 3018 τότε
937 2955 1153 3034 ἑπαυξηθησεται
1175 2957 1222 3018 καί
1245 2960 1259 3017 ό
1283 2958 1396 3039 άριθμδς

92 3087 149 3140 τῶν
173 3081 243 3141 έππδι
266 3087 395 3160 μοναχῶν
417 3082 488 3142 κατά
510 3083 540 3141 ιδ
563 3081 664 3158 ἀνῆκον
688 3088 738 3158 τῆς
760 3078 985 3157 αῦξηθησομένης
1007 3082 1149 3162 προσόδου,
1172 3081 1219 3141 καὶ
1242 3082 1275 3141 τὰ
1295 3081 1397 3159 ψυχικά

95 3205 272 3283 συμμέτρως·
304 3204 362 3283 ἐγὼ
384 3204 438 3284 γὰρ
465 3205 725 3282 συμμετρησάμενος
747 3206 796 3279 τῆν
818 3223 849 3262 τε
877 3201 953 3280 ἰσχὺν
975 3208 1029 3261 τῶν
1059 3204 1327 3284 προσκεκυρωμένων
1349 3200 1398 3262 καὶ

94 3325 130 3383 τδι
151 3330 199 3386 τοῦ
229 3319 447 3405 πτωχοτρσρείου
476 3320 657 3407 ἀναλώματα,
690 3325 728 3396 ὡς
751 3323 782 3383 δὲ
805 3322 851 3383 καὶ
872 3325 903 3382 τδ
927 3323 1017 3404 βραχὺ
1039 3327 1085 3382 τοῦ
1109 3323 1299 3405 Προδρομικοῦ
1320 3328 1395 3405 ναοῦ,

96 3449 128 3520 ἀς
148 3448 188 3528 τῷ
212 3448 384 3528 μοναστηρίῳ
407 3448 555 3528 ἀρῶρισται
576 3448 666 3507 κοινόν
690 3447 846 3526 ἱλαστήριον
870 3445 917 3506 καί
938 3451 1044 3526 πρῶτον
1067 3445 1114 3505 καί
1136 3447 1236 3526 κύριον,
1261 3445 1300 3518 εἰς
1320 3452 1395 3508 τοῦτο

98 3569 212 3648 ἀριθμοῦ
241 3571 414 3650 περιέστησα,
445 3568 492 3629 καὶ
522 3569 682 3628 συνέστειλα
704 3568 766 3639 τοῦς
793 3569 945 3645 μοναχσθς·
975 3565 1023 3627 καί
1046 3567 1183 3643 βοῦλομαι
1206 3568 1396 3648 ἀποκείρεσθαι

97 3695 205 3784 τοῦτόυς
227 3693 291 3752 ἀνευ
314 3693 456 3769 ἀποταγῆς
479 3689 595 3771 δωρεάν,
619 3688 643 3748 εἰ
667 3691 705 3765 μῆ
730 3687 768 3760 εἰς
793 3690 872 3769 ἔργον
897 3688 999 3749 δέδοταί
1021 3711 1046 3748 τι
1068 3689 1219 3765 οἰκοδομῆς
1242 3694 1259 3765 ἢ
1283 3690 1395 3750 ἀνοικο-

100 3813 186 3890 δομῆς
208 3817 227 3888 ῆ
250 3813 354 3892 ἀγοράν
378 3813 514 3888 ἀκινήτου.
546 3812 646 3891 ἀνδρας
670 3811 700 3870 δὲ
724 3811 856 3890 ἐνεργοῖς,
881 3810 936 3870 εἴτε
959 3809 998 3882 εἰς
1020 3811 1070 3885 τῆν
1093 3811 1243 3886 ἐκκλησίαν
1266 3815 1283 3886 ῆ-
1304 3811 1396 3891 λογα-

100 3936 209 4014 ριαστάς
232 3939 250 4011 ῆ
273 3935 411 4012 νοταρίους
432 3939 450 4008 ῆ
473 3934 681 4014 γραμματικοὺς
704 3933 819 4008 σεμνοὺς
841 3933 998 4012 ἀνθρώπους
1020 3930 1068 3992 καὶ
1083 3933 1194 4008 τιμίους,
1219 3931 1266 3992 καὶ
1281 3935 1320 4008 μὴ
1338 3935 1396 4013 ἐρι-

100 4058 245 4132 στικοῦςῆ
275 4055 444 4136 ριλονείκους
467 4061 485 4130 ἢ
515 4053 676 4128 κενοδόξους
703 4054 751 4114 καί
781 4055 957 4135 προδόταςῆ
988 4055 1181 4135 ἀπανθρωπίας
1212 4055 1395 4131 μετέχοντας·

102 4173 155 4252 οἶος
176 4179 231 4259 γὰρ
254 4177 352 4259 εὑρεθῇ
374 4181 503 4256 τοιοῦτος,
526 4180 570 4238 ἵνα
593 4178 793 4254 ἀπελαθνηται·
824 4179 842 4251 ἡ
866 4177 920 4258 γὰρ
942 4177 1083 4256 λεγομένη
1107 4175 1232 4254 ἀποταγὴ
1255 4177 1304 4250 τὴν
1327 4177 1396 4236 θιτο-

82 4303 184 4380 ·τογ“ην
208 4302 242 4360 ἐκ
264 4301 350 4376 μέσου
371 4303 451 4377 ποιεῖ,
474 4299 520 4358 καὶ
544 4299 681 4376 διχονοίας
704 4298 808 4376 εἰσάγει
824 4299 945 4377 πολλάς,
969 4297 1013 4376 ἀρ’
1027 4293 1065 4356 ὢν
1081 4297 1144 4356 οῦδὲ
1161 4298 1256 4376 μικρόν
1272 4317 1296 4356 τι
1313 4298 1396 4376 μέρος

103 4420 280 4499 ὀνομάζεσθαι
309 4426 326 4497 ῆ
356 4423 545 4484 πολιτεθεσθαι
573 4421 601 4480 ἐν
624 4420 663 4500 τῷ
693 4419 864 4499 μοναστηρίῳ
896 4419 1042 4498 βούλομαι,
1073 4417 1171 4492 ἀλλ’ἢ
1200 4419 1281 4491 μόνον
1306 4417 1334 4476 έν
1358 4417 1396 4495 τῷ

103 4543 225 4624 ρωτισμῷ
247 4551 298 4621 τῆς
319 4549 366 4606 τοῦ
389 4547 512 4623 μσναχοῦ
535 4543 723 4624 ἀποκάρσεως,
747 4543 790 4602 ἵνα
814 4539 942 4624 έξοδιάζῃ
965 4542 980 4600 ό
1003 4540 1217 4620 ἀπσκειρόμενος
1233 4539 1299 4620 ὑπὲρ
1316 4560 1395 4620 μυρι-

104 4673 195 4728 στικῶν
217 4666 265 4726 καὶ
294 4669 430 4746 τραπέζης
452 4672 506 4725 τῶν
538 4665 666 4743 ἀδελρῶν
689 4663 735 4724 καὶ
762 4665 867 4724 λοιπῶν
891 4663 1043 4738 νομίσματα
1068 4661 1146 4722 δέκα.
1192 4659 1238 4720 καί
1261 4662 1291 4721 οῦ
1314 4661 1395 4734 μόνον
