3208 5310
1300 383 1339 446 21

51 576 87 627 τοῦ
106 571 192 644 Ζωμᾶ
215 569 263 630 καὶ
285 571 425 652 χωρσηίου
447 576 492 632 τοῦ
514 577 693 652 πρωτοπαπᾶ,
714 570 760 632 καὶ
776 571 909 647 ἀπσδήδει
929 572 969 642 είς
983 573 1014 631 τ“σ
1029 572 1167 653 χωράφισν
1182 575 1343 654 Είνστρατίου

52 695 89 748 τοῦ
106 691 209 768 Δράσου
232 691 297 771 ἄχρι
320 697 366 752 τοῦ
389 692 493 765 βουνίου
516 697 561 754 τοῦ
584 693 751 773 Ἀρκσλθκου
772 691 819 752 καί
835 691 1013 772 Θεσγνιίστου
1035 699 1080 754 τοῦ
1096 696 1263 777 Ἐρυθραίου,
1287 716 1341 770 μο-

53 811 107 868 δίυν
121 811 160 884 β’·
188 814 281 892 ἕτερον
304 817 350 872 τοῦ
366 813 510 894 Μακαρίου
533 815 563 872 τ“ο
586 814 703 890 πλησίον
723 813 862 893 χωραφίσυ
877 819 922 874 τοί
938 815 1116 894 μοναστηρίσυ
1131 816 1176 876 σὺν
1191 822 1237 876 τοῦ
1253 813 1341 892 ἐξαμ-

54 933 128 991 τελον
142 937 189 992 τοῦ
204 935 380 1014 Χρυσολέρου
395 933 442 994 καί
456 934 503 996 τοῦ
515 935 677 1010 Κολοκίινθη
694 934 789 1010 μοδίου
801 934 837 996 α’.
860 937 951 1015 ἕτερον
967 938 1105 1016 χωράφιον
1119 941 1165 996 τοῦ
1180 937 1342 1016 Περάματος

53 1055 77 1110 τί
95 1054 211 1128 πλησίον
234 1055 376 1136 χωραηίου
398 1061 444 1116 τοῦ
466 1057 666 1136 Καθαρσψωμά
688 1055 735 1118 καὶ
756 1057 873 1132 πλησίον
895 1063 944 1132 τῆς
967 1057 1030 1118 ὁδοῦ
1053 1057 1148 1132 μοδίου
1169 1056 1220 1132 ς”.
1250 1060 1341 1138 ἕτερον

55 1177 78 1231 :¹2
102 1175 224 1254 ἀποπέρα
253 1181 301 1236 τοῦ
327 1182 450 1252 ποταμοῦ
477 1179 506 1238 το
529 1175 647 1253 πλησίον
669 1177 807 1259 χωραηίου
829 1182 875 1238 τοῦ
897 1185 975 1238 παπᾶ
998 1177 1161 1254 Θαυμαστοῠ
1185 1178 1279 1254 μοδίου
1302 1178 1339 1240 α’.

55 1299 179 1376 χοράριον
201 1304 247 1359 τοῦ
269 1301 369 1378 τράφον
393 1300 494 1360 άνωθεν
520 1301 551 1360 τδ
573 1300 744 1375 καλούμενον
766 1305 815 1374 τῆς
839 1299 1031 1374 Πενταμοδίας
1052 1302 1083 1360 τδ
1105 1301 1224 1376 πλησίον
1246 1321 1338 1380 χωρα-

56 1419 103 1494 ςίου
124 1426 168 1480 τοῦ
184 1422 203 1480 Γ
204 1422 346 1482 ουλολέιυν
367 1424 398 1482 τίν
421 1422 525 1484 άνωθεν
548 1428 597 1499 τῆς
620 1423 693 1501 ὁδοῦ,
717 1424 780 1482 ὅσον
802 1421 849 1482 καί
872 1413 928 1482 οἷόν
950 1422 1029 1482 ἐστιν.
1053 1424 1145 1502 ἕτερον
1167 1427 1217 1498 τῆς
1233 1422 1339 1493 Βίλλσις

56 1541 79 1597 τὲ
98 1543 208 1617 πλησίον
229 1543 369 1624 χωραρίου
384 1547 430 1604 τοῦ
446 1545 597 1619 Βουτζήνσυ
612 1543 658 1604 καί
673 1549 720 1604 τοῦ
736 1544 908 1623 Γσυλολέιυν,
927 1546 989 1604 ὅσον
1004 1542 1051 1602 καὶ
1067 1536 1121 1604 οίέν
1140 1544 1221 1604 ἐστιν.
1246 1545 1339 1623 ἕτερον

57 1667 180 1742 χωρέρισν
206 1667 236 1725 τδ
263 1667 389 1745 ἀποπέρα
415 1673 464 1742 τῆς
487 1667 641 1737 Μαλακοῡς
667 1667 698 1726 τ“ο
725 1671 795 1726 κατὰ
823 1665 961 1736 ἀνατολὰς
983 1667 1109 1742 κειμένου
1132 1663 1270 1744 χωραρίου
1292 1669 1338 1725 τοῦ

59 1783 188 1864 flamm,
210 1783 305 1856 καθώς
328 1787 384 1846 ἐστι
410 1789 623 1868 περιορισμένον.
649 1789 741 1867 ἕτερον
764 1789 794 1847 τὸ
816 1788 938 1848 κάτωθεν
961 1791 1007 1846 τοῦ
1030 1788 1109 1848 αὐτοῦ
1130 1787 1269 1868 χωραφίου
1291 1785 1338 1846 καί

58 1905 159 1980 πλησίον
180 1913 228 1983 της
251 1907 432 1987 διερχομένης
455 1909 518 1969 ὁδοῦ
542 1909 637 1984 μοδίου
660 1906 696 1970 α’.
720 1912 858 1988 χωράφιον
878 1913 927 1984 τῆς
942 1907 1135 1984 Χαμοκέλλας
1148 1908 1265 1996 πλησίον
1280 1929 1337 1985 χω·

58 2026 136 2104 μορίου
162 2033 206 2088 τοῦ
228 2030 399 2108 Ἀβαστυίγου
428 2031 522 2104 μοδίου
545 2029 582 2091 α’.
613 2033 751 2110 χωρσίφισν
777 2035 823 2090 τοῦ
846 2029 983 2110 Ἀγριλλα
1005 2032 1036 2090 τδ
1061 2027 1177 2104 πλησίον
1199 2028 1337 2108 χιυραρίσυ

57 2149 240 2227 τοίλρεπάνσυ
262 2150 309 2211 καί
330 2151 447 2228 πλησίον
469 2156 515 2212 τοῦ
531 2152 705 2232 Ἀλφαράνου
728 2151 830 2227 μσδίιυν
849 2149 882 2211 δ’.
908 2153 998 2231 ἕτερον
1022 2149 1062 2222 είς
1083 2153 1129 2210 τδν
1153 2152 1231 2210 αίιτθν
1253 2152 1336 2209 τόπον

58 2269 138 2338 μοδίου
156 2269 205 2346 ς”.
229 2274 368 2352 χωρσίφιον
387 2277 432 2334 τοῦ
448 2273 525 2352 οίγίου
540 2272 685 2334 Βασιλείαν
699 2273 730 2334 τδ
745 2272 861 2347 πλησίον
876 2277 925 2350 τῆς
940 2272 1049 2349 κέλλης
1066 2271 1167 2347 μοδίιυν
1184 2269 1220 2345 β’.
1245 2273 1337 2352 ἕτερον

59 2389 80 2446 ἓν
100 2399 129 2472 τῇ
151 2395 214 2474 αὐτῇ
236 2399 355 2475 περιοχῇ
377 2399 422 2456 τοῦ
446 2393 523 2474 ἁγίου
540 2395 684 2456 Βασιλείαν
707 2391 753 2454 καὶ
776 2394 891 2470 πλησίον
914 2394 1053 2474 χωραφίου
1069 2391 1200 2473 Ἀνδρέου
1216 2397 1262 2452 τοῦ
1279 2393 1337 2452 Πο-

58 2511 168 2574 λυολιῖινε
189 2515 234 2574 σθν
256 2519 303 2575 τοῦ
324 2516 491 2590 κλείσματος
513 2515 615 2590 μοδίων
636 2514 681 2589 ιβ’.
707 2517 799 2595 ἕτερον
821 2519 958 2595 χωράριον
974 2521 1022 2591 τῆς
1038 2515 1167 2586 ’Ᾱπιδὲας
1183 2513 1285 2589 μοδίισν
1300 2512 1337 2592 γ’.

59 2634 135 2712 ἕτερον
156 2636 184 2695 τίν
205 2635 321 2711 πλησίον
344 2637 482 2716 χωραηίου
504 2641 550 2696 τοῦ
565 2638 702 2698 ’ίακύνθου
725 2637 820 2712 μοδίου
834 2637 885 2711 ς”.
911 2639 1002 2717 ἕτερον
1024 2641 1071 2696 τοῦ
1087 2636 1266 2716 μοναοτηρίου
1282 2655 1337 2709 μσ-

59 2753 104 2814 Ξίου
123 2754 171 2830 ς”.
193 2761 332 2838 χωράηιον
353 2764 403 2833 τῆς
420 2757 535 2830 Ἐλαίας
558 2758 652 2833 μσδίου
667 2755 718 2832 ς”.
742 2761 881 2838 χωράριον
903 2763 956 2818 τῶν
974 2758 1128 2835 Σουγισίνισν
1151 2761 1197 2817 τοῦ
1213 2755 1337 2832 Καμίνσυ

58 2876 81 2933 τί
99 2877 206 2950 πλησίον
228 2878 367 2960 χωραηίου
389 2883 435 2940 τοῦ
450 2879 611 2958 Καστρισίου
635 2879 730 2955 μοδίου
745 2877 798 2953 ς”.
823 2880 915 2959 ἕτερον
937 2881 967 2938 τ“ο
990 2879 1162 2952 καλούμενον
1178 2877 1275 2938 Καλοῦ
1290 2881 1337 2938 τοῦ

59 2995 203 3078 Καλσγέρου
226 2999 321 3074 μοδίσυ
338 2998 373 3060 α’.
397 3003 535 3080 χωράηισν
552 3005 598 3061 τοῦ
613 3000 781 3074 κλείσματος
797 2999 891 3074 μσδίου
907 2998 943 3063 α’.
968 3002 1060 3081 ἕτερον
1075 3001 1105 3058 τδ
1120 3001 1275 3077 λεγόμενον
1290 3002 1337 3060 τοῦ

60 3117 182 3193 Καλσβίσυ
196 3121 300 3196 μσδίων
315 3119 342 3182 α’
353 3119 404 3197 ς”.
423 3124 514 3202 ἕτερον
531 3122 560 3182 ἐν
575 3127 609 3204 τῇ
625 3124 692 3204 αθτῆ
708 3121 853 3203 ταποθεσίᾳ
868 3122 961 3198 μσδίου
978 3121 1013 3181 α’.
1031 3125 1122 3202 ἕτερον
1137 3122 1275 3200 χωράριον
1291 3123 1336 3178 τοῦ

61 3243 217 3322 μουσττηρίου
237 3243 340 3318 μοδίισν
355 3242 392 3321 γ’.
416 3246 557 3325 χωράφιον
570 3249 616 3304 τοῦ
632 3243 710 3324 άγίου
725 3246 810 3318 Μηνᾶ
825 3241 927 3332 μοδίων
944 3241 979 3316 β’.
1003 3245 1141 3326 χωράριον
1156 3245 1203 3301 τοῦ
1218 3241 1336 3319 Σταύρου

60 3362 84 3418 το
108 3363 212 3439 πλησίον
241 3365 381 3445 χωραηίσυ
410 3369 456 3426 τοῦ
478 3367 633 3444 Κυπριανοῠ
660 3365 754 3440 μοδίου
778 3363 814 3426 α’.
847 3365 939 3443 ἕτερον
962 3367 1008 3424 τοῦ
1030 3363 1157 3424 Κελλίου
1180 3361 1275 3438 μοδίου
1298 3360 1334 3420 α’.

62 3483 135 3562 ἕτερον
162 3485 198 3557 είς
225 3487 270 3546 τὀν
294 3487 373 3546 αὐτον
395 3489 475 3546 τόπον
498 3487 602 3547 άνιυθεν
625 3491 673 3561 τῆς
696 3484 830 3561 δημοσίας
852 3486 915 3546 ὁδοῦ
938 3485 1041 3560 μοδίων
1065 3483 1100 3559 β’.
1129 3485 1267 3565 χωράριον
1289 3487 1335 3544 τοῦ

62 3601 210 3684 Ἰδρσμιίλσυ
238 3606 335 3682 μοδίου
359 3605 395 3667 α’.
427 3609 508 3686 ἕτερα
536 3610 662 3686 χωροίφια
692 3607 717 3666 σί
739 3607 905 3682 καλούμενοι
928 3604 1020 3684 Λαχοὶ
1042 3605 1075 3665 τὰ
1097 3606 1229 3666 κάτωθεν.
1256 3607 1336 3684 ἕτερα

64 3731 97 3785 πί
115 3729 247 3808 Δρεπάνου
269 3727 316 3788 καί
338 3731 475 3809 χωράμον
499 3735 544 3788 τοῦ
566 3733 615 3809 κϋρ
639 3727 819 3808 Ἀρταβάσδου
842 3733 888 3788 τοῦ
911 3727 1080 3806 Μανδακίου,
1103 3725 1150 3786 καί
1171 3728 1336 3804 κατέρχεται

64 3845 102 3905 ἑτέ
125 3851 168 3923 τὴν
196 3851 299 3928 γωνίαν
329 3848 376 3909 καί
407 3851 490 3930 μέχρι
520 3851 662 3925 θαλάσσης
684 3847 731 3908 καί
754 3849 899 3927 ἀνέρχεται
921 3851 1004 3928 μέχρι
1026 3853 1076 3922 τῆς
1097 3849 1199 3928 πέρτας
1221 3845 1268 3906 καί
1291 3851 1336 3908 τοῦ

63 3969 150 4050 τίργσυ,
172 3973 222 4031 ὅσα
243 3969 291 4031 καὶ
314 3965 358 4030 οἶά
381 3969 455 4032 εἰσιν.
481 3973 562 4052 ἔτερα
584 3971 617 4030 τὰ
640 3971 782 4047 λεγόμενα
804 3975 857 4028 τῶν
873 3969 983 4030 Σαυδῶν
1006 3969 1059 4029 ἀπδ
1074 3972 1120 4028 τοῦ
1135 3967 1273 4046 χωραφίου
1290 3971 1337 4026 τοῦ

66 4089 162 4172 ’ίταβίρα
184 4090 231 4152 καὶ
255 4093 337 4172 μέχρι
360 4092 502 4168 θαλάσσης
525 4093 655 4170 σύνεγγυς
677 4095 724 4152 τοῦ
745 4093 868 4166 ποταμοῦ
891 4089 938 4150 καί
959 4093 1006 4150 τοῦ
1027 4091 1129 4168 πύργου
1152 4091 1206 4161 ἕως
1221 4093 1266 4148 τοῦ
1281 4089 1335 4148 λσ-

65 4219 121 4288 τῑρσί
139 4213 182 4274 καὶ
207 4214 272 4273 αι’ντο
295 4213 340 4272 διὰ
362 4213 395 4272 τὰ
418 4213 520 4294 λοετρὰ
543 4214 589 4272 σὺν
612 4211 658 4273 καί
681 4216 727 4272 τοῦ
748 4211 888 4291 χωραρίσυ
910 4217 959 4286 τῆς
975 4211 1081 4290 Καρίας
1104 4210 1174 4286 μετὰ
1193 4213 1239 4269 τοῦ
1254 4207 1334 4270 κλεί-

66 4353 149 4406 τματυς
171 4338 224 4408 ἕως
245 4338 277 4396 τὸ
300 4338 437 4415 χιυράριον
459 4341 508 4410 τῆς
524 4335 652 4410 Χαλικῆς
669 4334 715 4395 καί
731 4337 777 4394 τοῦ
793 4333 964 4412 Ὀροανείου,
989 4333 1039 4392 ὅσα
1053 4331 1100 4390 καὶ
1116 4325 1160 4391 οἶά
1176 4329 1250 4409 εἰσιν,
1267 4329 1337 4404 μετὰ

64 4461 95 4514 τοῦ
114 4457 281 4533 δηλωθέντος
302 4460 475 4538 περιορισμοῦ
498 4457 599 4532 μοδίων
623 4456 667 4516 ιδ’.
693 4459 784 4536 ἕτερον
800 4457 830 4516 τθ
847 4455 987 4536 ἀποπέραν
1002 4457 1048 4514 τοῦ
1062 4457 1186 4529 ποταμοῦ
1200 4455 1230 4512 το
1246 4453 1335 4528 λεγό-

64 4597 124 4648 μενον
143 4585 186 4640 τοῦ
202 4581 313 4660 Τροπσῠ
334 4581 365 4638 τίν
388 4579 519 4656 σύνεγγυς
541 4581 679 4658 χωράριον
702 4583 747 4638 τοῦ
769 4575 859 4657 κυρίου
875 4576 1030 4656 Νικηφόρον
1045 4580 1091 4636 τοῦ
1107 4573 1268 4634 Μανδακίου
1290 4571 1336 4631 σὺν

63 4705 100 4756 τῶν
118 4698 288 4778 αίιλισμάτων
311 4697 358 4759 καὶ
379 4703 425 4760 τοῦ
447 4698 611 4778 λαγκαδήσυ
634 4703 726 4775 μέσον.
752 4701 843 4778 ἕτερον
858 4701 905 4757 τοῦ
918 4697 1039 4774 Αθλίχου
1055 4696 1155 4770 μοδίυιν
1174 4695 1218 4768 ιβ’.
1244 4695 1336 4772 ἕτερον
