3208 5310
219 345 262 408 36

217 535 356 617 χωραρίου
386 541 432 598 τοῦ
455 537 580 618 Δρόγγου
602 533 650 596 καί
680 535 797 612 πλησίον
819 534 959 616 χωραρίου
980 541 1030 612 τῆς
1054 536 1222 616 Ἐπισκοπῆς
1245 535 1341 612 μοδίου
1357 534 1394 596 α’.
1426 537 1526 614 ἕτερον

217 661 356 740 χωράηιον
382 655 436 718 ἀπό
459 659 568 735 Νικητα
594 661 640 718 τοῦ
663 656 810 734 Κουκοῦλη
839 657 869 716 έν
890 663 924 740 τη
946 663 1062 740 περιοχῇ
1085 663 1139 718 τῶν
1162 652 1324 737 Ἀγασιόνων
1346 659 1378 718 τό
1399 655 1525 733 πλησίον

218 778 265 840 καί
288 781 417 860 σίνεγγυς
440 779 575 861 ἁρμακίου
597 783 643 840 τοῦ
660 778 808 860 Γρηγορίου
830 776 877 839 καί
901 778 1042 839 δυσκόλων
1063 783 1109 840 τοῦ
1125 779 1251 860 Γλυκέρι,
1274 777 1367 849 καθὼς
1390 777 1527 858 ἔρχονται

219 902 302 981 μέχρι
323 907 378 964 τῶν
401 900 544 962 δυσκόλων
568 899 672 962 ἐκείνου
688 901 817 960 Ἰωάννου
838 903 885 959 τοῦ
903 897 1049 977 Κουκοῦλη
1073 899 1175 976 μοδίων
1190 897 1216 958 α’
1228 897 1280 974 ς”.
1303 901 1396 979 ἕτερον
1417 901 1450 960 τό
1466 897 1526 958 ἀπό

219 1021 340 1101 Μιχαὴλ
361 1025 407 1082 τοῦ
423 1020 582 1101 Μιχαλίτζη
606 1021 646 1094 είς
668 1022 717 1097 την
738 1023 870 1102 περιοχὴν
891 1023 938 1081 τοῦ
958 1023 1094 1102 Κατρικοῦ
1117 1022 1147 1080 τ“ο
1169 1019 1287 1097 πλησίον
1309 1019 1449 1101 χωραφίου
1474 1025 1526 1080 τοῦ

219 1146 359 1225 Δρεπὰνου
381 1143 428 1204 καί
450 1143 566 1220 πλησίον
588 1143 727 1224 χωρκφίου
751 1143 893 1216 Ῥωμανοῦ
915 1147 960 1202 τοῦ
976 1141 1134 1220 Μιχαλίτίη
1157 1139 1205 1201 καί
1226 1146 1272 1202 τοῦ
1288 1140 1401 1220 Ἄοίνου,
1424 1143 1527 1213 καθώς

219 1266 288 1326 ἐστιν
311 1266 326 1324 ό
348 1267 438 1343 λαχδς
461 1263 563 1340 μοδίων
578 1263 621 1342 γ’.·
657 1267 749 1344 ἕτερον
771 1268 817 1324 τοῦ
841 1264 920 1324 αὺτοῦ
944 1261 983 1336 είς
1004 1264 1051 1324 τόν
1074 1264 1153 1341 αῦτδν
1175 1266 1257 1324 τόπον
1278 1264 1310 1324 τό
1332 1262 1451 1340 πλησίον
1474 1267 1527 1324 τοῦ

219 1387 389 1465 Ἀβαοτίγου
416 1386 464 1446 καὶ
489 1385 605 1462 πλησίον
629 1386 772 1462 Ῥωμανοῦ
798 1391 844 1446 τοῦ
868 1386 1027 1464 Μιχοιλίτζη
1054 1383 1102 1445 καί
1129 1385 1208 1445 αὐτόν
1238 1385 1340 1461 μοδίων
1355 1383 1393 1463 γ’.
1426 1387 1527 1466 ἕτερον

217 1511 355 1590 χωράριον
382 1511 413 1569 τό
440 1508 495 1568 ἁπδ
519 1507 667 1570 Θεοδοσίου
694 1509 740 1568 τοῦ
763 1506 853 1583 θωμᾶ
880 1505 919 1579 είς
942 1507 990 1582 τὴν
1013 1507 1171 1568 τοποθεσίαν
1194 1512 1243 1582 τῆς
1265 1508 1445 1579 Βουστάσεως
1474 1506 1527 1566 καὶ

219 1631 349 1711 σῦνεγγυς
371 1631 510 1712 χωραρίου
532 1635 580 1691 τοῦ
596 1629 690 1710 Φαγρὶ
712 1627 760 1690 καί
782 1633 828 1690 τοῦ
851 1629 1001 1706 Κατζηκνὰ
1023 1627 1118 1704 μοδίου
1135 1627 1171 1689 α’.
1196 1631 1288 1709 ἕτερον
1311 1630 1341 1689 τό
1365 1629 1417 1688 ἁπδ
1434 1628 1528 1689 Ἠλία

219 1757 265 1814 τοῦ
279 1753 452 1828 Ζακυνὰηνοῦ
474 1754 504 1812 τό
528 1752 698 1828 διακείμενον
721 1752 771 1812 ῦπδ
793 1751 842 1826 σἠν
864 1748 1024 1812 τοποθεσίαν
1047 1756 1096 1826 της
1113 1749 1242 1829 Πλαγίοις
1264 1752 1294 1810 τό
1319 1750 1527 1828 ἐπιλεγόμενον

218 1877 264 1936 τοῦ
288 1873 445 1956 Ὸρθολίθου
468 1872 570 1951 μοδίων
586 1871 674 1948 δ’ς”.
698 1875 790 1953 ἕτερον
812 1875 950 1953 χωρὰριον
971 1873 1001 1932 τό
1024 1872 1076 1932 ἀπό
1099 1869 1240 1932 Νικολάου
1262 1875 1309 1932 τοῦ
1331 1874 1458 1953 Δρόγγου
1484 1870 1528 1945 είς

219 1999 268 2072 την
290 1995 423 2076 περιοχὴν
444 2003 494 2073 τῆς
517 1997 664 2067 Βοῦοτοισις
685 1997 717 2056 τό
741 1993 771 2068 ἐξ
794 1995 932 2070 εῦωνίιμου
955 1996 1054 2074 μέρους
1076 1998 1123 2055 τοῦ
1145 1997 1211 2055 ναοῦ
1233 1999 1279 2054 τοῦ
1303 1995 1381 2074 ἁγίου
1398 1993 1528 2054 Βλασίου

220 2117 335 2190 πλησίον
358 2116 484 2193 κείμενον
506 2116 644 2198 χωραηίου
665 2121 711 2178 τοῦ
734 2115 819 2192 Ῥαζῆ
842 2114 889 2176 καί
912 2115 1047 2195 ἐρ’έτίρῳ
1071 2117 1149 2194 μέρει
1171 2114 1309 2196 χωραφίου
1331 2120 1377 2176 τοῦ
1401 2117 1527 2196 Βαγγα-

220 2239 355 2318 ρόπουλου
383 2239 485 2315 μοδίων
508 2237 545 2313 β’.
586 2241 678 2318 ἕτερον
705 2240 843 2316 χωράριον
865 2237 896 2296 τό
919 2236 972 2296 ἀπο
993 2241 1040 2297 τοῦ
1062 2237 1279 2313 Κατουλοῦμτου
1301 2239 1332 2296 τό
1356 2237 1449 2297 ἐπάνω
1473 2245 1528 2314 τῆς

222 2359 322 2436 βρῦοης
343 2361 413 2420 κατὰ
435 2363 466 2421 τ“ο
489 2358 596 2420 δυσικδν
620 2361 703 2440 μέρος
724 2359 772 2419 καί
793 2358 910 2435 πλησίον
932 2359 1071 2440 χωραφίου
1093 2361 1139 2419 τοῦ
1162 2359 1304 2420 Νικολάου
1325 2362 1371 2419 τοῦ
1394 2359 1528 2440 Δρόγγου

221 2480 322 2557 μοδίων
339 2480 375 2558 β’.
405 2479 452 2542 καί
475 2484 567 2561 ἕτερον
588 2485 634 2542 τοῦ
656 2480 823 2556 κλείοματος
846 2479 940 2556 μοδίου
955 2478 1008 2555 ς”.
1032 2482 1125 2560 ἕτερον
1147 2482 1284 2560 χωράηιον
1305 2481 1337 2540 τό
1361 2479 1414 2540 ἁπδ
1432 2480 1526 2542 Νικο-

220 2601 291 2662 λάου
319 2606 365 2664 τοῦ
387 2599 511 2682 ’Δρόγγου
541 2605 571 2663 τό
601 2601 649 2663 καί
678 2601 793 2679 πλησίον
820 2605 866 2661 τοῦ
893 2600 965 2662 θείου
992 2605 1057 2661 ναοῦ
1083 2605 1130 2660 τοῦ
1153 2600 1230 2680 ἁγίου
1253 2601 1373 2675 Λέοντος
1395 2603 1427 2663 τό
1449 2603 1528 2664 κατὰ

222 2725 338 2804 ἁρκτον,’
351 2725 445 2797 καῦίις
467 2723 522 2784 ἐστι
544 2723 765 2805 περιωριομένον,
790 2722 892 2799 μοδίων
908 2721 945 2802 γ’.
975 2725 1067 2802 ἕτερον
1089 2725 1228 2804 χωράηιον
1252 2721 1292 2796 είς
1306 2725 1356 2799 την
1372 2724 1528 2785 Βοῦοτασιν

220 2848 250 2906 τό
273 2846 327 2906 ἁπδ
349 2847 482 2923 Μαννὰτη
505 2848 535 2906 τό
557 2845 673 2922 πλησίον
695 2852 749 2905 τῶν
772 2845 944 2906 Χαλεπέδων
967 2843 1014 2905 καὶ
1035 2844 1152 2920 πλησίον
1174 2845 1314 2926 χωραρίου
1335 2849 1381 2905 τοῦ
1403 2845 1528 2908 Κλάδου

222 2967 268 3027 σῦν
294 2965 341 3028 καί
367 2971 413 3028 τοῦ
440 2967 574 3048 ἁρμακίου
596 2970 642 3026 τοῦ
665 2966 715 3026 ῦπό
737 2968 786 3041 τὴν
808 2965 967 3027 τοποθεσίαν
989 2971 1043 3026 τῶν
1066 2963 1166 3046 Ξηρῶν
1188 2969 1219 3025 τό
1241 2966 1359 3044 πλησίον
1380 2967 1528 3047 χωραρίου

221 3094 267 3150 τοῦ
293 3090 440 3166 Κινάμμου
466 3086 513 3148 καί
538 3087 657 3164 πλησίον
684 3087 822 3168 χωραρίου
848 3091 894 3148 τοῦ
921 3087 1040 3162 Καλῦβα
1067 3089 1097 3147 τό
1128 3087 1279 3168 ἁμρότερον
1302 3087 1404 3163 μοδίων
1428 3087 1455 3164 β’
1468 3087 1527 3162 ς”,

223 3213 315 3292 ἕτερον
335 3213 366 3271 τό
389 3211 442 3271 άπό
464 3215 510 3271 τοῦ
526 3210 689 3286 Κολοκῦνθη
713 3208 752 3282 είς
774 3209 823 3286 τὴν
846 3207 1004 3271 τοποθεσίαν
1026 3215 1080 3269 τῶν
1096 3210 1293 3291 Κουροπάδων,
1316 3217 1370 3270 τῶν
1392 3210 1529 3270 παλαιῶν

223 3332 378 3410 οἰκημάτων
400 3337 446 3393 τοῦ
463 3333 632 3394 Πλουσιάνου
654 3331 701 3392 καὶ
723 3336 769 3391 τοῦ
784 3327 919 3417 Βουκη[ν]
927 3335 957 3392 οῦ
980 3333 1064 3412 μέρος
1085 3333 1116 3392 τό
1139 3333 1210 3392 κατὰ
1233 3331 1337 3408 δυσμάς
1360 3333 1453 3392 ἐπάνω
1475 3339 1528 3394 τοῦ

222 3458 344 3530 ποταμοῦ
366 3453 483 3531 πλησίον
504 3455 643 3535 χωραρίου
664 3459 714 3529 τῆς
736 3455 890 3532 ἁγιωτάτης
914 3453 1072 3534 ἐπισκοπῆς,
1095 3454 1189 3526 καθὼς
1212 3448 1362 3534 ἀπέρχεται
1378 3455 1460 3534 μέχρι
1478 3461 1529 3515 τοῦ

222 3581 287 3636 ναοῦ
309 3581 362 3636 τῶν
385 3576 471 3654 ἁγίων
494 3576 651 3636 Ἀκινδῦνων
675 3575 776 3652 μοδίων
792 3573 818 3649 β’
832 3574 884 3651 ς”.
914 3577 1005 3656 ἕτερον
1028 3577 1058 3635 τδ
1081 3574 1135 3634 ἀπό
1158 3575 1265 3650 Νικήτα
1287 3579 1333 3636 τοῦ
1355 3581 1434 3636 ποποῖ
1457 3576 1528 3636 Κα-

224 3698 363 3758 λόπουλου
388 3695 426 3769 είς
448 3699 496 3773 τὴν
518 3698 679 3759 τοποθεσίαν
701 3703 754 3758 τῶν
772 3697 938 3758 ίίεπονάδων
960 3698 990 3758 τό
1015 3697 1213 3776 ἐπιλεγόμενον
1235 3701 1281 3758 τοῦ
1296 3699 1438 3778 Κόμαιτου,
1461 3699 1530 3760 ὅσον

223 3817 270 3880 καί
293 3814 349 3880 οἶόν
372 3820 437 3899 ἐστι,
462 3819 507 3878 οῦν
530 3824 576 3880 τοῦ
599 3824 771 3901 περιορισμοῦ
793 3819 840 3880 καί
855 3821 957 3892 παντός
971 3823 1017 3880 τοῦ
1031 3819 1179 3899 προνομίου
1194 3819 1283 3896 αὺτοῦ,
1298 3819 1329 3878 τό
1343 3817 1461 3895 πλησίον
1475 3819 1528 3880 καί

224 3942 355 4020 σύνεγγυς
382 3939 521 4021 χωραφίου
547 3945 594 4002 τοῦ
616 3941 788 4016 Ζακυνίίηνοῦ
816 3941 918 4018 μοδίων
942 3939 975 4003 ε’.
1007 3941 1135 4012 όνσοοίτως
1157 3938 1203 4001 καί
1234 3943 1326 4021 ἕτερον
1349 3939 1452 4016 μοδίων
1476 3942 1528 4003 δύο

224 4063 253 4122 ἐν
275 4069 308 4145 τῇ
330 4067 446 4144 περιοχῇ
469 4065 515 4122 τοῦ
538 4061 663 4124 Κυνιδίου
685 4063 716 4123 τό
740 4063 937 4142 ἐπιλεγόμενον
960 4067 1009 4140 τῆς
1032 4062 1169 4142 Πλαγίας.
1202 4064 1293 4144 ἕτερον
1317 4067 1362 4122 τοῦ
1385 4065 1527 4125 Διακοτό-

222 4183 372 4264 πουλου(ί)
401 4183 496 4260 μοδίου
511 4182 563 4260 ς”.
596 4185 687 4264 ἕτερον
714 4186 745 4244 τό
772 4183 928 4263 λεγόμενον
955 4191 1008 4244 τῶν
1031 4183 1218 4264 Πηγαδακίων
1241 4183 1344 4260 μοδίων
1359 4182 1398 4263 γ’.
1430 4187 1528 4266 ἕτερον

223 4305 253 4364 τό
276 4300 330 4363 άπδ
352 4308 398 4364 τοῦ
420 4304 527 4366 Χωιδιὰ
548 4306 578 4364 τό
601 4305 631 4366 όν
653 4325 684 4365 τε
706 4303 753 4366 καὶ
776 4305 949 4382 διακείμενον
971 4305 1021 4366 ῦπδ
1043 4305 1092 4381 τὴν
1113 4305 1273 4366 τοποθεσίαν
1296 4309 1341 4366 τοῦ
1353 4305 1528 4387 Βελλερίτου

224 4425 254 4484 τό
276 4423 393 4502 πλησίον
415 4423 461 4486 καί
484 4426 615 4507 σύνεγγυς
638 4426 776 4508 χωραφίου
799 4426 963 4488 θεοκτίστου
986 4431 1031 4488 τοῦ
1055 4426 1206 4508 Μαλουχᾱ,
1228 4421 1322 4499 καθώς
1346 4427 1401 4488 ἐστι
1423 4449 1527 4510 περιω-

224 4548 348 4628 ριομένον
370 4547 441 4606 κατὰ
462 4554 511 4623 τῆς
535 4545 638 4626 ἐξοχῆς
660 4549 752 4630 αὐπῦς,
776 4550 843 4628 δπερ
867 4549 926 4627 ἔχει
948 4551 966 4624 ἡ
990 4548 1060 4624 μονὴ
1084 4547 1217 4625 ἐπίσημον
1240 4548 1310 4624 μετὰ
1325 4549 1469 4630 Μαριανοῦ
1492 4551 1527 4612 ἐ-

224 4667 313 4730 κείνου
341 4673 387 4728 τοῦ
411 4665 614 4754 Ἀσκο),[ά]βου
641 4671 693 4730 ἀπό
717 4675 762 4730 τοῦ
786 4671 853 4731 όλου
876 4671 969 4730 τοῦτου
991 4669 1087 4750 τρίτον,
1115 4671 1182 4750 όπερ
1204 4669 1251 4730 καί
1273 4675 1318 4730 νῦν
1334 4671 1405 4732 ἐστιν
1428 4671 1527 4748 ἁμπέ-
