3166 5298
1292 383 1333 447 75

66 579 129 654 νέντι,
149 581 284 658 γράφομεν
301 577 347 637 διὰ
360 582 407 638 τοῦ
426 581 571 658 παρόντος,
582 579 692 658 ’γνιύμῃ
715 576 841 658 συνοδικῇ
864 583 918 636 τῶν
937 578 1157 657 παρευρεθέντων
1181 576 1334 656 ῖερωτάτων

67 695 248 778 ἀρχιερέων-καὶ
268 699 429 780 ύττερτίμων,
453 704 507 760 τῶν
528 699 555 758 ἐν
580 698 650 777 ἁγίῳ
671 699 801 772 πνεύματι
824 699 972 777 ἀγαπητῶν
995 698 1124 777 ἀδελφῶν
1146 697 1193 758 καὶ
1217 698 1333 759 συλλει-

65 827 160 899 τωργῶν
179 823 266 900 ἡμῶν,
290 821 333 880 ἵνα
348 825 394 881 τοῦ
408 820 621 901 προεκδοθέντος
644 821 783 880 ουνσδικοῦ
805 823 968 901 γράμματος
990 819 1051 901 περὶ
1073 827 1122 897 της
1143 821 1333 902 προβιβάσεως

64 947 97 1000 τοῦ
120 943 205 1022 θρόνου
235 944 315 1002 αὺτοῦ
346 944 537 1022 κεκυρωμένου
566 943 695 1017 μένοντος
717 941 763 1002 καὶ
795 942 907 1018 βεβαίου
929 941 975 1002 καὶ
998 943 1201 1024 ἀμετατρέπτου
1226 941 1265 1015 εἰς
1287 945 1332 1003 τὀν

62 1061 112 1138 ἑξης
131 1065 231 1125 ἅπαντα
246 1063 332 1124 αἰῶνα
355 1066 373 1138 ἡ
397 1065 448 1140 μὲν
472 1063 592 1144 ἐπαρχία
615 1065 681 1140 αθτη
704 1069 754 1140 τῆς
770 1064 907 1124 Ζακύνθου
923 1063 969 1124 καὶ
985 1062 1195 1144 Κεφαλληνίας,
1219 1065 1256 1136 ὡς
1279 1064 1333 1124 ἀπδ

62 1186 185 1262 ἐπισκοπῆς
201 1187 344 1262 τιμηθεῖσα
360 1185 402 1262 εἴη
422 1184 469 1245 καὶ
491 1186 608 1263 λέγηται
625 1185 824 1266 άρχιεπιοκοπὴ
841 1186 911 1245 κατὰ
925 1187 974 1260 τἠν
990 1187 1122 1265 ἀπόφασιν
1137 1189 1183 1246 τοῦ
1198 1187 1343 1266 ἡμετέρου·

60 1306 176 1368 οινοδικοῦ
190 1310 355 1389 γράμματος
370 1305 417 1367 καί
431 1308 503 1368 κατὰ
517 1309 566 1381 τὴν
583 1305 702 1379 διάταξιν
718 1305 765 1366 καὶ
789 1306 935 1382 βεβαίωσιν
955 1313 1005 1383 τῆς
1028 1309 1221 1386 γαληνοτάτης
1244 1308 1334 1388 ἀρχῆς

59 1435 100 1486 τῶν
119 1430 239 1508 Ἑνετῶν,
270 1428 368 1504 μηδενὶ
391 1429 474 1509 άλλῳ
497 1430 672 1506 ὑποκειμένη,
704 1426 727 1487 εἰ
752 1429 789 1503 μὴ
813 1427 851 1507 τῷ
873 1429 946 1488 κατὰ
967 1429 1077 1510 καιρούς
1099 1431 1264 1513 πατριάρχῃ,
1296 1431 1334 1502 ὡς

60 1549 200 1632 δεδήλωται,
230 1550 277 1612 καὶ
307 1553 322 1610 ὁ
351 1553 451 1627 ταύτης
481 1551 634 1631 ἀρχιερεύς,
666 1550 811 1629 ἱερώτατος
841 1551 931 1633 κύριος
962 1550 1133 1630 Νικόδημος,
1161 1553 1176 1610 ό
1204 1553 1233 1610 ἐν
1264 1551 1334 1631 όγίῳ

59 1673 166 1748 πνεύματι
180 1675 322 1752 ἀγαπητός
343 1676 424 1750 ἡμῶν
439 1673 559 1752 ἀθελφδς
582 1673 628 1732 καὶ
651 1672 872 1754 συλλειτουργός,
896 1674 1017 1748 καλῆται
1039 1671 1085 1732 καὶ
1109 1673 1226 1750 λέγηται
1250 1673 1333 1753 ἀρχι-

58 1794 180 1866 στίσιοπος
195 1795 335 1854 Ζακύνθου
350 1793 397 1854 καὶ
412 1793 622 1872 Κεφαλληνίας,
645 1795 710 1872 παρ’
723 1793 833 1866 ούδενός
854 1789 945 1854 ἄλλου
970 1793 1197 1870 ἐπισκεπτόμενος
1219 1797 1238 1870 ἢ
1258 1795 1332 1874 παρὰ

58 1922 94 1988 της
116 1915 172 1976 καθ’
186 1900 263 1993 ἡμᾶς
289 1921 336 1976 τοῦ
359 1917 422 1976 θεοῦ
445 1916 575 1993 μεγάλης
599 1915 748 1991 ἐκκλησίας
773 1915 800 1974 ἐν
823 1918 897 1998 πάση
919 1915 1001 1998 χρείᾳ
1023 1914 1069 1976 καὶ
1092 1916 1201 1997 ἀνάγκη
1225 1915 1333 1992 ἐκκλη-

58 2045 169 2120 σιαστικῇ,
193 2039 371 2114 μνημονεύων
393 2037 421 2096 ἐν
444 2044 477 2119 τῇ
501 2037 561 2118 θείᾳ
583 2035 733 2119 ἀκολουθίᾳ
754 2040 801 2096 τοῦ
823 2041 1019 2118 πατριαρχικοῦ
1042 2038 1185 2115 όνόματος,
1210 2039 1333 2116 συνάγων

57 2157 95 2216 καὶ
112 2162 296 2238 καρπούμενος
317 2161 352 2219 τὰ
375 2159 589 2233 ἐκκλησιαστικὰ
612 2160 691 2218 αύτοῦ
714 2157 882 2234 είσοδήματοι
904 2165 958 2218 τῶν
981 2159 1161 2239 συνοικεοίων,
1193 2164 1247 2218 τῶν
1270 2159 1333 2220 δια-

58 2281 136 2356 ζυγίων
150 2280 195 2341 καὶ
211 2287 264 2341 τῶν
280 2281 386 2343 λοιπῶν
401 2282 521 2357 συνήθων
537 2285 583 2340 τοῦ
603 2284 693 2360 τόπου,
717 2281 814 2361 κρίνων
837 2279 883 2340 καὶ
907 2281 1017 2360 θεωρών
1040 2287 1127 2340 πᾶσαν
1152 2280 1334 2356 ἐμπίπτουσαν

59 2399 267 2477 ἐκκλησιαστικὴν
298 2402 422 2462 ύπόθεσιν
451 2401 574 2478 νομίμως
605 2401 652 2461 καί
682 2407 833 2473 κανονικῶς
855 2400 902 2460 καί
927 2400 965 2472 είς
987 2403 1032 2461 τὀν
1055 2405 1101 2462 τοῦ
1125 2400 1229 2462 δικαίου
1251 2405 1333 2463 τόπον

59 2517 224 2584 ἐτοναθιστῶν
247 2523 294 2584 καί
316 2525 405 2584 πάντα
426 2519 461 2583 τὰ
484 2523 699 2599 ἐκκλησιαστικάι
722 2524 854 2601 ἐκτελῶν,
877 2523 911 2582 τά
933 2523 1112 2603 ἀρχιερατικὰ
1135 2523 1246 2600 δηλαδὴ
1270 2525 1334 2584 άνευ

10 2701 11 2704 ,
57 2650 95 2717 τῆς
112 2651 154 2704 τοῦ
180 2645 254 2726 ἱεροῦ
285 2647 425 2724 συνθρόνου
456 2643 675 2723 ἐγκαθιδρύσεως
705 2642 823 2715 καὶτὰς
852 2645 1021 2725 χειροτονίας
1051 2643 1142 2717 πάσας
1171 2645 1218 2706 καὶ
1242 2646 1334 2727 ἀργῶν

10 2721 12 2834 ί
57 2764 93 2823 καὶ
107 2766 231 2846 ἀφορίζων
253 2767 314 2838 τούς
335 2765 510 2838 ἀπειθοῦντας
533 2767 614 2844 τυχόν
637 2765 802 2846 ίερωμένους
825 2765 871 2825 καὶ
894 2767 1015 2838 λαϊκούς.
1047 2768 1062 2826 ό
1085 2767 1116 2826 δὲ
1139 2773 1334 2848 πρωτοπαπάς,

10 2865 12 2974 ί
57 2887 126 2946 ἐνύν
151 2887 196 2950 καί
219 2890 235 2948 ό
259 2889 400 2968 ἐσόμενος,
431 2895 464 2971 τῇ
493 2893 539 2948 τοῦ
569 2888 824 2969 πρωτοπαπαδικίου
856 2889 982 2971 ἐνεργείᾳ
1011 2889 1179 2968 ἀρκούμενος
1201 2891 1334 2966 παύσηται

10 3013 11 3018 ’
56 3010 129 3086 πόσης
150 3011 306 3093 αθθαδείας,
329 3011 472 3102 μηδεμίαν.
491 3007 613 3083 ἐξουσίαν
638 3011 720 3089 έχων,
743 3012 874 3090 παρόντος
896 3009 943 3070 καί
966 3012 1081 3083 ἀπόντος
1103 3015 1148 3071 τοῦ
1168 3012 1238 3071 κατὰ
1253 3013 1334 3072 τόπον

58 3129 189 3212 ἐρχιερέως
220 3133 393 3209 δικαιιύματα
422 3130 577 3209 λαμβάνειν
600 3135 618 3207 ἢ
642 3132 766 3211 διαζύγια
797 3131 900 3192 διδόναι
922 3137 940 3206 ἢ
965 3133 1059 3192 ἄδειαν
1081 3139 1134 3192 τῶν
1163 3132 1334 3192 συνοικεσίων

10 3303 11 3306 ,
56 3255 167 3331 παρέχειν
189 3259 207 3330 ἢ
232 3255 382 3334 ἐκφῶνησιν
410 3250 557 3334 ἀφορισμοῦ
578 3257 597 3328 ἢ
619 3254 721 3334 κρίνειν
747 3254 796 3326 τὰς
821 3254 1051 3329 ἐκκλησιαστικόις
1073 3253 1175 3334 κρίσεις
1197 3257 1215 3328 ἢ
1240 3250 1333 3333 ἀργεῖν

56 3371 92 3431 ναί
111 3375 242 3455 ἀφορίζειν
264 3376 324 3434 τινὰ
345 3379 363 3449 ἢ
387 3375 461 3435 ἀλλο
484 3397 508 3434 τι
530 3377 657 3454 πράττειν
680 3372 803 3447 ἐξουσίας
826 3370 896 3460 [καὶ]
919 3375 1088 3453 ἐπισκέψεως
1112 3374 1253 3454 δεόμενον,
1277 3373 1332 3436 οὐδ’

57 3493 136 3567 αλλως
164 3499 266 3579 ποιήση
296 3493 343 3555 καί
367 3494 488 3567 ἐναντίος
511 3499 672 3573 φαινόμενος
694 3501 727 3577 τῇ
750 3494 876 3578 συνοδικῇ
899 3497 982 3578 ταύτῃ
1006 3495 1137 3575 ἀποφάσει
1160 3495 1206 3557 καὶ
1230 3503 1262 3579 τῇ
1285 3503 1335 3572 της

57 3614 129 3694 θμχῆς
149 3624 200 3678 τῶν
226 3618 344 3678 Ἑνετῶν
367 3615 499 3691 ἐπιτεύξει
522 3615 568 3677 καὶ
592 3615 707 3699 ἄρξηται
729 3619 813 3678 πάλιν
836 3623 889 3678 τῶν
911 3621 1060 3700 προτέρων,
1084 3619 1254 3695 βουλόμενος
1278 3614 1333 3704 [δὲ]

56 3739 345 3816 παρ’ἐνκλησιαστικὴν
364 3738 440 3812 τάξιν
462 3740 497 3800 τὰ
518 3739 557 3820 τῷ
580 3741 704 3822 ἀρχιερεῖ
726 3741 861 3814 ἀνήκοντα
885 3742 1065 3820 μετέρχεσθαι
1088 3741 1135 3802 καὶ
1157 3743 1334 3822 καταφρονεῖν

56 3865 97 3916 τῶν
123 3861 355 3938 ἐκκλησιαστικῶν
385 3865 475 3937 νόμων
498 3883 528 3922 τε
550 3861 596 3922 καὶ
619 3864 751 3941 κανόνων,
784 3863 863 3935 αύτός
885 3883 916 3922 τε
938 3863 985 3923 καί
1007 3863 1033 3923 σί
1055 3861 1333 3942 συναινοῦντες-αύτῷ

56 3979 179 4058 ἱεμυμένοι
202 3983 250 4044 καὶ
273 3983 375 4063 λαϊκοί,
407 3983 587 4063 ἀφωρισμέναι
610 3985 729 4044 ἔστωσαν
751 3983 826 4062 παρὰ
849 3985 911 4044 θεοῦ
933 3986 1151 4064 παντοκράτορος
1173 3983 1220 4044 καὶ
1243 3983 1334 4065 κυρίου

56 4101 119 4174 ἡμῶν
133 4105 222 4180 Ἰησοῦ
241 4106 357 4186 Χριστοῦ
379 4105 426 4165 καί
449 4107 633 4186 κατηραμένοι
656 4104 702 4165 καὶ
726 4101 916 4186 ἀσυγχώρητοι
938 4104 985 4165 καὶ
1009 4107 1101 4166 άλυτοι
1125 4107 1195 4181 μετὰ
1218 4103 1334 4167 θάνατον

58 4220 80 4278 ἓν
104 4225 137 4304 τῷ
164 4232 222 4302 νῦν,
239 4225 317 4288 αἰῶνι
347 4226 393 4288 καί
418 4226 507 4308 ἐντῷ
531 4228 663 4304 μέλλοντι
685 4226 732 4288 καί
754 4231 815 4301 ταῖς
838 4229 916 4308 ἀραῖς
938 4233 991 4288 τῶν
1015 4229 1099 4306 ἁγίων
1122 4227 1174 4304 τιη’
1198 4229 1335 4311 θεοφόρων

57 4347 162 4426 πατέρων
183 4355 238 4408 τῶν
261 4349 290 4408 ἐν
312 4347 415 4432 Νικαίᾳ
437 4347 483 4409 κάὶ
506 4353 558 4408 τῶν
583 4349 686 4410 λοιπῶν
710 4349 795 4428 ἁγίων
819 4349 937 4410 συνόδων
960 4351 1106 4411 ὑπεύθυνοι.
1138 4351 1203 4423 όσας
1226 4351 1258 4412 δέ
1281 4351 1334 4414 ἀπδ

58 4471 93 4524 τοῦ
104 4473 143 4527 νῦν
158 4470 389 4548 ἐκκλησιαστικάις
407 4471 547 4543 ὑποθέσεις
563 4469 706 4546 τολμήσας
723 4473 922 4554 ἐπιχειρήσεται
941 4472 1084 4533 ἐκτελέσαι
1101 4473 1133 4534 ἐκ
1143 4479 1197 4533 τῶν
1212 4493 1247 4554 πρ
1266 4495 1334 4556 ρρη-

59 4586 150 4669 θέντων,
171 4594 264 4674 ἄκυροι
286 4591 334 4652 καὶ
357 4591 494 4672 άνίσχυροι
519 4593 649 4672 ἔστωσαν,
672 4591 718 4653 καί
734 4595 772 4667 ὡς
788 4595 826 4672 μὴ
849 4597 988 4674 γεγονυῖαι
1010 4595 1224 4676 λογιζέσθωσοιν,
1247 4594 1294 4656 καί
1310 4596 1334 4656 οί

60 4704 85 4764 δι’
99 4710 274 4792 ἐπιτάγματος
293 4715 351 4772 Ιτοῦ
380 4719 549 4794 πρωτοπαπᾶ
579 4713 662 4794 ἱερεῖς
694 4715 918 4790 ἐκκλησιαστικὸν
950 4735 973 4774 τι
1005 4717 1164 4797 ύπούργημα
1189 4719 1332 4778 ἐκτελέσαι
