<?xml version="1.0" encoding="UTF-8"?>
<!DOCTYPE html PUBLIC "-//W3C//DTD XHTML 1.0 Transitional//EN"
    "http://www.w3.org/TR/xhtml1/DTD/xhtml1-transitional.dtd">
<html xmlns="http://www.w3.org/1999/xhtml" xml:lang="en" lang="en">
 <head>
  <title>
</title>
<meta http-equiv="Content-Type" content="text/html;charset=utf-8" />
  <meta name='ocr-system' content='tesseract 3.04.00' />
  <meta name='ocr-capabilities' content='ocr_page ocr_carea ocr_par ocr_line ocrx_word'/>
</head>
<body>
  <div class='ocr_page' id='page_1' title='image "./actaetdiplomata00miklgoog_0354.png"; bbox 0 0 3486 5282; ppageno 0'>
   <div class='ocr_carea' id='block_1_1' title="bbox 1374 369 1436 435">
    <p class='ocr_par' dir='ltr' id='par_1_1' title="bbox 1374 369 1436 435">
     <span class='ocr_line' id='line_1_1' title="bbox 1374 369 1436 435; baseline 0.016 -1"><span class='ocrx_word' id='word_1_1' title='bbox 1374 369 1436 435; x_wconf 71' lang='lat'>22⁷</span> 
     </span>
    </p>
   </div>
   <div class='ocr_carea' id='block_1_2' title="bbox 130 559 1505 4566">
    <p class='ocr_par' dir='ltr' id='par_1_2' title="bbox 130 559 1444 3700">
     <span class='ocr_line' id='line_1_2' title="bbox 135 559 1438 647; baseline 0.005 -28"><span class='ocrx_word' id='word_1_2' title='bbox 135 559 264 640; x_wconf 85' lang='grc' dir='ltr'>πρόβατά</span> <span class='ocrx_word' id='word_1_3' title='bbox 293 581 359 642; x_wconf 89' lang='grc' dir='ltr'>των,</span> <span class='ocrx_word' id='word_1_4' title='bbox 389 564 468 624; x_wconf 89' lang='grc' dir='ltr'>τόσον</span> <span class='ocrx_word' id='word_1_5' title='bbox 492 563 517 625; x_wconf 80' lang='grc' dir='ltr'>οἱ</span> <span class='ocrx_word' id='word_1_6' title='bbox 538 564 701 646; x_wconf 81' lang='grc' dir='ltr'>καλόγηροι,</span> <span class='ocrx_word' id='word_1_7' title='bbox 733 566 797 626; x_wconf 79' lang='grc' dir='ltr'>ὅσον</span> <span class='ocrx_word' id='word_1_8' title='bbox 819 565 865 626; x_wconf 87' lang='grc' dir='ltr'>καὶ</span> <span class='ocrx_word' id='word_1_9' title='bbox 888 565 914 626; x_wconf 91' lang='grc' dir='ltr'>οί</span> <span class='ocrx_word' id='word_1_10' title='bbox 936 565 1067 647; x_wconf 78' lang='grc' dir='ltr'>ραγιάδτς</span> <span class='ocrx_word' id='word_1_11' title='bbox 1089 564 1115 626; x_wconf 80' lang='grc' dir='ltr'>οἳ</span> <span class='ocrx_word' id='word_1_12' title='bbox 1135 570 1324 637; x_wconf 83' lang='grc' dir='ltr'>κατοικοῦντες</span> <span class='ocrx_word' id='word_1_13' title='bbox 1347 562 1387 638; x_wconf 86' lang='grc' dir='ltr'>εἰς</span> <span class='ocrx_word' id='word_1_14' title='bbox 1408 566 1438 626; x_wconf 82' lang='grc' dir='ltr'>τό</span> 
     </span>
     <span class='ocr_line' id='line_1_3' title="bbox 134 683 1438 769; baseline 0.005 -27"><span class='ocrx_word' id='word_1_15' title='bbox 134 683 208 742; x_wconf 85' lang='grc' dir='ltr'>κατὰ</span> <span class='ocrx_word' id='word_1_16' title='bbox 229 683 281 758; x_wconf 78' lang='grc' dir='ltr'>τὴν</span> <span class='ocrx_word' id='word_1_17' title='bbox 304 684 441 766; x_wconf 83' lang='grc' dir='ltr'>ἐπαρχίαν</span> <span class='ocrx_word' id='word_1_18' title='bbox 463 693 513 762; x_wconf 79' lang='grc' dir='ltr'>της</span> <span class='ocrx_word' id='word_1_19' title='bbox 528 688 680 764; x_wconf 81' lang='grc' dir='ltr'>Γαστοιίνης</span> <span class='ocrx_word' id='word_1_20' title='bbox 701 685 829 764; x_wconf 84' lang='grc' dir='ltr'>κείμενον</span> <span class='ocrx_word' id='word_1_21' title='bbox 844 689 983 768; x_wconf 87' lang='grc' dir='ltr'>μετόχισν,</span> <span class='ocrx_word' id='word_1_22' title='bbox 1006 690 1036 749; x_wconf 84' lang='grc' dir='ltr'>τδ</span> <span class='ocrx_word' id='word_1_23' title='bbox 1052 689 1144 750; x_wconf 81' lang='grc' dir='ltr'>ὁποῖον</span> <span class='ocrx_word' id='word_1_24' title='bbox 1158 689 1322 765; x_wconf 75' lang='grc' dir='ltr'>θωμάζεται</span> <span class='ocrx_word' id='word_1_25' title='bbox 1337 690 1438 769; x_wconf 85' lang='grc' dir='ltr'>Μαῦροι</span> 
     </span>
     <span class='ocr_line' id='line_1_4' title="bbox 134 799 1439 891; baseline 0.005 -27"><span class='ocrx_word' id='word_1_26' title='bbox 134 805 237 880; x_wconf 85' lang='grc' dir='ltr'>Βουνά,</span> <span class='ocrx_word' id='word_1_27' title='bbox 261 807 307 886; x_wconf 89' lang='grc' dir='ltr'>ἀφ’</span> <span class='ocrx_word' id='word_1_28' title='bbox 320 799 351 866; x_wconf 80' lang='grc' dir='ltr'>οὗ</span> <span class='ocrx_word' id='word_1_29' title='bbox 372 807 539 890; x_wconf 80' lang='grc' dir='ltr'>πληρωνωσι</span> <span class='ocrx_word' id='word_1_30' title='bbox 560 811 621 870; x_wconf 87' lang='grc' dir='ltr'>κατ’</span> <span class='ocrx_word' id='word_1_31' title='bbox 634 809 694 882; x_wconf 85' lang='grc' dir='ltr'>ἔτος</span> <span class='ocrx_word' id='word_1_32' title='bbox 717 809 752 870; x_wconf 83' lang='grc' dir='ltr'>τὰ</span> <span class='ocrx_word' id='word_1_33' title='bbox 767 809 837 886; x_wconf 79' lang='grc' dir='ltr'>μετὰ</span> <span class='ocrx_word' id='word_1_34' title='bbox 852 817 900 886; x_wconf 78' lang='grc' dir='ltr'>τῆς</span> <span class='ocrx_word' id='word_1_35' title='bbox 915 811 1072 891; x_wconf 90' lang='grc' dir='ltr'>προσθήκης</span> <span class='ocrx_word' id='word_1_36' title='bbox 1087 811 1218 890; x_wconf 87' lang='grc' dir='ltr'>γινόμενα</span> <span class='ocrx_word' id='word_1_37' title='bbox 1231 812 1342 891; x_wconf 89' lang='grc' dir='ltr'>τριάντα</span> <span class='ocrx_word' id='word_1_38' title='bbox 1356 811 1439 871; x_wconf 87' lang='grc' dir='ltr'>πέντε</span> 
     </span>
     <span class='ocr_line' id='line_1_5' title="bbox 134 925 1438 1012; baseline 0.006 -28"><span class='ocrx_word' id='word_1_39' title='bbox 134 925 266 1004; x_wconf 77' lang='grc' dir='ltr'>χιλιάδες</span> <span class='ocrx_word' id='word_1_40' title='bbox 288 926 380 988; x_wconf 78' lang='grc' dir='ltr'>λεπτὰ</span> <span class='ocrx_word' id='word_1_41' title='bbox 403 928 530 1012; x_wconf 66' lang='grc' dir='ltr'>(ἄστρα),</span> <span class='ocrx_word' id='word_1_42' title='bbox 553 932 592 1003; x_wconf 70' lang='grc' dir='ltr'>ὡς</span> <span class='ocrx_word' id='word_1_43' title='bbox 614 931 750 1007; x_wconf 83' lang='grc' dir='ltr'>ἃντίτιμον</span> <span class='ocrx_word' id='word_1_44' title='bbox 771 938 821 1008; x_wconf 82' lang='grc' dir='ltr'>τῆς</span> <span class='ocrx_word' id='word_1_45' title='bbox 840 930 985 1006; x_wconf 88' lang='grc' dir='ltr'>ἀσυδοσίας</span> <span class='ocrx_word' id='word_1_46' title='bbox 999 953 1062 1012; x_wconf 87' lang='grc' dir='ltr'>των,</span> <span class='ocrx_word' id='word_1_47' title='bbox 1085 938 1135 1008; x_wconf 77' lang='grc' dir='ltr'>της</span> <span class='ocrx_word' id='word_1_48' title='bbox 1148 933 1244 1006; x_wconf 83' lang='grc' dir='ltr'>θποίας</span> <span class='ocrx_word' id='word_1_49' title='bbox 1265 931 1438 1012; x_wconf 83' lang='grc' dir='ltr'>ήπληρωμὴ</span> 
     </span>
     <span class='ocr_line' id='line_1_6' title="bbox 134 1048 1439 1136; baseline 0.004 -27"><span class='ocrx_word' id='word_1_50' title='bbox 134 1048 273 1127; x_wconf 79' lang='grc' dir='ltr'>ὠφειλετο</span> <span class='ocrx_word' id='word_1_51' title='bbox 296 1049 337 1124; x_wconf 86' lang='grc' dir='ltr'>εἰς</span> <span class='ocrx_word' id='word_1_52' title='bbox 359 1053 405 1110; x_wconf 79' lang='grc' dir='ltr'>τὀν</span> <span class='ocrx_word' id='word_1_53' title='bbox 428 1051 641 1131; x_wconf 76' lang='grc' dir='ltr'>διατεταγμένον</span> <span class='ocrx_word' id='word_1_54' title='bbox 663 1057 795 1132; x_wconf 85' lang='grc' dir='ltr'>αυνάκτην</span> <span class='ocrx_word' id='word_1_55' title='bbox 818 1056 915 1136; x_wconf 75' lang='grc' dir='ltr'>αὐτῶν,</span> <span class='ocrx_word' id='word_1_56' title='bbox 937 1053 984 1116; x_wconf 79' lang='grc' dir='ltr'>καὶ</span> <span class='ocrx_word' id='word_1_57' title='bbox 998 1055 1034 1115; x_wconf 82' lang='grc' dir='ltr'>νδ</span> <span class='ocrx_word' id='word_1_58' title='bbox 1049 1049 1117 1115; x_wconf 83' lang='grc' dir='ltr'>εἶναι</span> <span class='ocrx_word' id='word_1_59' title='bbox 1134 1055 1273 1136; x_wconf 83' lang='grc' dir='ltr'>ἐλεόθεροι</span> <span class='ocrx_word' id='word_1_60' title='bbox 1288 1054 1341 1116; x_wconf 83' lang='grc' dir='ltr'>ἀπό</span> <span class='ocrx_word' id='word_1_61' title='bbox 1356 1055 1439 1127; x_wconf 85' lang='grc' dir='ltr'>δλους</span> 
     </span>
     <span class='ocr_line' id='line_1_7' title="bbox 133 1155 1440 1257; baseline 0.004 -27"><span class='ocrx_word' id='word_1_62' title='bbox 133 1172 198 1244; x_wconf 82' lang='grc' dir='ltr'>τοὺς</span> <span class='ocrx_word' id='word_1_63' title='bbox 214 1170 330 1246; x_wconf 82' lang='grc' dir='ltr'>’ἀλλους</span> <span class='ocrx_word' id='word_1_64' title='bbox 352 1175 460 1254; x_wconf 83' lang='grc' dir='ltr'>φόρους,</span> <span class='ocrx_word' id='word_1_65' title='bbox 486 1175 582 1236; x_wconf 78' lang='grc' dir='ltr'>καθότι</span> <span class='ocrx_word' id='word_1_66' title='bbox 604 1173 649 1254; x_wconf 88' lang='grc' dir='ltr'>ἀφ’</span> <span class='ocrx_word' id='word_1_67' title='bbox 661 1169 692 1236; x_wconf 80' lang='grc' dir='ltr'>οὗ</span> <span class='ocrx_word' id='word_1_68' title='bbox 714 1176 877 1257; x_wconf 82' lang='grc' dir='ltr'>πληριίινωσι</span> <span class='ocrx_word' id='word_1_69' title='bbox 899 1178 960 1237; x_wconf 86' lang='grc' dir='ltr'>κατ’</span> <span class='ocrx_word' id='word_1_70' title='bbox 973 1178 1034 1250; x_wconf 84' lang='grc' dir='ltr'>ἔτος</span> <span class='ocrx_word' id='word_1_71' title='bbox 1055 1177 1104 1254; x_wconf 79' lang='grc' dir='ltr'>τήν</span> <span class='ocrx_word' id='word_1_72' title='bbox 1127 1175 1269 1253; x_wconf 78' lang='grc' dir='ltr'>ἀποκοπήν</span> <span class='ocrx_word' id='word_1_73' title='bbox 1291 1198 1345 1237; x_wconf 93' lang='grc' dir='ltr'>των</span> <span class='ocrx_word' id='word_1_74' title='bbox 1362 1155 1440 1253; x_wconf 34' lang='grc' dir='ltr'>’μετὰ</span> 
     </span>
     <span class='ocr_line' id='line_1_8' title="bbox 133 1295 1440 1378; baseline 0.002 -24"><span class='ocrx_word' id='word_1_75' title='bbox 133 1299 185 1368; x_wconf 76' lang='grc' dir='ltr'>τῆς</span> <span class='ocrx_word' id='word_1_76' title='bbox 215 1297 367 1372; x_wconf 85' lang='grc' dir='ltr'>γινομένης</span> <span class='ocrx_word' id='word_1_77' title='bbox 392 1297 549 1375; x_wconf 85' lang='grc' dir='ltr'>προσθήκης</span> <span class='ocrx_word' id='word_1_78' title='bbox 578 1298 617 1369; x_wconf 84' lang='grc' dir='ltr'>ὼς</span> <span class='ocrx_word' id='word_1_79' title='bbox 647 1295 782 1374; x_wconf 88' lang='grc' dir='ltr'>ἀντίτιμον</span> <span class='ocrx_word' id='word_1_80' title='bbox 811 1304 861 1374; x_wconf 83' lang='grc' dir='ltr'>τῆς</span> <span class='ocrx_word' id='word_1_81' title='bbox 890 1297 1033 1371; x_wconf 83' lang='grc' dir='ltr'>δσυδοτίοις</span> <span class='ocrx_word' id='word_1_82' title='bbox 1061 1319 1115 1359; x_wconf 91' lang='grc' dir='ltr'>των</span> <span class='ocrx_word' id='word_1_83' title='bbox 1146 1297 1192 1360; x_wconf 83' lang='grc' dir='ltr'>διὰ</span> <span class='ocrx_word' id='word_1_84' title='bbox 1217 1299 1252 1359; x_wconf 77' lang='grc' dir='ltr'>τὰ</span> <span class='ocrx_word' id='word_1_85' title='bbox 1273 1297 1440 1378; x_wconf 72' lang='grc' dir='ltr'>ὀφειλόμενα</span> 
     </span>
     <span class='ocr_line' id='line_1_9' title="bbox 134 1414 1438 1502; baseline 0.005 -28"><span class='ocrx_word' id='word_1_86' title='bbox 134 1414 243 1475; x_wconf 84' lang='grc' dir='ltr'>δέκατα</span> <span class='ocrx_word' id='word_1_87' title='bbox 264 1415 313 1476; x_wconf 88' lang='grc' dir='ltr'>καὶ</span> <span class='ocrx_word' id='word_1_88' title='bbox 336 1417 443 1491; x_wconf 83' lang='grc' dir='ltr'>ἀλλους</span> <span class='ocrx_word' id='word_1_89' title='bbox 464 1421 561 1498; x_wconf 83' lang='grc' dir='ltr'>φόρους</span> <span class='ocrx_word' id='word_1_90' title='bbox 583 1424 636 1479; x_wconf 86' lang='grc' dir='ltr'>τῶν</span> <span class='ocrx_word' id='word_1_91' title='bbox 657 1425 755 1502; x_wconf 87' lang='grc' dir='ltr'>γαιῶν,</span> <span class='ocrx_word' id='word_1_92' title='bbox 779 1419 989 1502; x_wconf 87' lang='grc' dir='ltr'>έλαιοδένδρων,</span> <span class='ocrx_word' id='word_1_93' title='bbox 1013 1421 1157 1498; x_wconf 82' lang='grc' dir='ltr'>όσπητίων,</span> <span class='ocrx_word' id='word_1_94' title='bbox 1181 1419 1357 1502; x_wconf 82' lang='grc' dir='ltr'>περιβολίων,</span> <span class='ocrx_word' id='word_1_95' title='bbox 1381 1421 1438 1497; x_wconf 83' lang='grc' dir='ltr'>ἀμ-</span> 
     </span>
     <span class='ocr_line' id='line_1_10' title="bbox 131 1537 1439 1623; baseline 0.007 -28"><span class='ocrx_word' id='word_1_96' title='bbox 131 1537 242 1596; x_wconf 86' lang='grc' dir='ltr'>πελίων</span> <span class='ocrx_word' id='word_1_97' title='bbox 258 1537 306 1598; x_wconf 84' lang='grc' dir='ltr'>καὶ</span> <span class='ocrx_word' id='word_1_98' title='bbox 321 1537 482 1620; x_wconf 76' lang='grc' dir='ltr'>λειβαδὶων,</span> <span class='ocrx_word' id='word_1_99' title='bbox 504 1547 668 1622; x_wconf 82' lang='grc' dir='ltr'>χειμερινῶν</span> <span class='ocrx_word' id='word_1_100' title='bbox 682 1540 730 1602; x_wconf 89' lang='grc' dir='ltr'>καὶ</span> <span class='ocrx_word' id='word_1_101' title='bbox 744 1544 865 1623; x_wconf 84' lang='grc' dir='ltr'>θερινῶν,</span> <span class='ocrx_word' id='word_1_102' title='bbox 885 1547 939 1603; x_wconf 77' lang='grc' dir='ltr'>τῶν</span> <span class='ocrx_word' id='word_1_103' title='bbox 955 1541 1054 1608; x_wconf 78' lang='grc' dir='ltr'>ὁποίων</span> <span class='ocrx_word' id='word_1_104' title='bbox 1069 1543 1104 1604; x_wconf 90' lang='grc' dir='ltr'>τδι</span> <span class='ocrx_word' id='word_1_105' title='bbox 1119 1543 1216 1623; x_wconf 83' lang='grc' dir='ltr'>σθνορα</span> <span class='ocrx_word' id='word_1_106' title='bbox 1231 1537 1300 1604; x_wconf 78' lang='grc' dir='ltr'>εἶναι</span> <span class='ocrx_word' id='word_1_107' title='bbox 1316 1561 1439 1618; x_wconf 84' lang='grc' dir='ltr'>σημειω-</span> 
     </span>
     <span class='ocr_line' id='line_1_11' title="bbox 133 1659 1439 1745; baseline 0.004 -26"><span class='ocrx_word' id='word_1_108' title='bbox 133 1661 210 1733; x_wconf 88' lang='grc' dir='ltr'>μένα</span> <span class='ocrx_word' id='word_1_109' title='bbox 239 1661 312 1721; x_wconf 80' lang='grc' dir='ltr'>κατὰ</span> <span class='ocrx_word' id='word_1_110' title='bbox 340 1662 376 1720; x_wconf 82' lang='grc' dir='ltr'>τὰ</span> <span class='ocrx_word' id='word_1_111' title='bbox 406 1661 537 1736; x_wconf 83' lang='grc' dir='ltr'>βασιλικά</span> <span class='ocrx_word' id='word_1_112' title='bbox 567 1685 620 1740; x_wconf 88' lang='grc' dir='ltr'>μου</span> <span class='ocrx_word' id='word_1_113' title='bbox 642 1665 794 1742; x_wconf 86' lang='grc' dir='ltr'>κατάστιχα</span> <span class='ocrx_word' id='word_1_114' title='bbox 815 1663 863 1726; x_wconf 88' lang='grc' dir='ltr'>καὶ</span> <span class='ocrx_word' id='word_1_115' title='bbox 885 1667 988 1724; x_wconf 85' lang='grc' dir='ltr'>κεῖνται</span> <span class='ocrx_word' id='word_1_116' title='bbox 1010 1663 1065 1724; x_wconf 85' lang='grc' dir='ltr'>εἴτε</span> <span class='ocrx_word' id='word_1_117' title='bbox 1087 1665 1118 1726; x_wconf 84' lang='grc' dir='ltr'>τδ</span> <span class='ocrx_word' id='word_1_118' title='bbox 1139 1659 1212 1726; x_wconf 91' lang='grc' dir='ltr'>κατά</span> <span class='ocrx_word' id='word_1_119' title='bbox 1233 1665 1281 1740; x_wconf 81' lang='grc' dir='ltr'>τὴν</span> <span class='ocrx_word' id='word_1_120' title='bbox 1304 1663 1439 1745; x_wconf 85' lang='grc' dir='ltr'>ἐπαρχίαν</span> 
     </span>
     <span class='ocr_line' id='line_1_12' title="bbox 131 1781 1439 1868; baseline 0.005 -29"><span class='ocrx_word' id='word_1_121' title='bbox 131 1787 186 1856; x_wconf 81' lang='grc' dir='ltr'>τῆς</span> <span class='ocrx_word' id='word_1_122' title='bbox 210 1782 365 1860; x_wconf 81' lang='grc' dir='ltr'>Γαστοίννης</span> <span class='ocrx_word' id='word_1_123' title='bbox 387 1781 572 1866; x_wconf 80' lang='grc' dir='ltr'>ξενοτροφεῑον</span> <span class='ocrx_word' id='word_1_124' title='bbox 594 1785 641 1846; x_wconf 86' lang='grc' dir='ltr'>καὶ</span> <span class='ocrx_word' id='word_1_125' title='bbox 665 1787 802 1866; x_wconf 85' lang='grc' dir='ltr'>μετόχιον,</span> <span class='ocrx_word' id='word_1_126' title='bbox 829 1787 860 1846; x_wconf 86' lang='grc' dir='ltr'>τδ</span> <span class='ocrx_word' id='word_1_127' title='bbox 883 1787 974 1846; x_wconf 81' lang='grc' dir='ltr'>ὁποῖον</span> <span class='ocrx_word' id='word_1_128' title='bbox 997 1781 1066 1847; x_wconf 85' lang='grc' dir='ltr'>εἶναι</span> <span class='ocrx_word' id='word_1_129' title='bbox 1090 1787 1198 1846; x_wconf 82' lang='grc' dir='ltr'>ἐκτῶν</span> <span class='ocrx_word' id='word_1_130' title='bbox 1221 1787 1439 1868; x_wconf 78' lang='grc' dir='ltr'>παραρτημάτων</span> 
     </span>
     <span class='ocr_line' id='line_1_13' title="bbox 130 1903 1439 1990; baseline 0.003 -28"><span class='ocrx_word' id='word_1_131' title='bbox 130 1907 183 1962; x_wconf 73' lang='grc' dir='ltr'>τοῦ</span> <span class='ocrx_word' id='word_1_132' title='bbox 214 1903 345 1982; x_wconf 73' lang='grc' dir='ltr'>ῥηθέντος</span> <span class='ocrx_word' id='word_1_133' title='bbox 375 1907 564 1988; x_wconf 87' lang='grc' dir='ltr'>μοναστηρίου,</span> <span class='ocrx_word' id='word_1_134' title='bbox 597 1907 652 1968; x_wconf 85' lang='grc' dir='ltr'>εἴτε</span> <span class='ocrx_word' id='word_1_135' title='bbox 681 1907 722 1982; x_wconf 90' lang='grc' dir='ltr'>εἰς</span> <span class='ocrx_word' id='word_1_136' title='bbox 748 1910 811 1969; x_wconf 82' lang='grc' dir='ltr'>αἰτδ</span> <span class='ocrx_word' id='word_1_137' title='bbox 833 1911 864 1969; x_wconf 85' lang='grc' dir='ltr'>τό</span> <span class='ocrx_word' id='word_1_138' title='bbox 886 1907 955 1969; x_wconf 80' lang='grc' dir='ltr'>ἴδιον</span> <span class='ocrx_word' id='word_1_139' title='bbox 978 1911 1156 1990; x_wconf 81' lang='grc' dir='ltr'>μοναοτήριον</span> <span class='ocrx_word' id='word_1_140' title='bbox 1180 1909 1265 1986; x_wconf 88' lang='grc' dir='ltr'>Μέγα</span> <span class='ocrx_word' id='word_1_141' title='bbox 1287 1907 1439 1987; x_wconf 78' lang='grc' dir='ltr'>Σπήλαιον,</span> 
     </span>
     <span class='ocr_line' id='line_1_14' title="bbox 130 2025 1440 2110; baseline 0.005 -28"><span class='ocrx_word' id='word_1_142' title='bbox 130 2025 171 2083; x_wconf 75' lang='grc' dir='ltr'>τὰ</span> <span class='ocrx_word' id='word_1_143' title='bbox 194 2027 276 2085; x_wconf 84' lang='grc' dir='ltr'>όποῑα</span> <span class='ocrx_word' id='word_1_144' title='bbox 298 2027 486 2107; x_wconf 83' lang='grc' dir='ltr'>τροφοδοτοῡσι</span> <span class='ocrx_word' id='word_1_145' title='bbox 507 2031 569 2102; x_wconf 77' lang='grc' dir='ltr'>τοὺς</span> <span class='ocrx_word' id='word_1_146' title='bbox 584 2031 772 2106; x_wconf 81' lang='grc' dir='ltr'>διαβαίνοντας</span> <span class='ocrx_word' id='word_1_147' title='bbox 787 2033 892 2092; x_wconf 86' lang='grc' dir='ltr'>ἐκεῖθεν</span> <span class='ocrx_word' id='word_1_148' title='bbox 907 2031 1059 2110; x_wconf 76' lang='grc' dir='ltr'>ἡγεμόνας,</span> <span class='ocrx_word' id='word_1_149' title='bbox 1083 2026 1257 2104; x_wconf 74' lang='grc' dir='ltr'>ἐξουσιαστάς</span> <span class='ocrx_word' id='word_1_150' title='bbox 1271 2028 1319 2090; x_wconf 90' lang='grc' dir='ltr'>καὶ</span> <span class='ocrx_word' id='word_1_151' title='bbox 1335 2031 1440 2102; x_wconf 80' lang='grc' dir='ltr'>ἄλλους</span> 
     </span>
     <span class='ocr_line' id='line_1_15' title="bbox 133 2143 1439 2232; baseline 0.005 -28"><span class='ocrx_word' id='word_1_152' title='bbox 133 2143 300 2226; x_wconf 79' lang='grc' dir='ltr'>ἀνθρώπους</span> <span class='ocrx_word' id='word_1_153' title='bbox 323 2149 388 2210; x_wconf 83' lang='grc' dir='ltr'>ἀνευ</span> <span class='ocrx_word' id='word_1_154' title='bbox 411 2151 548 2228; x_wconf 79' lang='grc' dir='ltr'>μηδεμιᾶς</span> <span class='ocrx_word' id='word_1_155' title='bbox 570 2153 735 2232; x_wconf 84' lang='grc' dir='ltr'>πληρωμῆς,</span> <span class='ocrx_word' id='word_1_156' title='bbox 757 2155 788 2213; x_wconf 84' lang='grc' dir='ltr'>τδ</span> <span class='ocrx_word' id='word_1_157' title='bbox 811 2153 844 2212; x_wconf 85' lang='grc' dir='ltr'>νά</span> <span class='ocrx_word' id='word_1_158' title='bbox 868 2152 1038 2231; x_wconf 87' lang='grc' dir='ltr'>ἐνοχλῶνται</span> <span class='ocrx_word' id='word_1_159' title='bbox 1052 2153 1117 2212; x_wconf 83' lang='grc' dir='ltr'>καθ’</span> <span class='ocrx_word' id='word_1_160' title='bbox 1128 2151 1317 2226; x_wconf 85' lang='grc' dir='ltr'>όποιονδήτινα</span> <span class='ocrx_word' id='word_1_161' title='bbox 1332 2151 1439 2232; x_wconf 87' lang='grc' dir='ltr'>τρόπον,</span> 
     </span>
     <span class='ocr_line' id='line_1_16' title="bbox 131 2269 1440 2356; baseline 0.003 -28"><span class='ocrx_word' id='word_1_162' title='bbox 131 2270 233 2342; x_wconf 81' lang='grc' dir='ltr'>καθὼς</span> <span class='ocrx_word' id='word_1_163' title='bbox 258 2269 307 2331; x_wconf 90' lang='grc' dir='ltr'>καὶ</span> <span class='ocrx_word' id='word_1_164' title='bbox 336 2273 367 2332; x_wconf 85' lang='grc' dir='ltr'>τδ</span> <span class='ocrx_word' id='word_1_165' title='bbox 397 2273 430 2332; x_wconf 89' lang='grc' dir='ltr'>νά</span> <span class='ocrx_word' id='word_1_166' title='bbox 459 2273 661 2356; x_wconf 80' lang='grc' dir='ltr'>ἐπηρτοίζωνται</span> <span class='ocrx_word' id='word_1_167' title='bbox 683 2274 709 2336; x_wconf 84' lang='grc' dir='ltr'>οί</span> <span class='ocrx_word' id='word_1_168' title='bbox 730 2276 884 2355; x_wconf 85' lang='grc' dir='ltr'>καλόγηροι</span> <span class='ocrx_word' id='word_1_169' title='bbox 905 2269 953 2336; x_wconf 82' lang='grc' dir='ltr'>καί</span> <span class='ocrx_word' id='word_1_170' title='bbox 975 2273 1066 2336; x_wconf 86' lang='grc' dir='ltr'>λοιποὶ</span> <span class='ocrx_word' id='word_1_171' title='bbox 1089 2273 1221 2356; x_wconf 78' lang='grc' dir='ltr'>ῥαγιάδες</span> <span class='ocrx_word' id='word_1_172' title='bbox 1243 2278 1289 2334; x_wconf 83' lang='grc' dir='ltr'>τοῦ</span> <span class='ocrx_word' id='word_1_173' title='bbox 1311 2272 1440 2354; x_wconf 81' lang='grc' dir='ltr'>ῥηθέντος</span> 
     </span>
     <span class='ocr_line' id='line_1_17' title="bbox 132 2392 1440 2476; baseline 0 -23"><span class='ocrx_word' id='word_1_174' title='bbox 132 2392 271 2470; x_wconf 85' lang='grc' dir='ltr'>μετσχίου</span> <span class='ocrx_word' id='word_1_175' title='bbox 293 2395 369 2475; x_wconf 80' lang='grc' dir='ltr'>παρὰ</span> <span class='ocrx_word' id='word_1_176' title='bbox 390 2394 444 2455; x_wconf 82' lang='grc' dir='ltr'>τῶν</span> <span class='ocrx_word' id='word_1_177' title='bbox 467 2395 659 2472; x_wconf 78' lang='grc' dir='ltr'>βοεβονδάδων</span> <span class='ocrx_word' id='word_1_178' title='bbox 681 2403 731 2474; x_wconf 85' lang='grc' dir='ltr'>τῆς</span> <span class='ocrx_word' id='word_1_179' title='bbox 747 2398 899 2474; x_wconf 82' lang='grc' dir='ltr'>Γαστοίνης</span> <span class='ocrx_word' id='word_1_180' title='bbox 919 2397 954 2473; x_wconf 91' lang='grc' dir='ltr'>μέ</span> <span class='ocrx_word' id='word_1_181' title='bbox 970 2398 1129 2472; x_wconf 68' lang='grc' dir='ltr'>ἀπαιτήσεις</span> <span class='ocrx_word' id='word_1_182' title='bbox 1143 2397 1340 2476; x_wconf 87' lang='grc' dir='ltr'>περισαοτὲρων</span> <span class='ocrx_word' id='word_1_183' title='bbox 1352 2396 1440 2476; x_wconf 89' lang='grc' dir='ltr'>φόρων</span> 
     </span>
     <span class='ocr_line' id='line_1_18' title="bbox 131 2509 1441 2599; baseline 0.002 -27"><span class='ocrx_word' id='word_1_184' title='bbox 131 2509 209 2574; x_wconf 83' lang='grc' dir='ltr'>εἶναι</span> <span class='ocrx_word' id='word_1_185' title='bbox 240 2515 361 2577; x_wconf 86' lang='grc' dir='ltr'>ἐναντίον</span> <span class='ocrx_word' id='word_1_186' title='bbox 392 2515 510 2590; x_wconf 77' lang='grc' dir='ltr'>εἰςτὰς</span> <span class='ocrx_word' id='word_1_187' title='bbox 537 2518 683 2593; x_wconf 83' lang='grc' dir='ltr'>βασιλικάς</span> <span class='ocrx_word' id='word_1_188' title='bbox 711 2541 762 2594; x_wconf 87' lang='grc' dir='ltr'>μου</span> <span class='ocrx_word' id='word_1_189' title='bbox 788 2519 919 2599; x_wconf 79' lang='grc' dir='ltr'>διαταγὰς</span> <span class='ocrx_word' id='word_1_190' title='bbox 945 2519 995 2590; x_wconf 78' lang='grc' dir='ltr'>τὰς</span> <span class='ocrx_word' id='word_1_191' title='bbox 1022 2518 1182 2590; x_wconf 83' lang='grc' dir='ltr'>ἐκδοθείσας</span> <span class='ocrx_word' id='word_1_192' title='bbox 1204 2517 1275 2578; x_wconf 84' lang='grc' dir='ltr'>κατὰ</span> <span class='ocrx_word' id='word_1_193' title='bbox 1298 2515 1441 2597; x_wconf 72' lang='grc' dir='ltr'>διαφόρους</span> 
     </span>
     <span class='ocr_line' id='line_1_19' title="bbox 135 2633 1442 2717; baseline 0.002 -22"><span class='ocrx_word' id='word_1_194' title='bbox 135 2633 247 2715; x_wconf 84' lang='grc' dir='ltr'>ἐποχὰς</span> <span class='ocrx_word' id='word_1_195' title='bbox 275 2637 321 2698; x_wconf 81' lang='grc' dir='ltr'>διὰ</span> <span class='ocrx_word' id='word_1_196' title='bbox 347 2641 396 2716; x_wconf 78' lang='grc' dir='ltr'>τὴν</span> <span class='ocrx_word' id='word_1_197' title='bbox 424 2639 568 2702; x_wconf 86' lang='grc' dir='ltr'>ἀσυδοσίαν</span> <span class='ocrx_word' id='word_1_198' title='bbox 589 2663 643 2702; x_wconf 90' lang='grc' dir='ltr'>των</span> <span class='ocrx_word' id='word_1_199' title='bbox 665 2639 712 2702; x_wconf 87' lang='grc' dir='ltr'>καὶ</span> <span class='ocrx_word' id='word_1_200' title='bbox 733 2643 780 2701; x_wconf 83' lang='grc' dir='ltr'>τόν</span> <span class='ocrx_word' id='word_1_201' title='bbox 802 2643 963 2717; x_wconf 88' lang='grc' dir='ltr'>κανονισμδν</span> <span class='ocrx_word' id='word_1_202' title='bbox 986 2643 1083 2701; x_wconf 71' lang='grc' dir='ltr'>αἰετῶν.</span> <span class='ocrx_word' id='word_1_203' title='bbox 1128 2640 1224 2715; x_wconf 80' lang='grc' dir='ltr'>ἐπειδὴ</span> <span class='ocrx_word' id='word_1_204' title='bbox 1248 2640 1279 2700; x_wconf 89' lang='grc' dir='ltr'>δὲ</span> <span class='ocrx_word' id='word_1_205' title='bbox 1302 2639 1349 2700; x_wconf 89' lang='grc' dir='ltr'>καί</span> <span class='ocrx_word' id='word_1_206' title='bbox 1369 2659 1442 2712; x_wconf 88' lang='grc' dir='ltr'>τινες</span> 
     </span>
     <span class='ocr_line' id='line_1_20' title="bbox 134 2760 1440 2845; baseline -0.001 -24"><span class='ocrx_word' id='word_1_207' title='bbox 134 2763 172 2821; x_wconf 84' lang='grc' dir='ltr'>ἐκ</span> <span class='ocrx_word' id='word_1_208' title='bbox 195 2767 251 2821; x_wconf 82' lang='grc' dir='ltr'>τῶν</span> <span class='ocrx_word' id='word_1_209' title='bbox 273 2761 403 2841; x_wconf 86' lang='grc' dir='ltr'>φυλάκων</span> <span class='ocrx_word' id='word_1_210' title='bbox 425 2767 471 2824; x_wconf 83' lang='grc' dir='ltr'>τοῦ</span> <span class='ocrx_word' id='word_1_211' title='bbox 494 2763 617 2845; x_wconf 81' lang='grc' dir='ltr'>φρουρίου</span> <span class='ocrx_word' id='word_1_212' title='bbox 639 2763 803 2844; x_wconf 86' lang='grc' dir='ltr'>Ναβαρίνων</span> <span class='ocrx_word' id='word_1_213' title='bbox 825 2761 871 2822; x_wconf 84' lang='grc' dir='ltr'>καὶ</span> <span class='ocrx_word' id='word_1_214' title='bbox 894 2769 948 2822; x_wconf 84' lang='grc' dir='ltr'>τῶν</span> <span class='ocrx_word' id='word_1_215' title='bbox 964 2763 1138 2823; x_wconf 85' lang='grc' dir='ltr'>ἐνοικιοιστῶν</span> <span class='ocrx_word' id='word_1_216' title='bbox 1152 2761 1272 2822; x_wconf 85' lang='grc' dir='ltr'>ἐναντίον</span> <span class='ocrx_word' id='word_1_217' title='bbox 1287 2767 1341 2822; x_wconf 83' lang='grc' dir='ltr'>τῶν</span> <span class='ocrx_word' id='word_1_218' title='bbox 1358 2760 1440 2834; x_wconf 86' lang='grc' dir='ltr'>βασι-</span> 
     </span>
     <span class='ocr_line' id='line_1_21' title="bbox 134 2882 1441 2965; baseline -0.002 -22"><span class='ocrx_word' id='word_1_219' title='bbox 134 2885 230 2944; x_wconf 82' lang='grc' dir='ltr'>λικῶν</span> <span class='ocrx_word' id='word_1_220' title='bbox 252 2888 375 2946; x_wconf 76' lang='grc' dir='ltr'>κανόνων</span> <span class='ocrx_word' id='word_1_221' title='bbox 401 2885 463 2956; x_wconf 81' lang='grc' dir='ltr'>τοδς</span> <span class='ocrx_word' id='word_1_222' title='bbox 485 2884 685 2965; x_wconf 83' lang='grc' dir='ltr'>παρηνώχλουν</span> <span class='ocrx_word' id='word_1_223' title='bbox 709 2885 744 2960; x_wconf 89' lang='grc' dir='ltr'>μὲ</span> <span class='ocrx_word' id='word_1_224' title='bbox 768 2883 926 2958; x_wconf 72' lang='grc' dir='ltr'>ἀπαιτήσεις</span> <span class='ocrx_word' id='word_1_225' title='bbox 948 2887 1037 2965; x_wconf 90' lang='grc' dir='ltr'>φόρων</span> <span class='ocrx_word' id='word_1_226' title='bbox 1059 2882 1106 2944; x_wconf 88' lang='grc' dir='ltr'>καὶ</span> <span class='ocrx_word' id='word_1_227' title='bbox 1122 2883 1386 2964; x_wconf 78' lang='grc' dir='ltr'>κρισολογηθέντων,</span> <span class='ocrx_word' id='word_1_228' title='bbox 1410 2883 1441 2959; x_wconf 87' lang='grc' dir='ltr'>μ’</span> 
     </span>
     <span class='ocr_line' id='line_1_22' title="bbox 135 3003 1442 3086; baseline -0.002 -20"><span class='ocrx_word' id='word_1_229' title='bbox 135 3009 208 3068; x_wconf 87' lang='grc' dir='ltr'>όλον</span> <span class='ocrx_word' id='word_1_230' title='bbox 231 3007 298 3068; x_wconf 81' lang='grc' dir='ltr'>θιιοῡ</span> <span class='ocrx_word' id='word_1_231' title='bbox 321 3006 484 3086; x_wconf 85' lang='grc' dir='ltr'>ἀπεδείχθη,</span> <span class='ocrx_word' id='word_1_232' title='bbox 507 3009 547 3066; x_wconf 82' lang='grc' dir='ltr'>ὅτι</span> <span class='ocrx_word' id='word_1_233' title='bbox 571 3006 598 3066; x_wconf 78' lang='grc' dir='ltr'>αἱ</span> <span class='ocrx_word' id='word_1_234' title='bbox 622 3003 778 3082; x_wconf 81' lang='grc' dir='ltr'>ἀπαιτήσεις</span> <span class='ocrx_word' id='word_1_235' title='bbox 800 3027 854 3066; x_wconf 89' lang='grc' dir='ltr'>των</span> <span class='ocrx_word' id='word_1_236' title='bbox 875 3003 947 3083; x_wconf 79' lang='grc' dir='ltr'>ἦσαν</span> <span class='ocrx_word' id='word_1_237' title='bbox 970 3005 1088 3066; x_wconf 90' lang='grc' dir='ltr'>ἐναντίαι</span> <span class='ocrx_word' id='word_1_238' title='bbox 1108 3003 1149 3077; x_wconf 87' lang='grc' dir='ltr'>εἰς</span> <span class='ocrx_word' id='word_1_239' title='bbox 1163 3005 1213 3076; x_wconf 86' lang='grc' dir='ltr'>τάς</span> <span class='ocrx_word' id='word_1_240' title='bbox 1228 3005 1375 3080; x_wconf 87' lang='grc' dir='ltr'>βασιλικάς</span> <span class='ocrx_word' id='word_1_241' title='bbox 1391 3025 1442 3081; x_wconf 92' lang='grc' dir='ltr'>μου</span> 
     </span>
     <span class='ocr_line' id='line_1_23' title="bbox 136 3125 1442 3210; baseline -0.003 -21"><span class='ocrx_word' id='word_1_242' title='bbox 136 3130 277 3208; x_wconf 82' lang='grc' dir='ltr'>διαταγὰς</span> <span class='ocrx_word' id='word_1_243' title='bbox 299 3129 345 3189; x_wconf 90' lang='grc' dir='ltr'>καὶ</span> <span class='ocrx_word' id='word_1_244' title='bbox 370 3127 409 3202; x_wconf 88' lang='grc' dir='ltr'>εἰς</span> <span class='ocrx_word' id='word_1_245' title='bbox 431 3131 480 3204; x_wconf 80' lang='grc' dir='ltr'>τἠν</span> <span class='ocrx_word' id='word_1_246' title='bbox 503 3129 646 3190; x_wconf 86' lang='grc' dir='ltr'>ἀουδοσίαν</span> <span class='ocrx_word' id='word_1_247' title='bbox 668 3151 731 3210; x_wconf 90' lang='grc' dir='ltr'>των,</span> <span class='ocrx_word' id='word_1_248' title='bbox 754 3130 922 3188; x_wconf 84' lang='grc' dir='ltr'>κατέπαυσεν</span> <span class='ocrx_word' id='word_1_249' title='bbox 945 3131 963 3205; x_wconf 82' lang='grc' dir='ltr'>ἠ</span> <span class='ocrx_word' id='word_1_250' title='bbox 985 3126 1230 3206; x_wconf 77' lang='grc' dir='ltr'>διαφειλονείκηαις</span> <span class='ocrx_word' id='word_1_251' title='bbox 1245 3125 1291 3186; x_wconf 88' lang='grc' dir='ltr'>καὶ</span> <span class='ocrx_word' id='word_1_252' title='bbox 1309 3127 1442 3200; x_wconf 73' lang='grc' dir='ltr'>ἐδόθησαν</span> 
     </span>
     <span class='ocr_line' id='line_1_24' title="bbox 136 3247 1442 3332; baseline -0.002 -22"><span class='ocrx_word' id='word_1_253' title='bbox 136 3251 179 3324; x_wconf 84' lang='grc' dir='ltr'>εἰς</span> <span class='ocrx_word' id='word_1_254' title='bbox 204 3253 301 3324; x_wconf 75' lang='grc' dir='ltr'>αὐτοὺς</span> <span class='ocrx_word' id='word_1_255' title='bbox 322 3252 426 3328; x_wconf 89' lang='grc' dir='ltr'>νόμιμα</span> <span class='ocrx_word' id='word_1_256' title='bbox 448 3251 652 3327; x_wconf 87' lang='grc' dir='ltr'>πιστοποιητικά</span> <span class='ocrx_word' id='word_1_257' title='bbox 676 3252 800 3332; x_wconf 76' lang='grc' dir='ltr'>ἔγγραφε</span> <span class='ocrx_word' id='word_1_258' title='bbox 823 3248 945 3328; x_wconf 86' lang='grc' dir='ltr'>(ἰλάμιον</span> <span class='ocrx_word' id='word_1_259' title='bbox 969 3247 1016 3309; x_wconf 87' lang='grc' dir='ltr'>καὶ</span> <span class='ocrx_word' id='word_1_260' title='bbox 1038 3247 1206 3330; x_wconf 85' lang='grc' dir='ltr'>χοντζέτιον)</span> <span class='ocrx_word' id='word_1_261' title='bbox 1230 3250 1263 3308; x_wconf 87' lang='grc' dir='ltr'>ἐκ</span> <span class='ocrx_word' id='word_1_262' title='bbox 1278 3249 1377 3330; x_wconf 85' lang='grc' dir='ltr'>μέρους</span> <span class='ocrx_word' id='word_1_263' title='bbox 1392 3255 1442 3325; x_wconf 70' lang='grc' dir='ltr'>τῆς</span> 
     </span>
     <span class='ocr_line' id='line_1_25' title="bbox 134 3367 1444 3456; baseline -0.003 -22"><span class='ocrx_word' id='word_1_264' title='bbox 134 3375 258 3456; x_wconf 85' lang='grc' dir='ltr'>κρίσεως</span> <span class='ocrx_word' id='word_1_265' title='bbox 281 3373 343 3454; x_wconf 86' lang='grc' dir='ltr'>περὶ</span> <span class='ocrx_word' id='word_1_266' title='bbox 365 3375 466 3452; x_wconf 80' lang='grc' dir='ltr'>τούτου,</span> <span class='ocrx_word' id='word_1_267' title='bbox 499 3373 573 3434; x_wconf 71' lang='grc' dir='ltr'>αἰετοὶ</span> <span class='ocrx_word' id='word_1_268' title='bbox 596 3374 627 3434; x_wconf 91' lang='grc' dir='ltr'>δέ</span> <span class='ocrx_word' id='word_1_269' title='bbox 652 3373 784 3449; x_wconf 82' lang='grc' dir='ltr'>ἐπέμενον</span> <span class='ocrx_word' id='word_1_270' title='bbox 807 3369 846 3443; x_wconf 81' lang='grc' dir='ltr'>εἰς</span> <span class='ocrx_word' id='word_1_271' title='bbox 869 3371 918 3444; x_wconf 80' lang='grc' dir='ltr'>τὰς</span> <span class='ocrx_word' id='word_1_272' title='bbox 940 3371 1098 3447; x_wconf 81' lang='grc' dir='ltr'>ἀπαιτήσεις</span> <span class='ocrx_word' id='word_1_273' title='bbox 1120 3392 1183 3449; x_wconf 91' lang='grc' dir='ltr'>των,</span> <span class='ocrx_word' id='word_1_274' title='bbox 1215 3367 1388 3450; x_wconf 81' lang='grc' dir='ltr'>ἐξαχθέντων</span> <span class='ocrx_word' id='word_1_275' title='bbox 1411 3371 1444 3430; x_wconf 90' lang='grc' dir='ltr'>ἐκ</span> 
     </span>
     <span class='ocr_line' id='line_1_26' title="bbox 134 3492 1444 3577; baseline -0.005 -19"><span class='ocrx_word' id='word_1_276' title='bbox 134 3503 186 3558; x_wconf 82' lang='grc' dir='ltr'>τοῦ</span> <span class='ocrx_word' id='word_1_277' title='bbox 220 3497 365 3572; x_wconf 82' lang='grc' dir='ltr'>βασιλικοῦ</span> <span class='ocrx_word' id='word_1_278' title='bbox 393 3519 444 3573; x_wconf 90' lang='grc' dir='ltr'>μου</span> <span class='ocrx_word' id='word_1_279' title='bbox 468 3497 580 3577; x_wconf 87' lang='grc' dir='ltr'>ἀρχείου</span> <span class='ocrx_word' id='word_1_280' title='bbox 601 3502 655 3555; x_wconf 84' lang='grc' dir='ltr'>τῶν</span> <span class='ocrx_word' id='word_1_281' title='bbox 678 3495 750 3556; x_wconf 79' lang='grc' dir='ltr'>κατὰ</span> <span class='ocrx_word' id='word_1_282' title='bbox 771 3495 821 3566; x_wconf 79' lang='grc' dir='ltr'>τὰς</span> <span class='ocrx_word' id='word_1_283' title='bbox 844 3493 972 3574; x_wconf 77' lang='grc' dir='ltr'>ῥηθείσας</span> <span class='ocrx_word' id='word_1_284' title='bbox 993 3494 1076 3573; x_wconf 86' lang='grc' dir='ltr'>γαίας</span> <span class='ocrx_word' id='word_1_285' title='bbox 1099 3493 1267 3554; x_wconf 87' lang='grc' dir='ltr'>ἐκδοθέντων</span> <span class='ocrx_word' id='word_1_286' title='bbox 1290 3492 1444 3574; x_wconf 88' lang='grc' dir='ltr'>φερμανίων</span> 
     </span>
     <span class='ocr_line' id='line_1_27' title="bbox 137 3611 1444 3700; baseline -0.003 -20"><span class='ocrx_word' id='word_1_287' title='bbox 137 3642 205 3700; x_wconf 89' lang='grc' dir='ltr'>μου,</span> <span class='ocrx_word' id='word_1_288' title='bbox 230 3619 486 3698; x_wconf 79' lang='grc' dir='ltr'>διαλαμβανόντων,</span> <span class='ocrx_word' id='word_1_289' title='bbox 510 3620 550 3679; x_wconf 86' lang='grc' dir='ltr'>ότι</span> <span class='ocrx_word' id='word_1_290' title='bbox 574 3617 619 3679; x_wconf 82' lang='grc' dir='ltr'>διὰ</span> <span class='ocrx_word' id='word_1_291' title='bbox 640 3618 674 3676; x_wconf 86' lang='grc' dir='ltr'>τὰ</span> <span class='ocrx_word' id='word_1_292' title='bbox 697 3618 799 3677; x_wconf 86' lang='grc' dir='ltr'>δέκατα</span> <span class='ocrx_word' id='word_1_293' title='bbox 822 3614 869 3676; x_wconf 84' lang='grc' dir='ltr'>καὶ</span> <span class='ocrx_word' id='word_1_294' title='bbox 889 3611 996 3688; x_wconf 86' lang='grc' dir='ltr'>ἀλλους</span> <span class='ocrx_word' id='word_1_295' title='bbox 1011 3619 1108 3696; x_wconf 86' lang='grc' dir='ltr'>φόρους</span> <span class='ocrx_word' id='word_1_296' title='bbox 1122 3621 1176 3675; x_wconf 85' lang='grc' dir='ltr'>τῶν</span> <span class='ocrx_word' id='word_1_297' title='bbox 1192 3619 1281 3676; x_wconf 86' lang='grc' dir='ltr'>τόπων</span> <span class='ocrx_word' id='word_1_298' title='bbox 1295 3621 1349 3674; x_wconf 86' lang='grc' dir='ltr'>τῶν</span> <span class='ocrx_word' id='word_1_299' title='bbox 1364 3635 1444 3696; x_wconf 88' lang='grc' dir='ltr'>περι-</span> 
     </span>
    </p>

    <p class='ocr_par' dir='ltr' id='par_1_3' title="bbox 136 3707 1505 4566">
     <span class='ocr_line' id='line_1_28' title="bbox 137 3707 1505 3822; baseline -0.004 -20"><span class='ocrx_word' id='word_1_300' title='bbox 137 3746 265 3822; x_wconf 86' lang='grc' dir='ltr'>εχόντων</span> <span class='ocrx_word' id='word_1_301' title='bbox 287 3742 432 3822; x_wconf 72' lang='grc' dir='ltr'>χειμερινὰ</span> <span class='ocrx_word' id='word_1_302' title='bbox 453 3741 501 3802; x_wconf 79' lang='grc' dir='ltr'>καὶ</span> <span class='ocrx_word' id='word_1_303' title='bbox 515 3735 607 3822; x_wconf 84' lang='grc' dir='ltr'>θερινά</span> <span class='ocrx_word' id='word_1_304' title='bbox 622 3738 762 3820; x_wconf 84' lang='grc' dir='ltr'>λειβάδια,</span> <span class='ocrx_word' id='word_1_305' title='bbox 786 3739 937 3818; x_wconf 85' lang='grc' dir='ltr'>ἀμπέλους,</span> <span class='ocrx_word' id='word_1_306' title='bbox 960 3739 1117 3819; x_wconf 88' lang='grc' dir='ltr'>περιβόλια,</span> <span class='ocrx_word' id='word_1_307' title='bbox 1142 3737 1332 3818; x_wconf 84' lang='grc' dir='ltr'>ἐλαιόδτνδρα,</span> <span class='ocrx_word' id='word_1_308' title='bbox 1356 3733 1445 3809; x_wconf 87' lang='grc' dir='ltr'>οἰκίας</span> <span class='ocrx_word' id='word_1_309' title='bbox 1502 3707 1505 3714; x_wconf 28' lang='lat'>¹</span> 
     </span>
     <span class='ocr_line' id='line_1_29' title="bbox 136 3858 1444 3944; baseline -0.005 -20"><span class='ocrx_word' id='word_1_310' title='bbox 136 3863 188 3925; x_wconf 87' lang='grc' dir='ltr'>καὶ</span> <span class='ocrx_word' id='word_1_311' title='bbox 218 3867 357 3944; x_wconf 78' lang='grc' dir='ltr'>χωράφια,</span> <span class='ocrx_word' id='word_1_312' title='bbox 388 3869 442 3924; x_wconf 86' lang='grc' dir='ltr'>τῶν</span> <span class='ocrx_word' id='word_1_313' title='bbox 471 3864 606 3939; x_wconf 86' lang='grc' dir='ltr'>κειμένων</span> <span class='ocrx_word' id='word_1_314' title='bbox 637 3861 677 3935; x_wconf 85' lang='grc' dir='ltr'>εἰς</span> <span class='ocrx_word' id='word_1_315' title='bbox 706 3865 736 3922; x_wconf 77' lang='grc' dir='ltr'>τό</span> <span class='ocrx_word' id='word_1_316' title='bbox 767 3861 838 3921; x_wconf 84' lang='grc' dir='ltr'>κατὰ</span> <span class='ocrx_word' id='word_1_317' title='bbox 869 3862 899 3920; x_wconf 84' lang='grc' dir='ltr'>τδ</span> <span class='ocrx_word' id='word_1_318' title='bbox 931 3862 1015 3940; x_wconf 87' lang='grc' dir='ltr'>μέρος</span> <span class='ocrx_word' id='word_1_319' title='bbox 1041 3866 1091 3936; x_wconf 83' lang='grc' dir='ltr'>τῆς</span> <span class='ocrx_word' id='word_1_320' title='bbox 1113 3859 1265 3936; x_wconf 86' lang='grc' dir='ltr'>Γαστοίινης</span> <span class='ocrx_word' id='word_1_321' title='bbox 1294 3858 1444 3938; x_wconf 88' lang='grc' dir='ltr'>διαληφθέν</span> 
     </span>
     <span class='ocr_line' id='line_1_30' title="bbox 138 3979 1445 4066; baseline -0.005 -19"><span class='ocrx_word' id='word_1_322' title='bbox 138 3990 273 4065; x_wconf 86' lang='grc' dir='ltr'>μετόχιον</span> <span class='ocrx_word' id='word_1_323' title='bbox 305 3988 335 4046; x_wconf 82' lang='grc' dir='ltr'>τό</span> <span class='ocrx_word' id='word_1_324' title='bbox 367 3987 604 4062; x_wconf 79' lang='grc' dir='ltr'>ἐπονομαζόμενον</span> <span class='ocrx_word' id='word_1_325' title='bbox 628 3987 728 4066; x_wconf 76' lang='grc' dir='ltr'>Μαθρα</span> <span class='ocrx_word' id='word_1_326' title='bbox 752 3983 840 4043; x_wconf 81' lang='grc' dir='ltr'>Βουνά</span> <span class='ocrx_word' id='word_1_327' title='bbox 869 3979 916 4042; x_wconf 87' lang='grc' dir='ltr'>καὶ</span> <span class='ocrx_word' id='word_1_328' title='bbox 945 3985 976 4042; x_wconf 87' lang='grc' dir='ltr'>δν</span> <span class='ocrx_word' id='word_1_329' title='bbox 1008 3982 1041 4042; x_wconf 91' lang='grc' dir='ltr'>ἐκ</span> <span class='ocrx_word' id='word_1_330' title='bbox 1072 3987 1126 4040; x_wconf 84' lang='grc' dir='ltr'>τῶν</span> <span class='ocrx_word' id='word_1_331' title='bbox 1152 3983 1372 4062; x_wconf 83' lang='grc' dir='ltr'>παραρτημάτων</span> <span class='ocrx_word' id='word_1_332' title='bbox 1398 3984 1445 4040; x_wconf 81' lang='grc' dir='ltr'>τοῦ</span> 
     </span>
     <span class='ocr_line' id='line_1_31' title="bbox 139 4103 1444 4192; baseline -0.007 -22"><span class='ocrx_word' id='word_1_333' title='bbox 139 4111 274 4192; x_wconf 74' lang='grc' dir='ltr'>ῥηθέντος</span> <span class='ocrx_word' id='word_1_334' title='bbox 302 4109 481 4189; x_wconf 79' lang='grc' dir='ltr'>μονοστηρίου</span> <span class='ocrx_word' id='word_1_335' title='bbox 508 4107 554 4166; x_wconf 86' lang='grc' dir='ltr'>καὶ</span> <span class='ocrx_word' id='word_1_336' title='bbox 582 4108 701 4185; x_wconf 84' lang='grc' dir='ltr'>ἐχόντων</span> <span class='ocrx_word' id='word_1_337' title='bbox 728 4108 788 4186; x_wconf 85' lang='grc' dir='ltr'>όρια</span> <span class='ocrx_word' id='word_1_338' title='bbox 809 4107 858 4180; x_wconf 79' lang='grc' dir='ltr'>τήν</span> <span class='ocrx_word' id='word_1_339' title='bbox 882 4105 969 4185; x_wconf 82' lang='grc' dir='ltr'>ἄκραν</span> <span class='ocrx_word' id='word_1_340' title='bbox 991 4109 1041 4180; x_wconf 75' lang='grc' dir='ltr'>τῆς</span> <span class='ocrx_word' id='word_1_341' title='bbox 1063 4103 1206 4180; x_wconf 89' lang='grc' dir='ltr'>θαλάσσης</span> <span class='ocrx_word' id='word_1_342' title='bbox 1229 4105 1283 4174; x_wconf 81' lang='grc' dir='ltr'>ἕως</span> <span class='ocrx_word' id='word_1_343' title='bbox 1305 4104 1350 4163; x_wconf 80' lang='grc' dir='ltr'>τόν</span> <span class='ocrx_word' id='word_1_344' title='bbox 1373 4103 1444 4181; x_wconf 87' lang='grc' dir='ltr'>ἀνή-</span> 
     </span>
     <span class='ocr_line' id='line_1_32' title="bbox 139 4223 1445 4316; baseline -0.009 -21"><span class='ocrx_word' id='word_1_345' title='bbox 139 4255 223 4316; x_wconf 89' lang='grc' dir='ltr'>φορον</span> <span class='ocrx_word' id='word_1_346' title='bbox 255 4232 301 4294; x_wconf 88' lang='grc' dir='ltr'>καὶ</span> <span class='ocrx_word' id='word_1_347' title='bbox 333 4233 439 4292; x_wconf 83' lang='grc' dir='ltr'>ἐκεῖθεν</span> <span class='ocrx_word' id='word_1_348' title='bbox 470 4233 523 4302; x_wconf 83' lang='grc' dir='ltr'>ἕως</span> <span class='ocrx_word' id='word_1_349' title='bbox 551 4232 582 4290; x_wconf 86' lang='grc' dir='ltr'>τδ</span> <span class='ocrx_word' id='word_1_350' title='bbox 612 4229 829 4310; x_wconf 86' lang='grc' dir='ltr'>παραχειμάδιον</span> <span class='ocrx_word' id='word_1_351' title='bbox 860 4233 914 4287; x_wconf 83' lang='grc' dir='ltr'>τῶν</span> <span class='ocrx_word' id='word_1_352' title='bbox 942 4225 1084 4306; x_wconf 81' lang='grc' dir='ltr'>Ἀρπάδων</span> <span class='ocrx_word' id='word_1_353' title='bbox 1110 4223 1158 4284; x_wconf 84' lang='grc' dir='ltr'>καὶ</span> <span class='ocrx_word' id='word_1_354' title='bbox 1186 4225 1291 4284; x_wconf 84' lang='grc' dir='ltr'>ἐκεῖθεν</span> <span class='ocrx_word' id='word_1_355' title='bbox 1319 4225 1364 4285; x_wconf 81' lang='grc' dir='ltr'>διὰ</span> <span class='ocrx_word' id='word_1_356' title='bbox 1391 4231 1445 4286; x_wconf 84' lang='grc' dir='ltr'>τῶν</span> 
     </span>
     <span class='ocr_line' id='line_1_33' title="bbox 138 4345 1445 4432; baseline -0.011 -13"><span class='ocrx_word' id='word_1_357' title='bbox 138 4355 302 4418; x_wconf 83' lang='grc' dir='ltr'>παλουκίων</span> <span class='ocrx_word' id='word_1_358' title='bbox 334 4357 388 4427; x_wconf 81' lang='grc' dir='ltr'>ἕως</span> <span class='ocrx_word' id='word_1_359' title='bbox 409 4355 458 4430; x_wconf 79' lang='grc' dir='ltr'>τὴν</span> <span class='ocrx_word' id='word_1_360' title='bbox 482 4351 584 4432; x_wconf 75' lang='grc' dir='ltr'>δάφνην</span> <span class='ocrx_word' id='word_1_361' title='bbox 605 4349 653 4410; x_wconf 87' lang='grc' dir='ltr'>καὶ</span> <span class='ocrx_word' id='word_1_362' title='bbox 677 4351 782 4410; x_wconf 85' lang='grc' dir='ltr'>ἐκεῖθεν</span> <span class='ocrx_word' id='word_1_363' title='bbox 805 4348 844 4420; x_wconf 89' lang='grc' dir='ltr'>είς</span> <span class='ocrx_word' id='word_1_364' title='bbox 866 4349 915 4420; x_wconf 83' lang='grc' dir='ltr'>τάς</span> <span class='ocrx_word' id='word_1_365' title='bbox 939 4346 1102 4424; x_wconf 87' lang='grc' dir='ltr'>βαλανιδίας</span> <span class='ocrx_word' id='word_1_366' title='bbox 1123 4345 1170 4406; x_wconf 87' lang='grc' dir='ltr'>καί</span> <span class='ocrx_word' id='word_1_367' title='bbox 1194 4346 1299 4406; x_wconf 82' lang='grc' dir='ltr'>ἐκεῖθεν</span> <span class='ocrx_word' id='word_1_368' title='bbox 1324 4345 1369 4404; x_wconf 81' lang='grc' dir='ltr'>διὰ</span> <span class='ocrx_word' id='word_1_369' title='bbox 1391 4354 1445 4406; x_wconf 85' lang='grc' dir='ltr'>τῶν</span> 
     </span>
     <span class='ocr_line' id='line_1_34' title="bbox 143 4466 1445 4566; baseline -0.012 -24"><span class='ocrx_word' id='word_1_370' title='bbox 143 4485 236 4562; x_wconf 79' lang='grc' dir='ltr'>ἄκρων</span> <span class='ocrx_word' id='word_1_371' title='bbox 257 4485 309 4556; x_wconf 78' lang='grc' dir='ltr'>τῆς</span> <span class='ocrx_word' id='word_1_372' title='bbox 331 4480 431 4557; x_wconf 79' lang='grc' dir='ltr'>τάφρον</span> <span class='ocrx_word' id='word_1_373' title='bbox 451 4477 514 4536; x_wconf 89' lang='grc' dir='ltr'>κατ’</span> <span class='ocrx_word' id='word_1_374' title='bbox 524 4476 628 4535; x_wconf 75' lang='grc' dir='ltr'>εὐθεῖαν</span> <span class='ocrx_word' id='word_1_375' title='bbox 653 4471 692 4566; x_wconf 81' lang='grc' dir='ltr'>εἰς</span> <span class='ocrx_word' id='word_1_376' title='bbox 713 4475 763 4548; x_wconf 84' lang='grc' dir='ltr'>τὴν</span> <span class='ocrx_word' id='word_1_377' title='bbox 786 4471 937 4546; x_wconf 82' lang='grc' dir='ltr'>ἐκκλησίαν</span> <span class='ocrx_word' id='word_1_378' title='bbox 951 4474 997 4530; x_wconf 84' lang='grc' dir='ltr'>τοῦ</span> <span class='ocrx_word' id='word_1_379' title='bbox 1012 4471 1147 4551; x_wconf 87' lang='grc' dir='ltr'>προφήτου</span> <span class='ocrx_word' id='word_1_380' title='bbox 1164 4467 1261 4529; x_wconf 84' lang='grc' dir='ltr'>Ἠλιοῦ</span> <span class='ocrx_word' id='word_1_381' title='bbox 1276 4466 1323 4527; x_wconf 87' lang='grc' dir='ltr'>καὶ</span> <span class='ocrx_word' id='word_1_382' title='bbox 1340 4467 1445 4527; x_wconf 82' lang='grc' dir='ltr'>ἐκεῖθεν</span> 
     </span>
    </p>
   </div>
   <div class='ocr_carea' id='block_1_3' title="bbox 143 4588 1447 4680">
    <p class='ocr_par' dir='ltr' id='par_1_4' title="bbox 143 4588 1447 4680">
     <span class='ocr_line' id='line_1_35' title="bbox 143 4588 1447 4680; baseline -0.012 -16"><span class='ocrx_word' id='word_1_383' title='bbox 143 4605 189 4665; x_wconf 81' lang='grc' dir='ltr'>διὰ</span> <span class='ocrx_word' id='word_1_384' title='bbox 211 4610 262 4680; x_wconf 78' lang='grc' dir='ltr'>τῆς</span> <span class='ocrx_word' id='word_1_385' title='bbox 285 4599 416 4680; x_wconf 83' lang='grc' dir='ltr'>μεγάλης</span> <span class='ocrx_word' id='word_1_386' title='bbox 438 4597 502 4660; x_wconf 78' lang='grc' dir='ltr'>ὁδοῦ</span> <span class='ocrx_word' id='word_1_387' title='bbox 523 4597 571 4658; x_wconf 84' lang='grc' dir='ltr'>καὶ</span> <span class='ocrx_word' id='word_1_388' title='bbox 593 4601 639 4656; x_wconf 84' lang='grc' dir='ltr'>τοῦ</span> <span class='ocrx_word' id='word_1_389' title='bbox 662 4595 806 4671; x_wconf 87' lang='grc' dir='ltr'>σουβαδίου</span> <span class='ocrx_word' id='word_1_390' title='bbox 827 4592 943 4654; x_wconf 83' lang='grc' dir='ltr'>καὶτοῦ</span> <span class='ocrx_word' id='word_1_391' title='bbox 965 4590 1080 4667; x_wconf 85' lang='grc' dir='ltr'>ἰτουσίνη</span> <span class='ocrx_word' id='word_1_392' title='bbox 1103 4593 1149 4652; x_wconf 85' lang='grc' dir='ltr'>τόν</span> <span class='ocrx_word' id='word_1_393' title='bbox 1171 4593 1324 4670; x_wconf 80' lang='grc' dir='ltr'>κατήφορον</span> <span class='ocrx_word' id='word_1_394' title='bbox 1339 4588 1386 4649; x_wconf 88' lang='grc' dir='ltr'>καὶ</span> <span class='ocrx_word' id='word_1_395' title='bbox 1402 4589 1447 4650; x_wconf 82' lang='grc' dir='ltr'>διὰ</span> 
     </span>
    </p>
   </div>
   <div class='ocr_carea' id='block_1_4' title="bbox 142 4711 1446 4884">
    <p class='ocr_par' dir='ltr' id='par_1_5' title="bbox 142 4711 1446 4884">
     <span class='ocr_line' id='line_1_36' title="bbox 142 4711 1446 4806; baseline -0.015 -19"><span class='ocrx_word' id='word_1_396' title='bbox 142 4735 193 4806; x_wconf 80' lang='grc' dir='ltr'>τῆς</span> <span class='ocrx_word' id='word_1_397' title='bbox 213 4727 345 4806; x_wconf 86' lang='grc' dir='ltr'>μεγάλης</span> <span class='ocrx_word' id='word_1_398' title='bbox 366 4723 469 4800; x_wconf 87' lang='grc' dir='ltr'>δάφνης</span> <span class='ocrx_word' id='word_1_399' title='bbox 490 4719 537 4779; x_wconf 81' lang='grc' dir='ltr'>καὶ</span> <span class='ocrx_word' id='word_1_400' title='bbox 555 4719 600 4779; x_wconf 86' lang='grc' dir='ltr'>διὰ</span> <span class='ocrx_word' id='word_1_401' title='bbox 614 4723 660 4778; x_wconf 75' lang='grc' dir='ltr'>τοῦ</span> <span class='ocrx_word' id='word_1_402' title='bbox 675 4719 897 4796; x_wconf 86' lang='grc' dir='ltr'>παλαιοκάστρου</span> <span class='ocrx_word' id='word_1_403' title='bbox 912 4714 958 4775; x_wconf 80' lang='grc' dir='ltr'>καὶ</span> <span class='ocrx_word' id='word_1_404' title='bbox 975 4715 1020 4774; x_wconf 83' lang='grc' dir='ltr'>διὰ</span> <span class='ocrx_word' id='word_1_405' title='bbox 1035 4721 1085 4792; x_wconf 80' lang='grc' dir='ltr'>τής</span> <span class='ocrx_word' id='word_1_406' title='bbox 1099 4714 1208 4784; x_wconf 84' lang='grc' dir='ltr'>σκάλας</span> <span class='ocrx_word' id='word_1_407' title='bbox 1223 4719 1276 4772; x_wconf 82' lang='grc' dir='ltr'>τῶν</span> <span class='ocrx_word' id='word_1_408' title='bbox 1293 4711 1446 4793; x_wconf 73' lang='grc' dir='ltr'>Ἀρπάδων,</span> 
     </span>
     <span class='ocr_line' id='line_1_37' title="bbox 1189 4831 1238 4884; baseline 0 0"><span class='ocrx_word' id='word_1_409' title='bbox 1189 4831 1238 4884; x_wconf 72' lang='lat'>15*</span> 
     </span>
    </p>
   </div>
   <div class='ocr_carea' id='block_1_5' title="bbox 0 0 1757 5282">
    <p class='ocr_par' dir='ltr' id='par_1_6' title="bbox 0 0 1757 5282">
     <span class='ocr_line' id='line_1_38' title="bbox 0 0 1757 5282; baseline 0 0"><span class='ocrx_word' id='word_1_410' title='bbox 0 0 1757 5282; x_wconf 95' lang='lat' dir='ltr'> </span> 
     </span>
    </p>
   </div>
  </div>
 </body>
</html>
