3222 5284
221 345 285 408 322

221 538 342 611 διανοίας
372 539 551 615 ἐπιστάμενος
580 538 627 600 καί
652 541 876 622 χρυσοβουλλίων
907 541 1045 621 δυνάμεις,
1077 542 1111 602 δι’
1124 536 1162 602 ὧν
1192 540 1239 602 καὶ
1267 543 1373 618 αθιῆῆ
1405 544 1523 623 μεγαλη

221 659 356 735 ἐκκλησία
379 663 489 735 συνέστη
512 683 543 722 τε
565 661 613 722 καὶ
635 663 786 724 συνίσταται
808 662 854 723 καὶ
877 665 976 744 λαῦραι
991 663 1229 746 καίμσναστῆρια
1245 666 1311 746 ύπὲρ
1326 665 1389 737 τοὺς
1403 665 1525 745 ἀστέρας

219 787 269 858 τῆς
291 789 343 841 τῶν
371 785 508 862 κτητύρων
536 783 737 845 ἐπαπολαύουσι
765 783 926 863 διατάξεως,
954 786 998 845 ἵνα
1020 785 1067 846 καί
1089 789 1146 858 τοῖς
1173 791 1337 866 σταυρωταῑς
1360 791 1407 847 τοῦ
1428 786 1525 865 κυρίου

219 903 266 962 καί
289 905 352 963 θεοῦ
374 903 420 963 καὶ
448 911 570 986 σωτῆρος
596 907 675 982 ἡμῶν
699 909 788 982 Ἰησοῦ
811 907 928 987 Χριστοῦ
955 911 1204 984 συγκατατάτιηται
1226 908 1273 968 καί
1289 909 1399 969 ἀὐτίκα
1420 909 1525 984 λύηται

220 1028 276 1098 τοῖς
298 1027 482 1106 κληρονόμοις
506 1047 556 1102 μου
579 1026 626 1087 καί
647 1029 665 1102 ῆ
690 1029 842 1088 ἐπιτιθεῖσα
868 1028 971 1100 τούτοις
994 1026 1025 1101 ἐξ
1047 1029 1177 1102 ἀπαιδίας
1198 1035 1248 1106 τῆς
1271 1027 1525 1101 ἀποκαταστάσεως

221 1147 333 1228 αἵρεσις,
360 1145 407 1207 καί
434 1147 534 1225 ἔχωσιν
562 1149 605 1208 ἐπ’
619 1148 712 1221 ἀδείας
738 1147 786 1208 καί
813 1151 913 1222 ζῶντες
935 1149 981 1210 καί
1010 1150 1080 1226 μετὰ
1107 1152 1238 1226 τελευτὴν
1264 1153 1458 1232 παραπέμπειν
1488 1152 1526 1210 τὰ

219 1269 465 1343 καταλελειμμένα
491 1269 594 1342 τούτοις
620 1271 684 1350 παρ’
698 1271 765 1345 ἐμοῦ
794 1266 917 1350 ἀκίνητα,
945 1273 1012 1330 ὅπου
1034 1270 1081 1331 καί
1108 1272 1263 1352 βούλονται,
1291 1275 1358 1353 πρὸς
1380 1273 1419 1352 τῷ
1443 1275 1524 1350 ἔχειν

219 1387 267 1448 καί
294 1391 342 1464 τὴν
372 1393 500 1470 πράνοιαν
529 1385 576 1450 καί
605 1393 653 1466 τήν
684 1365 827 1470 κυριότητα
856 1397 910 1451 τῶν
940 1391 1093 1473 εἰρημένων
1120 1391 1166 1452 καὶ
1192 1395 1257 1472 παρ’
1271 1393 1339 1469 ἐμοῦ
1365 1397 1525 1454 συστάντων

222 1511 327 1588 εθαγῶν
350 1509 432 1570 οἴκων
456 1509 495 1584 εἰς
518 1513 548 1571 τθ
572 1509 637 1588 ἑξῆς
660 1512 837 1591 ἀναφαίρετον
859 1513 931 1572 κατὰ
952 1513 1002 1584 τὰς
1026 1513 1096 1588 ἐμὰς
1120 1511 1252 1593 διαταγάς
1274 1519 1299 1590 †.

324 1634 508 1714 ἐθύιχαῆλ,
530 1633 710 1714 πρόεδρος,
734 1634 851 1714 κριτὴς
875 1632 927 1694 ἐπί
946 1639 1001 1695 τοῦ
1024 1635 1230 1716 ἱπποδρόμου
1252 1635 1377 1696 καὶτοῦ
1400 1635 1524 1714 βῆλσυ,

220 1755 234 1813 δ
264 1755 512 1835 Ἀτταλειάτης,
543 1754 599 1816 καὶ
629 1757 688 1830 τὴν
718 1756 968 1836 προλεχθεῖοαν
997 1757 1118 1833 ταύτην
1148 1733 1340 1838 προσθήκην
1370 1759 1415 1829 ὡς
1444 1761 1523 1836 παρ’

221 1877 300 1952 ἐμοῦ
322 1879 504 1956 γεγονυῖαν
528 1875 674 1951 βεβαιῶν
699 1882 751 1937 νῦν
774 1877 954 1959 ὑπέγραψα
976 1883 1001 1955 †.

399 2089 495 2167 Ἀρχὴ
517 2091 572 2147 τοῦ
596 2085 732 2168 βρεβίσυ
754 2091 812 2161 τῆς
834 2091 940 2160 μονῆς
963 2091 1017 2146 τοῦ
1042 2085 1338 2168 Πανσικτίρμονος.

325 2247 341 2320 †
365 2242 525 2320 Εύλσγητος
546 2244 638 2323 κύριος
660 2243 675 2302 ὁ
698 2243 760 2314 θεύς
782 2243 797 2300 ύ
821 2243 850 2301 ἐν
873 2242 971 2323 Τριάδι
992 2242 1207 2319 τοῖςεύοεβέσιν
1230 2244 1397 2319 ύμνούμενάς
1419 2265 1451 2303 τε
1473 2244 1526 2303 καί

218 2366 428 2445 γνωριζέμενος,
458 2362 503 2422 καὶ
527 2365 565 2442 τῷ
595 2362 744 2442 τριλαμπεῖ
772 2364 857 2442 τούτῳ
879 2361 945 2442 ρωτὶ
968 2361 1016 2423 καί
1047 2363 1174 2444 συναίδίῳ
1197 2363 1244 2423 καί
1270 2365 1406 2444 ὁμοουσίῳ
1429 2367 1525 2425 πάντα

219 2485 339 2563 φωτίζων
365 2483 411 2544 καὶ
440 2483 570 2561 διιθύνων,
599 2486 650 2543 ὅσα
671 2505 701 2542 τε
726 2485 754 2543 ἐν
781 2488 878 2563 κόσμῳ
904 2483 952 2544 καί
979 2487 1030 2544 ὅσα
1053 2485 1087 2560 δὴ
1116 2486 1285 2566 ύπερκύσμια
1306 2483 1354 2544 καὶ
1375 2491 1426 2562 τῆς
1448 2487 1525 2562 ύλης

219 2609 361 2687 ὑπέρτερα,
393 2605 427 2664 δι’
440 2599 471 2665 οὗ
500 2605 584 2680 κάμοί
615 2611 727 2682 σημεῖον
751 2605 788 2677 εἰς
819 2607 921 2686 ἀγαθον
944 2605 991 2666 καὶ
1020 2607 1177 2682 θαυμασίων
1207 2611 1289 2686 χάρις
1316 2609 1523 2688 προσγέγονεν·

219 2729 324 2788 ἐκεῖθεν
347 2727 400 2807 γὰρ
424 2727 457 2786 ἐκ
478 2732 527 2802 τῆς
550 2727 626 2798 θείας
648 2727 775 2807 προνοίας
797 2725 844 2788 καί
868 2729 1082 2808 ἀπειροδυνάμου
1106 2729 1332 2810 μεγαλειθτητος,
1360 2729 1394 2788 ἐκ
1414 2736 1523 2810 χειρῶν

219 2851 406 2930 ἀλαστορικῶν
434 2849 464 2907 έν
490 2869 520 2907 τε
549 2849 684 2924 πολέμοις
713 2853 851 2930 περσικοῖς
879 2849 925 2909 καί
956 2849 1098 2930 ἀραβικοῑς
1127 2849 1174 2910 καὶ
1204 2849 1237 2910 αὖ
1266 2852 1350 2911 πάλιν
1380 2851 1524 2923 σκυθικοϊς

219 2967 389 3051 ἀνηρπάγην,
420 2967 467 3030 καὶ
489 2975 521 3050 τῆ
544 2971 679 3052 προσαύσῃ
702 2992 748 3046 μοι
777 2971 904 3055 ἀσθενείᾳ
926 2973 1021 3044 σθένος
1044 2971 1158 3046 ἐπετέθη
1180 2967 1337 3052 παράδοξον
1360 2969 1407 3031 καὶ
1431 2971 1522 3051 ἰσχύς,

217 3093 407 3172 πανωλεθρίαν
434 3093 556 3166 τοιαύτην
580 3091 754 3172 ἀπείργουσα,
783 3094 813 3152 ού
836 3093 890 3168 μὴν
914 3092 955 3172 δέ,
984 3093 1061 3152 ἀλλά
1083 3093 1131 3153 καὶ
1153 3091 1187 3152 ἐκ
1209 3091 1290 3166 βυθοῦ
1313 3114 1349 3168 με
1372 3094 1522 3168 θαλάσσης

217 3215 283 3294 ύπέρ
307 3212 407 3272 ἐλπίδα
428 3213 567 3284 πολλάκις
590 3213 762 3288 ἀνασωθῆναι
784 3213 932 3288 πεποίηκεν
955 3215 973 3288 ῆ
996 3214 1056 3274 θεία
1079 3213 1232 3292 ἀντιληψις,
1254 3213 1302 3274 καὶ
1322 3215 1456 3274 τοσούτων
1469 3214 1522 3274 καί

180 3385 182 3392 ,
217 3336 384 3412 τηλικούτων
406 3333 534 3393 κινδύνων
557 3334 688 3412 λύτρωσις
712 3334 843 3414 ἐχαρίσθη
867 3333 1056 3414 σωτηριώδης·
1081 3335 1272 3414 ἀνακηρύττειν
1295 3335 1350 3414 γὰρ
1372 3337 1419 3394 τδν
1436 3335 1521 3394 ἔλεον

218 3456 264 3517 καὶ
286 3459 334 3532 τήν
358 3457 515 3538 εθεργεοίοιν
538 3458 577 3532 μὴ
600 3457 724 3536 κρύπτειν
748 3454 791 3514 ἀεὶ
814 3456 1030 3534 προτεθύμημαι,
1055 3457 1093 3514 ὅτι
1117 3456 1201 3527 ύντως
1224 3458 1314 3535 μέγας
1333 3457 1348 3514 ύ
1364 3456 1456 3536 κύριος
1470 3455 1522 3515 καὶ

219 3579 323 3651 αἰνετδς
350 3579 461 3659 σρέδρα,
491 3579 645 3652 θαυμαστδς
669 3578 698 3636 ἐν
725 3577 850 3657 ὑψηλοῖς,
881 3576 927 3636 καὶ
954 3583 1039 3636 ποιῶν
1066 3579 1203 3652 θαυμάσια
1230 3579 1322 3653 μένος.
1369 3578 1385 3634 δ
1407 3580 1521 3637 τοιαῦτά

150 3677 154 3684 ’
218 3723 265 3778 μοι
294 3697 388 3772 δείξας
416 3701 467 3778 προ
498 3698 648 3778 ἐρθαλμῶν
677 3699 849 3780 ύπερμεγέθη
879 3701 953 3774 ζωῆς
983 3697 1029 3759 καὶ
1060 3697 1194 3778 σωτηρίας
1223 3699 1382 3779 χαρίσματα
1412 3696 1460 3758 καὶ
1487 3699 1521 3758 οῦ

218 3825 300 3897 μόνον
324 3821 470 3900 διασώσας,
494 3821 571 3881 ἀλλὰ
593 3819 640 3879 καί
662 3821 811 3900 πρδςβίου
835 3819 940 3900 εὔροιαν
963 3819 1010 3879 καὶ
1034 3819 1162 3880 εὔκλειαν
1177 3819 1328 3898 θδηγῆσας,
1352 3817 1400 3879 καὶ
1416 3821 1521 3894 στήσας

219 3941 262 4003 ἐπὶ
283 3945 383 4022 πέτραν
405 3943 467 4014 τοῦς
489 3941 577 4013 πέδας
600 3963 662 4023 μου,
686 3939 733 4001 καὶ
755 3942 917 4012 κατευθύνας
939 3941 973 4000 τά
989 3940 1148 4016 διαβῆματοὶ
1164 3961 1215 4016 μου
1230 3939 1303 4000 κατὰ
1317 3943 1407 4000 πάντα
1422 3943 1520 4020 καιρδν

217 4059 264 4125 καί
290 4065 371 4124 τύπον
394 4063 440 4123 καὶ
466 4062 642 4144 προσδοκίαν·
674 4064 735 4122 ὅθεν
758 4061 804 4122 καί
832 4063 997 4143 μαρτυρικῆν
1024 4059 1219 4138 δανεισάμενος
1242 4063 1290 4136 τὴν
1313 4065 1415 4142 ρωνῆν,
1447 4063 1521 4136 μετὰ
1608 4127 1609 4144 ,

218 4187 341 4267 δακρύων
363 4184 409 4244 καί
437 4186 663 4266 συντετριμμένης
686 4183 744 4258 βοῶ
767 4189 815 4259 τῆς
837 4189 938 4264 ψυχῆς,
968 4185 1012 4242 ἵνα
1036 4185 1139 4264 εύρσιμι
1161 4184 1207 4244 τθν
1229 4183 1443 4264 πανοικτίρμονα
1466 4183 1519 4243 δε-

217 4309 317 4383 σπύτην
340 4305 386 4366 καί
409 4307 499 4388 κύριον
521 4305 568 4366 καί
590 4307 652 4366 θεάν
676 4325 728 4382 μου
749 4305 827 4366 ίλεσν
852 4305 880 4365 ἐν
902 4307 995 4386 ἡμέρᾳ
1016 4311 1066 4380 τῆς
1087 4305 1213 4386 κρίσεως,
1238 4305 1282 4364 ἐπὶ
1297 4305 1454 4388 συμπαθείᾳ
1468 4305 1519 4366 καὶ

216 4431 364 4510 παροράσει
386 4434 439 4488 τῶν
463 4427 537 4504 ἐμῶν
562 4426 679 4507 ἀπείρων
702 4427 988 4502 πλημμελημάτων,
1010 4427 1028 4500 ῆ
1052 4426 1084 4485 δέ
1107 4425 1242 4506 ίκετῆριύς
1265 4447 1312 4503 μοι
1334 4427 1403 4502 αῦτη
1425 4431 1518 4506 φωνή·

218 4550 381 4628 μεγαλύνων
405 4549 552 4630 μεγαλύνω
576 4571 606 4608 σε
629 4551 713 4630 κύριε,
737 4550 776 4608 ύτι
800 4547 908 4620 ἐπεῖδες
932 4545 977 4606 ἐπὶ
998 4549 1046 4622 τὴν
1068 4547 1226 4607 ταπείνωσίν
1242 4569 1303 4628 μου,
1327 4547 1375 4607 καὶ
1398 4547 1429 4607 σύ
1451 4569 1518 4606 συν-

217 4673 346 4745 έκλεισάς
370 4693 405 4748 με
429 4669 468 4744 εἰς
490 4674 587 4751 χεῖρας
611 4671 716 4750 ἐχθρῶν
733 4691 794 4750 μου,
817 4669 885 4729 ἀλλ’
895 4669 1002 4741 ἔσωσας
1019 4669 1052 4728 ἐκ
1066 4675 1119 4742 τῶν
1136 4668 1263 4748 ἀναγκῶν
1279 4669 1327 4744 τὴν
1343 4671 1432 4747 ψυχήν
1449 4671 1516 4744 μου·
