3246 5288
1305 369 1368 434 401

46 560 177 620 τάπασι.
211 559 260 620 καί
276 562 350 635 νάμα
365 559 397 620 δέ
418 559 538 621 διδοσθαι
562 561 615 620 ἀπό
630 565 677 622 τοῦ
699 559 852 640 κρείττονος
874 559 946 620 οἴνου
968 565 1022 620 τῶν
1044 564 1261 642 γεωργουμένων
1285 563 1314 622 ἐν
1336 570 1370 646 τῇ

48 687 143 762 μονῇ,
174 682 223 760 ἀφ’
235 677 273 742 ὧν
290 681 317 741 εί
336 703 370 762 γε
394 681 522 762 διαιροῖτο
545 682 560 742 ό
582 681 721 762 προεστώς
745 681 842 742 ἐσθίειν
864 680 911 742 καί
933 681 1018 743 πίνειν
1042 681 1071 742 ἐν
1090 689 1124 765 πή
1145 685 1268 766 τραπέζῃ
1290 683 1371 760 ήκαί

49 803 100 872 οὓς
128 803 222 875 αἰντδς
245 798 303 864 οἶδε
327 804 365 879 μὴ
388 804 472 882 ίιγιῶς
494 807 541 864 τοῦ
564 799 691 878 σώματος
714 803 840 881 ἔχοντας,
864 803 943 864 σθδέν
964 824 990 864 τι
1012 805 1265 884 κατακριθήσονται.

172 924 213 999 η’.
238 927 297 1000 Τὴν
321 926 414 1000 μέντοι
438 922 550 1001 ἐννάτην
566 927 640 1005 ώραν
655 923 702 984 καί
716 925 747 984 τό
769 925 868 1000 ποιότης
890 927 1024 1006 μεσῶριον
1048 923 1117 985 οὔτω
1140 925 1276 1002 ψαλτέον·
1300 927 1371 1002 μετὰ

49 1046 82 1103 τό
119 1045 308 1122 διαναστῆναι
339 1047 410 1122 ὑμᾶς
440 1046 492 1106 ἀπδ
522 1051 572 1122 τῆς
602 1045 631 1106 ἐν
660 1049 793 1129 τῇκοινῇ
815 1049 936 1130 τραπέζῃ
960 1048 1105 1120 ἑστιάσεως
1127 1051 1186 1108 τοῦ·
1217 1048 1370 1128 ,,ἐλεήμων

50 1165 103 1224 καὶ
140 1166 295 1250 οἰκτίρμων
318 1168 333 1226 ό
355 1169 446 1247 νώριος
474 1169 574 1249 τροφήν
604 1169 693 1228 ἔδωκε
723 1171 781 1240 τοῖς
811 1167 991 1246 φοβουμένοις
1018 1169 1119 1230 αίιτίονα
1145 1169 1203 1249 τρίς
1224 1170 1298 1250 παρὰ
1320 1177 1371 1245 τῆς

52 1287 260 1368 ἀδελφότητσς
283 1288 463 1366 ψαλλομένου
478 1287 525 1348 καί
544 1293 591 1349 τοῦ
612 1290 735 1364 συνήθως
757 1289 803 1348 σῦν
827 1288 899 1369 αίιτῷ
922 1291 1059 1370 τρισαγίου
1080 1295 1127 1351 τοῦ
1150 1291 1246 1371 ἱερέως
1267 1311 1298 1350 τε
1320 1293 1369 1366 τήν

54 1409 152 1488 εῦχὴν
172 1409 351 1490 ἐπιλέγοντος
370 1411 483 1486 τοώτην·
507 1411 680 1490 ,,ε“υλογητός
702 1411 717 1468 ό
740 1412 803 1483 θεός
825 1411 840 1470 ό
862 1413 966 1492 τρέφων
988 1414 1063 1488 ἡμᾶς
1087 1413 1120 1471 ἐκ
1142 1414 1270 1489 νεότητος
1290 1413 1371 1490 ἡμῶν

54 1539 90 1612 τῇ
126 1533 216 1592 αὺτοῦ
245 1535 336 1614 χάριτι
366 1531 415 1592 καί
445 1532 632 1614 φιλανθρωπίᾳ
662 1535 777 1592 πάντοτε
807 1527 878 1617 [καί]
888 1531 912 1614 ¹)
944 1533 1021 1612 νῦν“,
1053 1533 1130 1605 εῦθίις
1160 1534 1304 1613 ἀρχόμεθα
1325 1539 1372 1596 τοῦ

57 1652 125 1731 ρκσά
146 1653 278 1731 ψαλμοῦ·
303 1655 476 1734 ,,ηῦφράνθην
500 1652 545 1714 ἐπί
566 1657 623 1726 τοῖς
648 1651 766 1734 εἰρηκότι
789 1673 850 1729 μοι·
874 1652 914 1726 είς
936 1649 1012 1716 οίκον
1034 1655 1126 1736 κυρίου
1147 1657 1370 1736 πορευσόμεθαίί.

56 1775 109 1832 καί
134 1779 217 1836 τοῦτο
240 1775 398 1853 ψάλλοντες
420 1773 593 1856 ἐξερχόμεθα
615 1777 645 1836 τδ
668 1775 820 1856 άριστήριον
847 1775 918 1851 μετά
939 1782 990 1852 τής
1011 1777 1200 1856 προσφυούσης
1223 1778 1372 1854 εὐκοσμίας

59 1894 110 1954 καί
127 1899 329 1968 καταπόσεως
344 1895 391 1958 καί
408 1896 586 1976 ἀπερχόμεθα
608 1895 647 1968 εἰς
669 1898 715 1956 τόν
737 1897 861 1976 νάρθηκα
883 1903 929 1956 τοῦ
951 1901 1026 1973 ναοῦ,
1050 1898 1162 1958 κάκεῖσε
1184 1898 1231 1958 τόν
1252 1901 1371 1958 τοιοῦτον

61 2016 276 2098 ἐκπληροῦντες
298 2018 410 2097 ψαλμδν
433 2018 576 2099 ἀρχόμεθα
599 2021 645 2078 τοῦ
667 2019 804 2098 τρισαγίου
826 2016 874 2078 καὶ
895 2017 1044 2096 ήάλλομεν
1066 2017 1115 2093 τήν
1139 2018 1260 2095 ἐννάτην.
1301 2019 1371 2095 μετά

62 2138 95 2198 δὲ
125 2141 180 2214 τὴν
211 2140 310 2215 ταίτης
341 2139 515 2220 ἐκπλήρωσιν
545 2143 591 2200 τοῦ
622 2139 720 2220 ίερέως
751 2141 873 2214 συνήθως
904 2139 1091 2218 ἐπευχομένου
1121 2139 1224 2217 γίνεται
1246 2141 1370 2216 πάλινή

62 2265 260 2341 προγραφεῖσα
284 2263 362 2338 κοινή
393 2264 565 2343 συγχώρησις
594 2262 668 2342 παρά
694 2265 741 2322 τοῦ
763 2267 934 2343 προεστῶτος
956 2259 1003 2322 καί
1025 2266 1075 2336 τής
1097 2261 1293 2342 ἀδελφότητος,
1324 2261 1372 2322 καὶ

66 2383 253 2458 ἀπολυόμεθα
276 2383 304 2441 ἐν
326 2385 383 2455 τοῖς
404 2383 532 2455 κελλίοις
553 2384 643 2459 ήμῶν.

178 2503 213 2565 θ’.
237 2505 295 2580 Τὴν
326 2506 419 2582 μέντοι
447 2509 494 2565 τοῦ
524 2506 664 2584 έστερινοῦ
694 2505 778 2580 θμνου
800 2504 967 2566 ἀκολουθίαν
990 2505 1074 2577 οῦτως
1097 2505 1201 2585 όφειλει
1223 2506 1372 2582 τελεῖσθαι,

69 2621 173 2711 ήώςήέ)
197 2627 216 2703 ἡ
237 2630 284 2686 τοῦ
306 2631 356 2702 τής
379 2625 529 2703 ἐκκλησίας
552 2631 662 2687 τυπικοῦ
685 2623 805 2700 διάταξις
828 2626 969 2707 ἀριδήλως
990 2627 1158 2706 παρίστησιν,
1189 2621 1220 2687 οῦ
1249 2627 1320 2688 κατὰ
1343 2628 1372 2686 τδ

67 2747 155 2819 τέλος
188 2747 258 2822 μετά
279 2751 326 2808 τοῦ
350 2748 439 2828 ἐντῷ
469 2751 582 2829 νάρθηκι
612 2749 734 2824 συνήθως
760 2747 897 2829 τρισαγίου
919 2752 1052 2829 προσήκει
1073 2749 1158 2808 πάλιν
1180 2748 1301 2828 γίνεσθαι
1324 2749 1373 2822 τήν

68 2871 275 2949 προγραρεῑσαν
298 2871 391 2945 κοινήν
416 2873 562 2946 μετάνοιαν
584 2868 632 2930 καὶ
655 2872 835 2949 συγχώρησιν.
866 2867 927 2948 Ικαί
948 2870 983 2929 τά
1005 2869 1156 2930 ἀπόδειττνα
1180 2869 1211 2929 δέ
1235 2869 1305 2946 μετά
1326 2869 1372 2928 τόν

72 2990 184 3052 δεῖπνον
208 2991 355 3070 όφείλομεν
377 2991 507 3073 ψάλλειν,
537 2993 567 3052 ἐν
590 2984 631 3064 οἷς
652 2991 700 3052 καί
721 2992 909 3072 γυνυκλιτέον,
940 2993 985 3052 διε
1009 2993 1048 3067 μὴ
1072 2993 1244 3072 ἑορταστέοψ
1278 2991 1374 3070 ἑορτὴν

72 3111 103 3172 δέ
126 3113 265 3193 λέγομεν,
289 3115 318 3174 ἐν
333 3108 352 3196 ᾖ
367 3113 438 3176 κατὰ
452 3115 483 3174 τό
499 3113 595 3194 όρθρον
610 3115 641 3173 τό
664 3114 749 3194 ,,θεός
764 3113 876 3194 ιιίιριοςιι
896 3112 1053 3190 ψάλλομεν.
1085 3111 1132 3172 καὶ
1147 3116 1194 3172 τοῦ
1209 3110 1373 3172 ἀποδείπνσυ

73 3233 103 3292 δὲ
133 3235 272 3312 ψαλέντος
295 3233 341 3296 καί
364 3239 410 3296 τοῦ
433 3241 604 3314 προεστῶτος
625 3234 674 3310 τὴν
697 3235 797 3309 συνήθη
822 3234 980 3307 ἐπειπόντος
1002 3233 1086 3312 εῦχὴν
1109 3233 1231 3316 όρθρίους
1254 3234 1374 3304 ἑστῶτας

73 3359 180 3428 πάντας
202 3357 265 3428 τοὺς
288 3355 424 3436 ἀδελφοὺς
446 3356 535 3416 καλδν
556 3356 711 3416 ἀποκλίνειν
734 3354 807 3434 αἰντῷ
821 3357 852 3415 τδ
868 3355 915 3428 οῦς
935 3353 1168 3437 γονυκλινοῦντιῖ)
1182 3353 1229 3415 καί
1249 3353 1373 3433 λέγοντι·

75 3479 296 3558 ,,συγχωρήυατέ
320 3498 376 3556 μοι,
405 3479 523 3557 πατέρες
544 3476 592 3537 καί
618 3476 747 3556 ἀδελφοί·
778 3479 901 3557 ήμαρτσν
923 3477 977 3558 γὰρ
999 3475 1046 3536 καί
1070 3477 1100 3536 ἐν
1127 3477 1200 3556 ἔργῳ
1222 3475 1270 3537 καί
1296 3477 1375 3556 λόγῳ

74 3600 121 3659 καὶ
143 3599 218 3660 κατά
240 3599 393 3662 διάνοιανίό.
430 3597 478 3660 καί
500 3598 625 3671 διδόντας
648 3599 743 3671 αῦτοῦς
764 3599 813 3674 τήν
837 3600 1009 3680 συγχώρησιν
1031 3599 1141 3676 λέγειν·
1165 3599 1200 3678 ,,ό
1223 3599 1286 3670 θεός
1308 3619 1375 3676 συγ-

75 3725 202 3804 γωρήσαι
225 3743 277 3802 σοι,
299 3721 370 3798 τίμιε
393 3721 512 3802 πάτερίί,
536 3720 586 3780 εἴθ’
599 3721 684 3792 οῦτως
706 3720 810 3780 πίπτειν
833 3722 948 3781 ἕκαστον
970 3721 1051 3797 ήμῶν
1074 3719 1118 3779 ἐπί
1140 3725 1194 3799 γής
1212 3719 1284 3780 κατὰ
1306 3720 1375 3800 πρό-

77 3865 168 3905 σωπον
190 3843 238 3904 καί
268 3845 360 3920 κοινὴν
384 3843 417 3904 ἐκ
438 3847 529 3920 πάσης
551 3848 601 3920 τῆς
630 3842 817 3923 ἀδελφότητσς
847 3840 963 3914 ἐξαιτεῖν
985 3841 1035 3917 τήν
1057 3843 1229 3922 συγχώρησιν
1256 3842 1376 3920 λέγοντα

78 3967 176 4038 οῦτως·
201 3967 418 4046 ,,ονγχωρήσατέ
441 3986 498 4045 μοι,
520 3966 638 4044 πατέρες
659 3963 706 4025 καὶ
729 3963 857 4043 ἀδελφοί·
880 3965 1003 4044 ἥμαρτον
1027 3963 1056 4022 ἐν
1079 3964 1163 4044 ἔργῳ,
1187 3963 1217 4022 ἐν
1236 3962 1316 4042 λόγῳ
1329 3959 1376 4022 καί

78 4089 147 4148 κατὰ
175 4087 329 4166 διάνοιανίί,
359 4085 406 4148 καί
427 4089 532 4159 πάντας
562 4085 763 4164 έπευχομένους
784 4085 824 4164 τῷ
846 4087 967 4164 κειμένῳ
996 4085 1106 4165 λέγειν·
1139 4087 1175 4164 ,,ό
1197 4085 1261 4156 θεός
1290 4080 1377 4144 σώσαι

79 4209 123 4269 καί
146 4211 325 4289 συγχωρήσαι
348 4208 422 4286 σοι“,
445 4207 493 4268 καί
516 4208 586 4284 μετά
607 4209 638 4267 τό
653 4209 757 4278 πάντας
773 4207 822 4282 τήν
844 4207 968 4282 τοιαῦτην
990 4209 1161 4286 συγχώρησιν
1184 4203 1377 4280 ἐξαιτήσασθαι

80 4329 123 4390 καὶ
146 4329 257 4408 λαβεῖν,
280 4330 375 4410 λέγειν
390 4331 437 4390 τόν
453 4330 659 4410 ἐκκλησιάρχην
675 4327 763 4400 εἰκός·
789 4327 933 4411 ,,είιξασθε,
957 4329 1084 4408 πατέρες,
1108 4328 1173 4408 ὑπὲρ
1188 4331 1235 4387 τοῦ
1249 4331 1378 4407 κραταιοῦ

81 4447 128 4510 καί
147 4451 227 4530 ἁγίου
249 4451 328 4527 ἡμῶν
352 4451 501 4529 βασιλέως,
525 4449 592 4532 ’νπὲρ
614 4454 661 4511 τοῦ
683 4450 761 4529 άγίου
783 4451 884 4529 πατρός
906 4451 996 4528 ήμῶν,
1020 4449 1085 4528 ὑπὲρ
1101 4453 1154 4508 τῶν
1176 4441 1378 4524 ἐντειλαμένων

185 4711 207 4778 ¹)
225 4711 422 4778 Supplevimus.
496 4711 517 4777 ²)
536 4709 734 4777 Supplevimus.
805 4711 827 4778 ³)
845 4707 1026 4778 γονυκλιτοῦντι
1043 4710 1075 4760 Ε.

1137 4815 1171 4864 26
