3208 5310
258 337 297 399 12

252 528 298 590 καί
323 531 405 611 μέχρι
426 534 473 590 τοῦ
489 530 665 610 Ὑδροπεσίου
687 531 794 593 καὶτοῦ
811 532 936 611 Κοχλίου
951 535 1183 613 περισριζομένης.
1208 537 1289 604 τόπος
1304 533 1468 608 νομαδιαῑος
1485 531 1552 607 μετὰ

253 659 306 711 τῶν
329 651 471 729 σπηλαίων
494 651 541 712 καί
562 659 612 728 τῆς
628 653 808 734 Φιλαντρίας.
832 659 962 731 μετόχιον
984 655 1015 713 τό
1038 652 1078 726 είς
1099 655 1148 729 τὴν
1165 654 1357 725 Χαλαζουσίαν
1377 655 1551 729 διακείμενον

253 773 398 848 μετὰτῶν
421 774 449 832 ἐν
473 772 545 853 αὐτῷ
568 774 614 834 δύο
638 775 793 850 ἐκκλησιῶν
817 771 888 860 [τὴν]
910 780 956 836 τοῦ
979 776 1056 854 ἁγίου
1079 776 1325 856 μεγαλυμάρτυρος
1342 773 1485 856 Ἰσιδιθρου
1507 773 1552 832 καί

252 895 300 970 τήν
321 900 371 972 τῆς
393 897 543 975 θπεροίγνου
566 897 694 956 θεοτόκου
716 901 766 972 τῆς
787 897 1046 977 ΙΙλουμαριώτισοας
1068 895 1114 956 καί
1137 903 1191 956 τῶν
1207 897 1327 956 ὑπἀίιτὰ
1341 897 1491 975 χωραρίων
1507 893 1552 955 καί

254 1020 345 1076 τόπων
368 1017 538 1091 ὁπουδήποτε
562 1017 752 1097 διακειμένων,
777 1017 896 1099 δένδρων
920 1019 1099 1098 δπωρορόρων
1121 1016 1168 1077 καί
1190 1018 1299 1094 σχίνων.
1321 1020 1450 1098 χωράρια
1465 1017 1501 1076 τά
1517 1015 1553 1088 είς

251 1134 285 1197 τά
308 1138 400 1218 Δότια,
426 1131 469 1197 σία
492 1137 538 1198 καὶ
562 1139 613 1198 όσα
635 1137 694 1201 εἰσί.
719 1141 847 1218 μετόχιον
869 1141 899 1200 τδ
922 1141 1024 1200 Συκέσυ
1048 1139 1116 1214 μετὰ
1137 1145 1188 1214 τῆς
1210 1139 1253 1199 ὑπ’
1266 1141 1330 1199 αὺτδ
1353 1137 1486 1218 ἀροσίμου
1501 1143 1552 1216 γης

250 1257 298 1320 καί
320 1260 482 1334 νομαδιαίας
504 1257 551 1319 καί
572 1263 662 1342 πάσης
683 1267 734 1336 τῆς
756 1262 877 1339 ἀρχῆθεν
901 1263 981 1321 αίντοῡ
1003 1267 1135 1340 περιοχῆς
1157 1259 1204 1320 καί
1220 1259 1431 1340 διακραιήσεως.
1449 1259 1550 1333 είνκτή-

252 1403 310 1462 ριον
333 1383 352 1458 ή
374 1382 440 1460 άγία
463 1382 623 1442 Ἀναστασία
647 1383 792 1457 μετὰτῶν
815 1384 858 1441 ὑπ’
871 1382 953 1458 αὐτ-ἠν
975 1383 1113 1462 παροίκων
1137 1382 1193 1444 δύο.
1225 1381 1250 1442 οἱ
1268 1383 1491 1461 προσκαθήμενοι
1515 1379 1552 1451 εἰς

250 1503 298 1577 τὴν
321 1501 512 1572 Χαλαζουσίαν
535 1503 605 1577 μετὰ
627 1509 680 1562 τῶν
702 1503 807 1563 παίδων
832 1505 927 1566 αθτῶν.
955 1506 1083 1583 χωράρια
1104 1511 1157 1562 τῶν
1181 1503 1379 1582 Κολοροὺντων
1403 1503 1550 1578 μετὰτῶν

250 1624 371 1683 έλαίκῶν
395 1623 523 1704 δένδρων.
548 1627 677 1702 μετόχιον
700 1631 753 1684 τῶν
776 1624 958 1704 Σιδερυίνντων
982 1624 1127 1700 μετὰτῶν
1150 1625 1193 1684 ὑπ’
1206 1625 1270 1684 αὺτδ
1291 1623 1412 1683 ἐλαϊκῶν
1429 1624 1551 1703 δένδρων

249 1743 296 1804 καί
319 1745 498 1823 ότωρσρόρων
520 1743 567 1804 καὶ
588 1748 679 1822 πάσης
700 1751 751 1822 τῆς
775 1744 829 1818 ἔξω
850 1751 983 1825 περιοχῆς
998 1744 1045 1805 καί
1061 1745 1275 1826 διακρατήσεως.
1291 1747 1417 1825 χωράρια
1430 1746 1549 1823 περιελ-

250 1867 331 1926 θόντα
353 1873 386 1947 τῇ
409 1871 480 1948 μονῇ
508 1867 561 1926 ἀπό
582 1871 630 1926 τοῦ
654 1867 828 1947 Πολυκράτεϊ.
857 1865 981 1947 πάροικοι
1004 1867 1029 1926 οί
1057 1868 1277 1947 προσκαθήμενοι
1304 1865 1344 1938 είς
1366 1867 1396 1926 τό
1419 1869 1550 1944 μετόχιον

249 1993 302 2046 τῶν
325 1987 517 2069 Σιδεροθντων,
541 1984 579 2048 ιὐν
602 1991 617 2048 ό
641 1987 691 2063 μὲν
715 1981 754 2060 εἷς
777 1989 909 2064 Ἰωάννης
931 1991 946 2046 ό
969 1985 1166 2068 Ευπρογιώιης
1190 1987 1259 2064 μετὰ
1278 1986 1333 2047 τῶν
1347 1987 1454 2048 παίδων
1472 1989 1550 2047 σίντεῠ

250 2108 428 2181 ένυπόστατος
450 2107 497 2168 καὶ
519 2109 544 2170 σί
568 2111 655 2189 ἕτεροι
678 2109 724 2170 δύο
748 2111 931 2170 ἀνυπόστατοι.
957 2112 1085 2188 μετόχιον
1108 2111 1123 2168 ό
1144 2110 1235 2186 Ἄγιος
1250 2109 1269 2167 Γ
1272 2111 1387 2189 εὼργισς
1408 2109 1439 2168 τδ
1465 2110 1550 2188 ἐντῄ

247 2238 365 2311 περιοχῇ
394 2235 440 2290 τοῦ
464 2231 599 2311 Ἀγγέλου
629 2231 802 2306 διακείμενον
830 2231 900 2307 μετὰ
930 2237 983 2290 τῶν
1015 2232 1169 2307 ἀνηκόντων
1197 2230 1269 2311 αδτῷ
1295 2233 1403 2290 πάντων
1425 2229 1474 2290 καί
1497 2239 1549 2289 τῶν

247 2353 445 2432 περιελθόντων
469 2351 540 2432 αυτῷ
563 2353 617 2412 ἀπό
641 2353 748 2433 δωρεᾶς
770 2352 817 2412 καί
834 2351 865 2425 ἐξ
881 2354 1030 2432 άγορασίας
1045 2352 1091 2412 καὶ
1106 2358 1152 2413 τοῦ
1168 2353 1284 2412 θπάὺτό
1301 2353 1436 2428 μυλῶνος.
1455 2356 1549 2432 ἕτερον

248 2477 377 2551 μετόχιυν
404 2476 434 2533 τ“ο
457 2473 654 2552 Καρδαμθλιον
682 2475 751 2550 μετὰ
778 2483 826 2551 τῆς
855 2475 975 2535 θπάὺτδ
1002 2476 1132 2556 ἀροσίμου
1158 2481 1212 2552 γής
1234 2473 1280 2534 καὶ
1302 2473 1476 2554 νομαδιαίας,
1500 2481 1549 2548 της

249 2595 370 2677 βρύοεως
392 2595 439 2656 καί
460 2599 568 2656 πάντων
591 2603 644 2656 τῶν
666 2596 727 2678 περὶ
751 2599 815 2657 αίντδ
839 2598 883 2656 σίιν
907 2601 963 2670 τοῖς
986 2595 1115 2673 οίκήμασι
1140 2599 1183 2656 τοῦ
1198 2596 1299 2675 πύργου
1314 2591 1414 2672 καὶτῷ
1430 2596 1546 2670 μυλῶνι.

248 2719 376 2795 μετόχιον
402 2719 433 2778 τό
460 2716 621 2798 ἑξαλειρθὲν
649 2721 698 2778 ὑπὸ
726 2725 780 2778 τῶν
807 2722 964 2800 κσυρσάρων
992 2721 1021 2779 τό
1049 2721 1119 2780 οὕτω
1145 2741 1203 2790 πως
1226 2719 1425 2796 ἐπιλεγόμενον
1448 2713 1547 2776 Τευθίν

248 2839 318 2914 μετὰ
339 2845 389 2916 τῆς
413 2840 442 2913 ἐξ
465 2840 586 2921 ἀρχῆθεν
616 2843 695 2900 αὺτοῦ
716 2847 848 2919 περιοχῆς
872 2839 918 2900 καί
942 2841 1155 2921 διακρατήσεως.
1183 2841 1217 2899 τά
1238 2843 1365 2920 χωράρια
1387 2844 1440 2898 τῶν
1467 2840 1545 2918 Παρ-

246 2963 353 3020 πάντων
365 2959 387 3043 1)
415 2961 449 3020 τὰ
473 2961 634 3037 διακείμενα
657 2961 697 3034 τίς
719 2966 765 3021 τοῦ
789 2962 947 3042 Ἀρογεότου
976 2959 1023 3021 καί
1051 2959 1091 3032 είς
1112 2963 1143 3020 τό
1165 2961 1267 3041 χοιρίον
1290 2962 1319 3020 τ“ο
1344 2961 1465 3030 ΙΙιτυοθς.
1493 2980 1546 3035 με-

245 3085 337 3160 τόχισν
361 3081 400 3154 είς
422 3083 452 3142 τδ
477 3083 604 3163 ίΙέραμα,
627 3083 749 3162 όἍγισς
765 3084 935 3163 Ευοτράτιος,
959 3084 990 3142 τό
1013 3083 1211 3161 ἐπιλεγόμενον
1227 3081 1404 3162 Ἁναχωρίας,
1428 3083 1443 3140 ό
1465 3102 1544 3161 περι-

246 3205 316 3279 ῆλθε
339 3211 372 3286 τῇ
396 3211 466 3286 μονῇ
489 3204 542 3264 ἀπό
563 3203 752 3287 προσενέξεως
773 3209 820 3265 τοίι
842 3203 1039 3282 Εθδαιμονίτζη
1064 3203 1168 3264 ἐκείνου
1192 3203 1261 3280 μετὰ
1276 3209 1325 3278 της
1340 3203 1460 3262 ὑπἀδτδ
1477 3204 1545 3283 αἰρο-

247 3323 325 3400 σίμευ
350 3331 404 3403 γῆς
430 3325 476 3385 καί
499 3326 662 3402 νομαδιαίας
688 3325 734 3386 καί
761 3333 815 3386 τῶν
842 3327 1040 3407 περιελθόντων
1068 3329 1134 3408 αὐτῇ
1161 3326 1307 3406 χωραφίων
1330 3325 1383 3385 ἀπό
1405 3345 1434 3384 τε
1457 3345 1545 3406 πρεσ-

247 3445 365 3520 ενέξεως
386 3445 433 3506 καὶ
457 3445 487 3520 ἐξ
511 3448 659 3527 ἀγορασίας
681 3455 731 3522 τῆς
754 3455 840 3523 μονῆς
863 3449 908 3507 σὺν
931 3447 969 3526 τῷ
993 3447 1124 3528 είικιηρίῳ
1146 3451 1192 3506 τοῦ
1207 3443 1294 3523 τιμίου
1311 3446 1484 3528 Προδρόμου,
1507 3443 1546 3522 τῷ

245 3569 414 3648 περιελθόντι
436 3575 469 3651 τῇ
493 3574 563 3644 μονή
587 3570 639 3628 άπδ
661 3573 707 3627 τοῦ
722 3568 864 3648 Βογδάνου
888 3569 1025 3644 μετὰτῶν
1042 3568 1070 3628 ἐν
1086 3565 1158 3646 αὑτῷ
1174 3565 1391 3649 πικομσρεῶν.’ί)
1415 3570 1545 3645 μετόχιον

245 3689 374 3768 όἍγιος
397 3690 533 3769 Γεωργιος
564 3687 604 3761 εἰς
633 3690 667 3749 τά
689 3690 818 3750 Κανάλια
848 3691 879 3749 τό
912 3687 950 3761 είς
973 3691 1003 3749 τό
1033 3691 1104 3765 θέμα
1126 3693 1173 3749 τοῦ
1197 3690 1332 3770 Ἁλμυροϋ
1360 3687 1407 3749 καί
1434 3687 1474 3760 είς
1497 3690 1546 3762 τὴν

245 3810 421 3890 κουρατσρίαν
447 3817 494 3872 τοῦ
516 3812 678 3872 Βελεστίνου
701 3811 873 3888 διακείμενον
897 3811 1043 3886 μετὰτῶν
1066 3811 1109 3871 ὑπ’
1123 3812 1186 3871 αὺτδ
1210 3805 1363 3890 ἀμπελίων,
1386 3812 1544 3891 χωραρίων,

246 3931 390 4012 όοττητίων,
414 3933 592 4013 όπορωρόρων
616 3933 745 4013 δένδρων,
768 3939 821 4012 γῆς
843 3955 873 3992 τε
896 3935 1013 4013 θπέργου
1035 3931 1081 3993 καὶ
1103 3931 1266 4007 νομαδιαίας
1288 3929 1335 3991 καί
1355 3939 1409 3992 των
1426 3931 1455 3992 ἐν
1473 3932 1544 4010 αῐντῴ

243 4055 477 4132 προσκαθημένων
506 4055 655 4134 παροίκων.
687 4055 811 4130 ἀμπέλια
834 4053 880 4115 καὶ
907 4055 1021 4130 δαπήπια
1042 4053 1077 4114 τὰ
1100 4055 1128 4114 ἐν
1151 4053 1190 4133 τῷ
1213 4053 1342 4134 Ἃλμυρῷ
1364 4053 1411 4114 καὶ
1433 4053 1468 4112 τὰ
1492 4053 1544 4113 ἀπό

244 4179 290 4234 τοῦ
314 4176 422 4236 Ὑαλέα
443 4177 623 4256 περιελθόντα
644 4183 678 4260 τῇ
701 4183 771 4258 μονῇ
794 4175 841 4236 καὶ
864 4177 897 4236 τὰ
920 4176 1056 4236 σανδάλια
1078 4178 1187 4254 ταθτης,
1212 4177 1280 4256 άπερ
1304 4177 1363 4252 ἔχει
1379 4175 1543 4248 ἑξκουσσευ-

246 4301 332 4372 όμενοι
355 4299 407 4357 ἀπό
429 4301 521 4374 πάσης
544 4299 674 4379 ἐπηρείας
689 4296 736 4358 καὶ
752 4299 908 4377 ὀχλήσεως,
931 4297 1015 4375 ήγουν
1030 4295 1202 4378 κουμερκίου,
1219 4295 1401 4379 ἀγγαρείαςί)
1418 4295 1464 4356 καὶ
1479 4317 1544 4357 παν-

246 4418 321 4489 τοίας
338 4415 464 4504 [δόσεως]
481 4419 527 4478 καί
546 4425 600 4480 τῶν
615 4419 719 4479 λοιπῶν
736 4421 907 4496 ζητημάτων.
931 4417 964 4476 τὰ
980 4418 1140 4494 δηλωθέντα
1156 4417 1242 4477 τοίνυν
1257 4420 1393 4498 κτήματα,
1417 4421 1543 4497 μετόχια,

352 4583 372 4648 ¹)
391 4583 440 4632 τῶν
455 4580 604 4650 Παρπάντων
623 4580 738 4652 χωράρια
751 4578 780 4632 τὰ
793 4582 814 4633 δ.
830 4582 893 4634 Sak.
966 4583 986 4647 ²)
1001 4583 1166 4650 ουκσμωρεῶν
1179 4581 1241 4632 Sak.
1314 4583 1335 4648 ³)
1349 4579 1468 4649 άγγαρίας
1482 4583 1543 4634 Sak.

247 4681 328 4730 etiam
348 4679 425 4728 infra.
