3194 5298
1269 363 1330 427 139

53 561 134 630 μίτον
159 557 369 630 ίνδικτιῶνος
396 557 422 632 β’
452 558 507 618 καί
535 558 582 632 είς
611 561 647 620 τό
677 561 834 640 σε’κρετον
863 565 921 634 τῆς
958 557 1131 633 σακίλλης
1162 557 1246 616 κατὰ
1273 557 1330 631 τὴν

52 677 71 736 θ’
90 680 185 754 μηνός
213 674 314 754 μαίου
337 679 543 753 ίνδικτιῶνος
566 679 592 756 β’
623 679 680 741 καὶ
710 679 759 754 είς
781 683 816 741 τό
838 683 999 762 σε’κρετον
1021 683 1077 740 τοῦ
1100 679 1252 757 μεγάλου
1275 699 1331 737 σα-

52 800 222 879 κελλαρίου
244 801 329 862 κατὰ
351 807 438 878 μῆνα
467 804 566 879 μοῖιον
597 801 806 874 ἰνδικτιῶνος
829 802 855 877 β’
886 800 941 862 καὶ
963 799 1013 873 είς
1033 802 1069 860 τό
1095 801 1253 880 σίκρετον
1275 801 1332 856 τοῖν

52 919 230 998 οίκονομῖου
252 928 312 998 τῆς
334 922 459 995 δύσεως
483 922 532 996 είς
554 930 641 1001 μῆνα
664 927 762 1000 μοίιον
785 923 995 994 ίνδικτιῶνος
1018 921 1043 997 β’
1071 920 1128 982 καί
1151 921 1198 992 εἰς
1220 921 1255 980 τό
1277 920 1331 978 σέ-

52 1063 152 1120 ιρετον
174 1048 231 1104 τοῦ
253 1049 394 1122 γενικοῖι
415 1045 603 1124 λογοθέτου
625 1045 708 1106 κατὰ
730 1047 788 1120 τὴν
812 1044 850 1104 ιδ’
879 1045 983 1120 μηνός
1007 1038 1104 1119 μαίου
1128 1042 1333 1112 ίνδικτιῶνος

53 1163 73 1236 β’
90 1163 141 1223 καί
162 1163 212 1236 εἰς
234 1167 271 1225 τό
293 1167 452 1246 σέκρετον
475 1171 529 1228 τοῦ
551 1171 788 1247 στρατιωτικοῦ
807 1167 995 1246 λογοθὲτου
1017 1164 1064 1237 εἰς
1085 1170 1171 1242 μῆνα
1191 1165 1287 1240 μοῖιον
1308 1160 1330 1232 ζ’

553 1287 762 1361 ίνδικτιῶνος
785 1287 822 1362 β’.

140 1501 156 1572 ή
178 1496 232 1556 Ἐν
255 1495 390 1572 όνόματι
413 1501 467 1558 τοῦ
490 1500 613 1578 πατρός
636 1496 691 1558 καὶ
714 1501 769 1558 τοῦ
790 1498 860 1558 υίοῖι
882 1495 938 1558 καὶ
955 1499 1009 1556 τοῦ
1025 1495 1121 1574 ἁγίου
1136 1495 1332 1570 πνεύματος.

53 1617 228 1698 λἰκηρόρος
252 1618 285 1678 ἐν
301 1618 431 1699 Χριστῷ
453 1618 633 1700 όρθόδοξος
656 1615 1146 1704 βασιλεθςκαὶ1)αῖιτοκροίτωρ
1164 1614 1334 1690 Ῥωμαίων

53 1739 305 1816 όΒοτανειότης
327 1741 355 1818 †

141 1901 157 1972 †
179 1896 214 1956 Εί
236 1899 323 1972 νομέα
344 1905 397 1958 τῶν
419 1899 487 1978 πρός
509 1895 586 1971 ἀξίαν
609 1899 654 1958 τόν
678 1897 769 1975 ἀληθῆ
794 1897 912 1972 βασιλέα
932 1899 1065 1978 προσῆκει
1087 1894 1265 1976 γνωρίζεσθαι
1287 1893 1334 1954 καὶ

53 2017 176 2098 διαιρέτην
196 2024 252 2078 τῶν
273 2020 431 2101 προσφόρων
455 2021 562 2100 ἑκάστῳ
584 2028 684 2102 γερῶν,
706 2020 791 2098 λόγον
815 2019 847 2080 δὲ
868 2019 915 2079 καὶ
935 2021 967 2079 τό
988 2017 1050 2100 περὶ
1070 2020 1177 2090 τούτους
1192 2017 1334 2091 εὐδόκιμον
1408 2043 1410 2046 ·

54 2139 85 2218 τῷ
112 2141 249 2221 μαγίστρῳ
272 2141 394 2219 Μιχαὴλ
420 2140 466 2202 καὶ
492 2147 571 2222 κριιῆ
599 2140 637 2221 τῷ
659 2139 838 2225 Ἀτταλειιίτῃ
862 2141 1005 2202 ἰδιαίτατον
1013 2139 1037 2224 ²)
1061 2138 1162 2201 ὡσανεί
1182 2159 1241 2210 πως
1263 2139 1333 2198 καθ-

55 2261 139 2336 έστηκε
166 2265 318 2343 γνώρισμα,
348 2263 397 2322 οὒκ
420 2267 452 2322 ἂν
475 2262 517 2338 εἴη
541 2263 656 2341 δίκαιον,
688 2264 726 2338 μὴ
753 2261 801 2323 καὶ
828 2268 920 2324 τοῦτον
947 2263 1137 2341 ἀναλογοόσης
1157 2263 1335 2342 τετυχηκέναι

55 2387 94 2456 τῆς
112 2387 237 2464 χάριτος·
262 2383 285 2444 εἰ
308 2385 362 2465 γὰρ
385 2386 423 2461 μὴ
443 2385 540 2463 λόγοις
560 2385 778 2466 ἐντεθραμμένος
798 2384 940 2460 σεβάζοιτο
957 2387 1107 2467 ἅνθρωπος,
1128 2385 1335 2467 παρευδοκιμη-

55 2507 120 2578 τέσος
141 2509 194 2588 όίρα
214 2507 277 2579 τοὺς
299 2507 401 2588 λόγους
423 2509 562 2589 τιθέμεθα,
592 2509 694 2587 λόγους
717 2507 748 2568 δὲ
771 2509 809 2583 μὴ
832 2509 967 2582 τιθέμενοι
988 2507 1050 2589 περὶ
1071 2508 1209 2588 πλείονος,
1240 2509 1267 2568 οῖ
1286 2513 1337 2583 τῆς

55 2627 181 2701 πολιτείας
205 2628 255 2689 εἰσὶ
279 2632 309 2690 τό
331 2631 491 2711 κεφάλαιον,
515 2630 626 2708 ἀλογίαι
650 2630 737 2706 δήπου
759 2636 809 2706 τῆς
830 2631 949 2709 λογικῆς
963 2631 1206 2710 καταβηριζόμεθα
1221 2631 1334 2710 φύσεως,

15 2765 17 2780 '
57 2747 122 2808 ἀλλὰ
143 2753 247 2826 μίμεοτε
270 2751 325 2832 ἅμα
346 2756 471 2812 τοσοῦτον
494 2752 659 2831 ἀλογήσοιτό
675 2772 715 2824 τις
728 2754 775 2812 τοῦ
789 2752 887 2830 καλοῖ,
912 2753 950 2824 ὡς
966 2751 1004 2827 μῆ
1018 2753 1081 2824 τοὺς
1095 2753 1198 2831 λόγους
1214 2753 1337 2829 ευλόγως

58 2876 126 2944 τιμᾶν
147 2871 192 2932 καί
213 2873 289 2953 παρὰ
310 2877 387 2934 τοῦτο
411 2873 514 2934 δίκαιον
538 2877 571 2932 ἀν
594 2872 637 2948 εἴη
659 2873 707 2933 καὶ
729 2878 772 2932 νῦν
795 2873 869 2954 παρὰ
890 2879 939 2948 τῆς
954 2872 1082 2947 εὐσεβοῦς
1097 2875 1176 2949 ἡμῶν
1193 2871 1336 2947 βασιλείας

57 2992 93 3049 τόν
112 2993 170 3074 περὶ
191 2995 285 3054 τοότου
299 2998 455 3070 πονήσαντα
475 2994 523 3054 καὶ
542 3001 596 3055 τῶν
615 2993 732 3055 πολλῶν
751 2996 782 3054 τό
801 2995 887 3055 πλέον
909 2995 1143 3075 ἀπενεραίμενον,
1168 2996 1207 3069 μὴ
1223 2995 1336 3054 κατόπιν

57 3118 101 3172 τῶν
127 3115 302 3192 ήλπισμὲνων
329 3117 430 3196 ἐλθεῖν,
461 3123 515 3177 τῶν
545 3117 570 3177 δ’
584 3115 747 3192 αἰτηθέντων
771 3117 881 3191 μᾶλλον
902 3119 933 3176 τό
955 3118 1041 3198 πέρας
1064 3117 1148 3196 εὑρεῖν
1171 3115 1218 3176 καί
1239 3117 1336 3197 πλέον,

58 3234 90 3292 ότι
108 3236 150 3296 καὶ
171 3223 331 3314 θεοσεβείας
354 3240 404 3298 οὐκ
426 3239 573 3317 ἐλάχιστον
595 3237 719 3314 ἴνδαλμα
739 3239 778 3318 τῷ
793 3241 904 3319 παρόντι
919 3237 1011 3317 σκοπῷ
1026 3239 1235 3318 παραπόπηγεν.
1260 3238 1338 3298 ἀλλὰ

58 3353 90 3426 dg
115 3358 128 3415 ό
151 3359 237 3438 λόγος
263 3363 310 3419 τοῦ
331 3359 487 3441 προοιμίους
519 3361 582 3420 αὑτό
606 3361 696 3420 ἐκεῖνο
718 3361 748 3419 τό
771 3365 820 3435 τῆς
842 3365 948 3439 γραφῆς
969 3361 1041 3420 κατὰ
1062 3359 1150 3432 πόδας
1171 3361 1339 3440 παραστήσει
1429 3427 1431 3432 ,

60 3481 201 3557 σαφέστατα.
240 3481 356 3561 ἔφθασεν
387 3483 402 3541 ό
430 3471 592 3563 πρόρρηθεὶς
622 3477 700 3554 οὗτος
732 3485 881 3563 μαίγιστρος
909 3480 970 3561 περὶ
999 3481 1048 3557 τὴν
1072 3479 1184 3563 Θρᾴκην
1214 3474 1262 3542 καί
1290 3483 1339 3558 τὴν

60 3597 218 3663 Μακεδονίαν
242 3599 377 3679 ἀκινήτων
401 3603 553 3679 ἐπικτήσεις
575 3605 738 3679 ποιήσασθαι
761 3602 808 3662 καὶ
828 3603 1036 3684 χρυοόβουλλον
1057 3607 1104 3664 τοῦ
1118 3605 1339 3683 προβεβασιλευ-

32 3728 35 3736 ’
59 3724 125 3794 Q
147 3729 228 3804 κυροό
252 3725 372 3802 Μιχαήλ
397 3729 444 3785 τοῦ
467 3726 572 3797 Δουκός
602 3724 745 3806 ἐπορίσατο
769 3723 973 3804 ἑξκαυσσείαιό)
997 3726 1087 3797 αὺτοῖς
1109 3727 1232 3798 παντελῆ
1255 3747 1339 3806 χαρι-

62 3843 154 3916 ζόμενον
182 3845 231 3906 καὶ
260 3845 432 3926 ἀπρόσβατον
463 3841 532 3907 εἷναι
561 3853 626 3907 πᾶσι
657 3851 760 3926 κριταῖς
789 3868 819 3907 τε
847 3845 895 3908 καί
916 3850 1063 3928 πράκτορσι
1085 3845 1131 3906 καί
1154 3852 1339 3928 στρατευταῖς,

62 3960 172 4041 ἑμθωταῖς
193 3967 256 4051 τεό)
280 3968 328 4028 καὶ
351 3969 490 4046 ἐπόπταις,
515 3969 695 4048 ἀναγραρεῦσι
717 3967 764 4029 καὶ
786 3969 948 4050 ρορολόγοις
971 3969 1142 4044 οίοισδήποτε
1162 3967 1209 4028 καί
1223 3971 1281 4041 τοῖς
1295 3967 1339 4027 ὑπ’

63 4084 139 4160 όιτοθς
166 4092 249 4150 ἅπασι
279 4091 328 4167 τὴν
359 4090 388 4150 ἐν
418 4092 520 4162 τούτοις
550 4092 768 4170 ἐγκελευόμενον
794 4091 955 4173 προσβολὴν
982 4089 1030 4152 καί
1051 4092 1137 4168 νομὴν
1160 4089 1207 4150 καὶ
1229 4087 1339 4167 αὔξησιν

63 4213 133 4268 τεῖσαι
151 4210 198 4272 καὶ
219 4211 333 4292 ὄρθωσιν
355 4218 409 4272 τῶν
432 4215 579 4289 κτημάτων
598 4215 691 4274 τοότου
707 4214 938 4294 ἀποτεμνόμενον,
962 4216 1001 4286 ὡς
1017 4216 1087 4288 μόνα
1102 4214 1192 4272 τελεῖν
1207 4212 1242 4272 τὰ
1257 4213 1339 4294 μέχρι

65 4421 232 4477 documentum
247 4429 305 4494 jam
324 4429 419 4478 martio
438 4443 531 4479 mense
543 4429 597 4482 ind.
611 4429 684 4479 xm<
699 4431 727 4479 in
745 4427 851 4497 σεκρέτῳ
863 4429 906 4478 τοῦ
919 4429 1015 4496 γενικοῦ
1027 4427 1156 4496 λογοθότου
1169 4431 1340 4496 παραιτεῖται

66 4516 96 4564 νὴ
126 4521 230 4572 Εόίιιιαι
249 4530 290 4572 est
308 4538 379 4573 anno
401 4526 475 4586 1074,
498 4540 590 4575 mense
608 4526 704 4575 martio
723 4533 751 4575 et
767 4525 836 4590 april
854 4527 930 4575 ianni
949 4526 1087 4590 sequentis
1106 4528 1172 4575 1075
1191 4531 1282 4576 autem
1300 4527 1339 4576 in-

67 4614 171 4677 striptum
197 4618 338 4668 tabulariis
365 4621 394 4668 in
418 4619 500 4670 Urbe.
573 4621 592 4684 ¹)
620 4615 704 4677 πιστός
732 4618 754 4684 β.
782 4615 908 4686 όρθόδοξος
936 4617 986 4669 αὐτ.
1010 4619 1037 4670 S.
1109 4621 1130 4686 ²)
1154 4619 1289 4688 ἰδιαιτέρως
1313 4623 1338 4673 S.

68 4702 85 4766 3ί
101 4704 227 4764 &inunum
244 4715 272 4765 S.
343 4713 365 4779 ⁴)
383 4729 409 4764 τε
427 4715 503 4766 deest
520 4715 546 4766 S.
