3222 5284
1283 363 1346 427 307

52 554 193 634 όπεραγίας
221 557 349 616 θεοτόκου
375 560 426 632 τῆς
449 556 599 632 Ἐλεοῦσης
626 557 746 632 νόμισμα
768 559 807 636 ἐν,
838 555 922 616 καίό
949 558 1015 630 ναός
1036 561 1083 617 τοῦ
1107 557 1347 638 Ἄρχιστραπηγου,
1461 601 1465 612 .

54 671 119 756 ἑνῷ
146 699 217 738 ποτε
246 678 361 756 λέγεται
391 677 513 758 ἱδρῦσθαι
543 678 591 754 τὴν
622 678 780 760 ἐπισκοτιήν,
810 681 933 754 νόμισμα
962 681 1000 739 ἐν.
1045 679 1146 738 τούτων
1177 677 1209 738 δὲ
1239 680 1348 738 πάντων

53 800 183 878 παροχείις
207 800 282 860 ἐσται
304 797 351 860 καί
374 800 541 875 διανεμηπης
563 798 610 860 καί
631 800 785 880 προνοητὴς
807 800 878 876 μετά
900 801 961 860 θεόν
984 798 1031 860 καὶ
1052 799 1145 880 κῦριος
1168 802 1228 859 ότε
1245 819 1348 875 μυστο-

53 924 148 1000 γράφος
169 925 219 1002 κῦρ
236 919 391 1001 Θεόδωρος,
415 923 429 980 ό
451 924 564 998 γνήσιός
587 943 638 998 μου
660 921 726 1001 υἱός,
749 921 797 982 καί
819 921 844 981 οἱ
867 919 987 997 καθεξῆς
1010 921 1064 981 ἀπό
1086 926 1133 982 τοῦ
1155 923 1252 1002 γένους
1266 923 1347 1001 ἡμῶν

56 1043 183 1122 διάδοχοι.
221 1044 297 1133 θέλω
321 1042 421 1103 δὲκαὶ
444 1044 534 1123 όρίζω,
556 1044 610 1123 ἵνα,
635 1042 657 1103 εἰ
682 1044 720 1118 μὴ
744 1045 835 1122 φθάσω
859 1044 916 1122 ἐγώ
938 1045 1025 1104 ποιεῖν
1048 1044 1163 1104 κελλίον
1187 1043 1216 1104 ἐν
1237 1043 1276 1122 τῷ
1294 1041 1348 1117 ἔξω

56 1167 127 1246 μέρει
149 1169 194 1224 τοῦ
216 1162 292 1224 οἴνου
316 1183 367 1272 μρυ
388 1171 438 1240 τῆς
454 1165 610 1224 Ῥαιδεστοῦ
634 1162 674 1236 είς
697 1165 845 1224 ἀνάπαυσιν
867 1170 921 1224 τιῦν
944 1164 1005 1224 κατ’
1018 1165 1158 1241 εθσέβειαν
1180 1168 1237 1238 τοῖς
1260 1165 1349 1245 ἀγίοις

56 1287 139 1358 τόποις
160 1287 388 1366 προσερχομένων
411 1285 457 1346 καί
480 1286 584 1346 λοιπῶν
607 1289 732 1361 πενήτων
755 1283 851 1366 ξένων,
874 1288 988 1365 γένηται
1009 1287 1084 1368 παρὰ
1102 1293 1155 1348 τῶν
1171 1291 1349 1368 προεστώτων

57 1413 104 1466 τών
131 1408 257 1468 τοιοῦτων
288 1408 394 1484 εῦαγῶν
426 1428 477 1482 μου
507 1406 589 1467 οἴκων
614 1407 642 1466 ἐν
664 1407 703 1488 τῷ
725 1408 801 1468 τέλει
824 1414 874 1484 τῆς
897 1408 986 1484 αὐλῆς
1009 1429 1060 1484 μου
1082 1411 1150 1489 πρός
1173 1415 1206 1490 τῇ
1231 1409 1350 1494 δημοσίᾳ

59 1528 117 1608 όοῷ,
145 1528 190 1590 καί
213 1530 466 1590 κατασκευασθιῦσιν
489 1529 696 1610 ἀναπαυσπηρες
717 1527 764 1588 καὶ
787 1529 1013 1590 ἐπαναποώωνται
1036 1532 1137 1604 ἐκεῖσε,
1169 1529 1217 1591 καὶ
1240 1530 1350 1592 δίδωται

61 1652 170 1726 ἑκάστης
191 1650 348 1726 ἑβδομάδος
370 1650 476 1728 ψωμίον
500 1649 601 1724 μοδίων
625 1649 671 1710 δῦο
694 1651 851 1730 ἀννονικῶν,
879 1649 926 1710 καὶ
949 1650 1020 1711 οἴνου
1044 1655 1142 1732 μέτρον
1165 1655 1204 1732 έν,
1229 1651 1351 1714 δίδοσθαι

62 1773 89 1832 δέ
109 1771 154 1832 καί
176 1773 286 1833 δώδεκα
309 1773 338 1832 ἐν
353 1771 461 1852 Χριστῷ
485 1771 616 1852 ἀδελφοῖς
638 1774 761 1852 γέρουσιν
785 1769 926 1846 ἀδυνάτοις
940 1773 987 1833 καί
1003 1775 1153 1854 ἀναπηροις
1167 1773 1214 1835 καί
1230 1775 1351 1836 ἐνδεέσιν

62 1896 160 1973 ἑκάστῳ
181 1896 273 1974 χρόνῳ
297 1893 326 1952 ἐν
348 1892 386 1972 τῷ
408 1891 495 1973 καιρῷ
518 1899 570 1952 τών
594 1871 772 1969 μνημοσῦνων
793 1915 844 1968 μου
867 1893 920 1953 ἀνὰ
939 1897 1058 1970 νόμισμα
1080 1897 1118 1976 έν,
1140 1895 1187 1956 καὶ
1207 1895 1259 1956 ἀνά
1280 1896 1351 1958 σίτου

63 2013 164 2088 μοδίους
192 2014 223 2088 ἓξ
253 2015 417 2087 ἀννονικοῦς.
463 2015 585 2094 γίνεσθαι
616 2014 648 2074 δὲ
678 2015 758 2095 όρίζω
785 2013 832 2074 καί
856 2016 884 2074 ἐν
911 2014 950 2094 τῷ
980 2015 1067 2097 καιρῷ
1089 2022 1143 2076 τῶν
1173 2018 1352 2092 μνημοοῦνων

65 2157 110 2209 μου
131 2139 334 2214 παραστάσιμον
362 2135 536 2214 ψαλλόντων,
567 2132 613 2194 καί
636 2135 755 2195 διάδοσιν
778 2139 952 2211 νομισμάτων
974 2133 1006 2208 ἐξ
1028 2139 1153 2216 τραχέων
1176 2136 1223 2198 καί
1246 2139 1352 2216 ψωμίου

66 2251 157 2330 μοδίων
179 2255 217 2330 ἐξ.
263 2257 357 2332 ἐπειδὴ
383 2255 414 2316 δέ
439 2257 516 2328 ἐντός
537 2261 584 2316 τοῦ
606 2257 823 2338 πτωχοτροφείου
845 2255 893 2317 καὶ
915 2263 1047 2336 μοναχῶν
1068 2262 1243 2338 καταγώγιον
1265 2281 1353 2341 προσ-

66 2373 166 2460 ωρίσθη,
187 2381 226 2450 ώς
248 2381 461 2458 προειρήκαμεν,
484 2377 531 2437 καὶ
555 2385 709 2456 μοναχικῆς
731 2378 872 2451 πολιτείας
895 2379 971 2458 ἀγών
991 2381 1038 2440 καὶ
1053 2377 1174 2454 σύνταξις
1191 2379 1230 2452 εἰς
1247 2383 1353 2463 ὑπηρε-

67 2499 117 2558 σίαν
145 2501 205 2560 θεοῦ
231 2499 279 2560 καί
305 2505 358 2558 τῶν
385 2501 578 2580 ἀφωρισμένων
608 2505 731 2578 ψυχικῶν
760 2499 918 2580 διαδόσεων,
951 2502 993 2560 δεῖ
1019 2503 1116 2562 λοιπόν
1144 2501 1190 2562 καὶ
1217 2502 1279 2584 περὶ
1305 2509 1355 2580 τῆς

69 2619 180 2694 ἀταξίας
200 2627 254 2682 τῶν
278 2627 407 2700 μοναχιῦν
429 2621 464 2680 τά
487 2620 581 2681 εἰκότα
604 2620 748 2697 διαλαβεῖν
771 2623 846 2698 ἡμᾶς
869 2624 978 2682 ἐκτῶν
1001 2623 1081 2684 θείων
1106 2625 1195 2698 μόνων
1212 2645 1355 2701 μεμυοτα-

68 2745 235 2820 γωγημένους
255 2744 291 2803 τά
311 2746 460 2826 πρόσφορα.
506 2746 609 2803 κανόνα
631 2741 679 2802 καὶ
701 2744 780 2804 τῦπον
802 2743 850 2802 καί
872 2743 1068 2823 ἀκριβεστάτην
1093 2748 1249 2824 συντήρησιν
1272 2745 1355 2825 όρίζω

69 2868 111 2936 της
132 2864 159 2923 έν
179 2863 218 2945 τῷ
239 2865 449 2944 πτωχοτροφείῳ
472 2857 677 2944 καθιερωμένης
701 2870 787 2940 μονῆς
810 2863 857 2924 καὶ
879 2872 933 2924 τῶν
957 2871 1088 2943 μοναχῦν
1110 2867 1159 2940 πἠν
1182 2864 1291 2945 είμηνην
1308 2864 1356 2926 καὶ

71 2983 112 3056 τἠν
131 2987 196 3065 πρός
217 2986 363 3063 ἀλλήλους
385 2985 457 3045 κατὰ
471 2987 533 3046 θέον
550 2985 659 3064 ἀγάπην
674 2984 720 3046 καί
738 2984 852 3066 εῦνοιαν,
875 2989 909 3062 ἣν
926 2984 1073 3066 ἐξαιρέτως
1088 2987 1103 3045 ό
1118 2989 1226 3046 πάντων
1241 2987 1356 3064 ποιητὴς

71 3103 110 3164 καί
129 3107 259 3184 δεσπότης
281 3109 372 3186 κύριος
394 3109 473 3183 ἡμῶν
495 3108 599 3184 Ἰησοῦς
618 3108 734 3187 Χριστός
757 3107 948 3187 ἐνομοθέτησε,
972 3107 1126 3186 κατακρίνω
1149 3107 1181 3167 δὲ
1205 3105 1244 3180 είς
1266 3107 1356 3188 κθριον

70 3227 108 3284 τὀν
135 3229 193 3288 θεόν
222 3230 302 3304 ἡμῶν
331 3227 379 3288 καί
403 3227 442 3301 εἰς
464 3230 495 3288 τό
525 3228 641 3308 φοβερόν
670 3231 750 3288 αῦτοῦ
780 3228 952 3308 δικαστήριον
975 3228 1036 3301 τοῦς
1067 3227 1149 3304 ἐμοὺς
1180 3228 1357 3308 συγγενικοῦς

71 3347 256 3427 κληρονόμους,
281 3349 391 3424 μᾶλλον
415 3349 447 3409 δέ
468 3348 531 3421 τοῦς
553 3351 601 3425 τὴν
625 3349 812 3430 κληρονομίαν
835 3353 880 3409 τοῦ
903 3347 994 3430 κυρίου
1015 3347 1062 3409 καὶ
1084 3351 1148 3409 θεοῦ
1168 3347 1217 3408 καὶ
1232 3354 1357 3430 σωτῆρος

72 3467 139 3542 ἡμῶν
161 3471 249 3544 Ἰησοῦ
272 3471 387 3550 Χριστοῦ
411 3470 577 3542 διοικοῦντος
599 3469 645 3528 καὶ
667 3455 884 3550 προϊσταμένους
903 3471 986 3547 αὐτῖγς
1008 3473 1159 3552 συγγενεῖς,
1184 3471 1222 3542 ώς
1243 3469 1358 3550 προδιέ-

74 3592 157 3652 στειλα
184 3595 293 3666 τοῦτους
322 3594 384 3666 τοῦς
405 3613 435 3652 τε
458 3597 503 3652 νῦν
533 3593 614 3666 όντας
636 3589 683 3652 καὶ
712 3593 774 3666 τοὺς
805 3593 963 3666 μέλλοντας
990 3594 1044 3666 ἕως
1074 3593 1227 3664 συστάσεως
1255 3593 1359 3668 κόσμου

73 3707 243 3796 προίστασθαι,
266 3715 360 3788 καθὼς
383 3715 560 3796 διωρισάμην,
583 3712 631 3774 καὶ
648 3715 770 3786 ἅπαντας
784 3715 846 3786 τοῦς
860 3715 1024 3794 προνοητάς,
1046 3714 1144 3790 ἵναμὴ
1161 3714 1261 3792 ἔχωσιν
1278 3711 1359 3788 ἐξου·

75 3831 123 3892 τίαν
142 3837 206 3897 ποτὲ
228 3839 324 3917 καιροῦ
346 3841 364 3912 ἢ
387 3840 486 3917 χρόνου
509 3834 565 3895 εῖτε
580 3837 610 3895 τό
626 3837 855 3915 πτωχοτροφεῖον,
880 3834 935 3894 είτε
951 3835 980 3895 τό
996 3837 1176 3915 μοναοτήριον
1192 3835 1360 3896 έκποιεῖσθαι

76 3962 218 4033 μεμιαῦςῆ
248 3957 370 4018 καθόλου
392 3959 464 4018 κατά
484 3979 545 4016 τινα
574 3959 673 4037 τρόπον
705 3957 883 4036 ἐκποιήσεως,
913 3953 960 4015 καὶ
983 3957 1144 4036 μεταφέρειν
1167 3955 1298 4034 ἀλλαχοῦ
1321 3953 1361 4028 είς

76 4073 186 4154 ἀθέτησιν
206 4084 261 4140 τῶν
282 4080 348 4158 παρ’
362 4079 429 4154 ἐμοῦ
453 4077 684 4157 διατεταγμένων,
705 4081 724 4153 ἢ
748 4083 841 4154 κτῆμα
864 4077 951 4137 αῦτιῦν
974 4076 1112 4137 ἐκδιδόναι
1132 4075 1172 4149 είς
1186 4078 1217 4136 τό
1234 4077 1361 4154 διηνεκὲς

76 4198 90 4271 ἢ
111 4196 146 4270 εἰς
166 4203 290 4280 χρόνους,
312 4204 331 4275 ἢ
355 4195 408 4260 ἀπό
430 4203 536 4280 πρώτου
560 4197 599 4272 εἰς
618 4205 735 4281 πρῶτον,
758 4203 776 4274 ψ
792 4199 863 4259 κατὰ
877 4205 973 4279 πρᾶσιν
988 4203 1007 4274 ἢ
1023 4199 1237 4278 ἀνταλλαγὴνῆ
1254 4198 1360 4278 δωρεάν

76 4319 91 4389 ἢ
118 4319 265 4400 έμφθτευσιν
294 4325 313 4397 ἢ
337 4322 429 4399 ἀλλην
459 4321 519 4382 τινά
542 4317 635 4382 ἀἰτίαν
658 4324 676 4397 ἡ
700 4319 739 4394 εἰς
769 4323 914 4402 πρόσωπον
939 4324 1104 4400 προοκυροῦν
1132 4320 1206 4400 αῦτό,
1239 4319 1294 4381 εἴτε
1322 4318 1362 4392 εἰς

79 4435 215 4523 βασιλικόν,
238 4441 293 4504 εἴτε
317 4441 356 4514 είς
379 4445 575 4524 πατριαρχικδν
598 4447 616 4519 ἢ
641 4443 867 4517 ἐκκλησιαστικὸν
889 4445 907 4517 ἢ
932 4442 1091 4523 ἀρχονιικδν
1113 4439 1283 4518 ἢίδιωτικδν
1298 4439 1360 4502 καθ’

80 4557 219 4636 οἱανδήτινα
240 4567 369 4644 πρόφασιν
392 4567 410 4640 ἢ
434 4565 568 4645 ἀφορμήν,
592 4560 671 4624 ἀλλά
694 4563 830 4639 βούλομαι
852 4562 900 4623 καὶ
924 4563 1013 4643 όρίζω,
1038 4557 1107 4624 εἶναι
1128 4567 1212 4624 ταῦτα
1228 4563 1363 4645 ἐλεύθερα

81 4679 118 4740 καὶ
131 4684 255 4760 ἡνωμένα
266 4685 313 4746 καί
330 4686 511 4746 αῦτοσίιστατα
526 4683 572 4746 καὶ
587 4685 764 4764 ἀνεκποίητα,
780 4683 827 4746 καὶ
843 4684 993 4764 ὑπάγεσθαι
1005 4690 1037 4766 τῇ
1051 4682 1159 4766 ἐξουσίᾳ
1169 4683 1217 4745 καί
1227 4687 1363 4765 κυριότητι

1102 4803 1151 4855 20*
