3486 5282
627 899 738 980 VIII.
766 835 769 844 ι

47 1098 206 1192 θίμίυιιιιίι
229 1103 258 1172 τί
281 1101 352 1172 τιτι
376 1097 546 1172 monasterii
564 1097 693 1170 Sanctae
711 1095 830 1170 Mariae
853 1093 923 1168 dieti
945 1092 1176 1184 Megaspelaeon
1198 1089 1227 1164 in
1247 1087 1330 1164 Pelo-

616 1236 753 1310 μυιιιωυ.

330 1445 356 1512 Ι,
381 1443 606 1528 6858-1350,
629 1466 741 1509 mense
764 1443 867 1532 apm'li,
891 1441 956 1508 ind.
977 1441 1037 1508 III.

107 1629 260 1700 Imperator
276 1628 392 1684 Ῑοαππεε
410 1629 610 1684 &mmmm
625 1627 765 1698 confirmat
774 1629 845 1696 jura
861 1633 886 1683 τί
896 1628 1078 1698 ροωαττιοιιισ
1092 1625 1257 1682 monaterii.

49 1833 79 1892 ‘0
105 1832 359 1914 χρησθβουλλος
391 1833 495 1914 λόγος
527 1837 582 1894 τοῦ
619 1832 774 1910 ἀοιδίμου
812 1833 1058 1916 αὐτοκράτορος
1091 1831 1245 1892 Ἰωάννου
1277 1831 1332 1890 τοῦ

542 1957 830 2033 Καντακουζηνοϋ.

140 2127 251 2208 θ’θἰτεί
272 2131 288 2190 δ
309 2133 470 2208 τιμιιίντατος
491 2131 699 2209 καθηγούμενος
720 2137 770 2208 τῆς
792 2129 864 2191 κατὰ
885 2131 934 2206 τὴν
951 2130 1161 2206 Πελοπόννησον
1181 2127 1333 2205 σεβασμίας

48 2257 126 2327 μονῆς
145 2259 195 2329 τῆς
218 2251 362 2327 βασιλείας
384 2273 446 2334 μου,
468 2260 519 2330 τῆς
541 2253 581 2327 εἰς
603 2252 690 2330 ὄνομα
708 2255 867 2330 τιμωμένης
887 2258 938 2330 τῆς
959 2254 1166 2333 πανυπεράγνου
1189 2251 1333 2327 δεσποίνης

47 2371 90 2432 καί
109 2373 273 2456 θεομήτορος
294 2373 341 2436 καί
365 2374 587 2452 ἑπικεκλημὲνης
606 2374 922 2456 Μεγασπηλαιωτίσσης,
952 2381 1002 2451 τῆς
1023 2373 1098 2456 παρὰ
1119 2378 1166 2435 τοῦ
1186 2372 1333 2456 ίερωτάτου

48 2495 118 2573 άγίου
150 2496 305 2558 ἀποστόλου
337 2495 385 2558 καί
415 2495 612 2578 είισιγγτλιστοῡ
642 2499 738 2558 Δουκᾱ
768 2495 953 2578 ἱστορηθείσης
982 2494 1196 2578 ἀρχιμανδρίτης
1226 2517 1257 2557 τε
1286 2491 1333 2556 καί

47 2617 294 2698 πρωτοσθμελλος,
316 2617 500 2700 ίερομάναχος
521 2621 612 2700 κθριος
626 2620 752 2701 Μάρκος,
776 2618 916 2701 ἀνέφερεν,
940 2621 979 2692 ὡς
1000 2620 1018 2696 ἡ
1042 2619 1103 2680 κατ’
1119 2619 1199 2679 αδτδν
1220 2619 1330 2695 τοιαύτη

48 2739 173 2816 σεβασμία
203 2742 274 2817 μονὴ
302 2743 432 2820 κέκτηται
462 2741 507 2802 διὰ
535 2741 751 2822 χρυσοβοίιλλων
773 2739 820 2802 καί
846 2743 1063 2823 προσταγμάτων
1084 2743 1131 2802 τοῦ
1152 2761 1184 2802 τε
1206 2743 1333 2803 ω’νθίντου

48 2879 105 2940 μου,
131 2866 175 2922 τοῦ
205 2860 354 2943 βασιλέως,
383 2867 430 2924 τοῦ
456 2864 565 2924 πάππου
586 2867 637 2940 της
659 2861 803 2940 βασιλείοις
827 2883 888 2944 μου,
910 2861 958 2924 καί
980 2867 1027 2925 τοῦ
1048 2864 1185 2924 θειοτάτου
1209 2885 1261 2940 μου
1284 2862 1334 2924 δε-

49 2983 136 3044 σπίτω
156 2982 203 3044 καὶ
227 2982 375 3065 βασιλέως,
402 2987 451 3046 τοῦ
472 2983 593 3065 άδτλροῦ
615 2989 664 3062 τῆς
686 2983 830 3060 βασιλείας
852 3005 914 3065 μου,
937 2989 991 3045 τῶν
1013 2983 1144 3064 ἀοιδίμων
1166 2983 1214 3046 καί
1237 3007 1333 3062 μακα-

49 3111 128 3188 ριτῶν,
151 3105 229 3166 ἀλλὰ
250 3105 298 3167 καί
321 3107 356 3168 δι’
369 3105 561 3190 άπογραρικιῖιν
589 3107 836 3168 ἁποκαταστάσεων
863 3105 910 3168 καὶ
937 3107 1039 3194 ἑτέρων
1066 3106 1190 3187 τθλθγων
1218 3107 1334 3169 δικαιω-

50 3230 133 3302 μάτων
162 3231 279 3308 μετόχια
309 3227 355 3290 καί
382 3229 468 3291 λοιπά
488 3232 615 3306 κτήματά
636 3251 666 3291 τι
688 3229 736 3291 καί
758 3229 921 3292 ὑποστατικθ
944 3229 974 3290 ἐν
997 3230 1133 3311 διαφόροις
1154 3229 1333 3307 τοποθεσίαις,

51 3350 117 3426 άδὴ
138 3348 185 3411 καί
215 3351 286 3411 κατὰ
316 3351 400 3433 μέρος
432 3351 540 3430 ἔχουσιν
569 3351 671 3425 οὓτως·
710 3350 751 3425 τίς
779 3353 828 3430 τὴν
856 3351 989 3412 Λοιπάταν
1019 3355 1147 3432 μετὸχιον
1177 3350 1217 3426 τίς
1246 3353 1335 3432 ὄνομα

50 3475 193 3549 τιμώμενον
214 3477 261 3534 τοῦ
283 3471 355 3533 ὁσίου
376 3470 424 3534 καί
444 3473 574 3556 θεοφορου
584 3475 686 3556 πατρδς
702 3473 844 3535 Ἀντωνίου
859 3478 905 3534 τοῦ
920 3474 1046 3554 μεγάλου
1062 3474 1200 3552 μετὰτῶν
1217 3476 1246 3536 ἑν
1262 3474 1335 3556 αθτῷ

51 3595 190 3676 παροίκων,
224 3596 456 3676 προσκαθημένων
485 3615 515 3657 τε
537 3593 585 3657 καὶ
607 3593 847 3674 ἐξαλειμματικῶν
870 3596 1057 3659 θποστάοεων·
1092 3599 1185 3680 ἕτερον
1208 3601 1335 3678 μετάχιον

52 3715 103 3798 περὶ
123 3717 173 3793 τὴν
188 3716 334 3790 Βοστίτζαν
357 3715 397 3791 τίς
419 3717 506 3795 ὄνομα
527 3723 577 3795 τῆς
598 3719 804 3801 πανυπεράγνου
825 3721 978 3796 τιμώμενον
1002 3719 1144 3798 δεσποίνης
1166 3719 1213 3782 καί
1228 3722 1335 3799 θεομή-

53 3857 118 3918 τορος
138 3836 187 3900 καί
210 3838 433 3916 ἐπικεκλημίνης
454 3844 504 3916 τῆς
520 3839 770 3920 Πτρανερωμένης·
799 3839 862 3922 ιτερί
883 3841 930 3902 τδν
944 3841 1068 3923 Δρθγκον
1091 3843 1183 3924 ἕτερον
1206 3843 1335 3922 μετίχιον

54 3955 86 4032 είς
104 3961 191 4038 ὄνομα
217 3963 370 4037 τιμώμενον
392 3957 440 4022 καί
462 3962 526 4022 αίντδ
547 3967 598 4039 της
624 3963 830 4045 πανυπεράγνου
853 3961 997 4040 δεσποίνης
1023 3963 1072 4024 καί
1097 3965 1266 4046 θεομήτορος
1287 3962 1334 4026 καί

55 4079 266 4160 ἑπτεκλημένης
278 4088 328 4160 τἠς
343 4082 594 4165 Συνοβηριωτίσσης
614 4083 760 4161 μετὰτῶν
783 4084 813 4145 ἐν
835 4084 908 4164 αῐντῷ
929 4084 1078 4167 παροίκων,
1100 4087 1334 4169 προσκαθημένων

54 4203 91 4264 καί
117 4205 222 4266 λοιπῶν
253 4199 366 4266 δικαίων
395 4205 489 4266 αίντοῦ·
520 4205 582 4288 περὶ
604 4208 635 4267 τ“ο
657 4179 860 4289 Μονοδὲνδριον
882 4212 935 4288 γῆν
962 4207 1065 4284 μοδίων
1086 4209 1260 4291 τριακοσίων·
1295 4208 1335 4283 τίς

55 4325 78 4384 ιδ
96 4325 195 4408 χωρίον
217 4328 248 4388 τ“ο
263 4326 367 4408 Βραχνί
388 4329 513 4410 πάροικοι
537 4329 552 4388 θ
571 4349 601 4388 τε
616 4329 771 4410 Δημήτριος
793 4331 841 4390 καί
855 4329 1044 4402 Κωοταντῖνος
1059 4329 1085 4390 σί
1098 4330 1274 4413 πρεσβύτεροι
1288 4329 1336 4393 καί

56 4443 175 4530 Γιιθργιος
198 4449 214 4508 δ
235 4447 362 4530 Βάρδοις·
405 4447 445 4522 τίς
466 4451 497 4511 τδ
518 4451 620 4532 χωρίον
649 4455 699 4528 τῆς
720 4451 898 4532 Ζαχλουροῡς
926 4452 1147 4531 προοκαθήμενοί
1175 4473 1263 4527 τινες·
1295 4451 1334 4526 είς

56 4558 96 4655 [τί]
114 4569 216 4652 χωρίον
245 4571 294 4647 τὴν
316 4569 456 4646 Δουμενάν
485 4574 610 4652 πάροικοι
632 4572 679 4633 καὶ
708 4569 939 4650 ἐξαλτιμματικαί
960 4574 1127 4650 ὑποστάσεις,
1155 4577 1332 4657 άςπροκατ-

58 4691 111 4769 ιῖχι.
152 4690 218 4776 περὶ
249 4692 281 4754 τδ
313 4692 480 4755 καστὲλλιον
512 4694 559 4755 τδν
592 4694 671 4774 ἅγιον
709 4693 840 4772 Ἰωάννην
878 4692 1022 4774 χτιμάδιον
1052 4697 1083 4756 τδ
1112 4694 1286 4774 καλούμενον
1315 4697 1334 4774 ἡ
