3240 5286
187 290 312 409 Ι260

247 539 382 598 λιοστοῦ
406 539 664 599 ἑπτακοσιοστοῦ
687 538 941 617 ἑβδομηκοστσῦ
962 537 1126 625 πρώτουί)
1151 541 1254 621 ἔτους,
1278 542 1307 602 ἑν
1323 535 1346 621 ᾧ
1361 539 1408 602 καὶ
1423 543 1454 601 τῦ
1470 543 1543 616 ἡμὲ-
1610 597 1611 602 ,

247 679 323 740 τερον
347 659 462 736 εῦσεβὴς
484 660 531 722 καὶ
554 661 757 742 θεοπρδβλητον
779 663 971 738 ῦπεοιγμήνατο
994 666 1093 743 κράτος
1116 669 1142 739 ρ.

350 787 367 860 †
389 783 541 863 Μιχαὴλ,
573 785 607 844 ἐν
629 783 759 864 Χριστῷ
780 785 824 864 τῷ
847 785 911 862 θεῷ
933 787 1048 858 πιστδς
1071 787 1231 862 βασιλεὺς
1252 787 1306 846 καὶ
1330 789 1611 865 αῦτοκράτωρ

351 1033 427 1086 Τοῦτο
450 1033 617 1104 ἀντεγράφη
608 1053 632 1086 εν
645 1034 762 1104 Αἰγίνῃ*
753 1035 798 1086 υπὸ
818 1035 905 1102 ίίοσμά
922 1035 1090 1105 Δημητριάδου
1114 1037 1173 1088 κατά
1197 1036 1328 1106 συγκυρίαν
1347 1036 1370 1096 ἐξ
1390 1033 1545 1106 ἀντιγράφων

246 1129 316 1196 τῆς
307 1148 331 1180 εν
349 1128 442 1200 Πάτμῳ
462 1134 536 1199 μονῆς
554 1133 597 1182 τοῦ
615 1127 684 1200 ἀγίου
699 1129 756 1180 ’ωἸ
718 1150 812 1182 ωαννου
832 1137 873 1182 τοῦ
893 1129 1025 1201 Θεολάγου,
1044 1125 1101 1197 ἧς’
1092 1151 1105 1184 ο
1123 1133 1254 1203 ἡγούμενος
1273 1134 1354 1202 κυριος
1373 1133 1487 1202 Βενιαμιν
1506 1153 1545 1184 και

247 900 430 985 Ρωμαίων,
454 902 583 980 Δόῦκας
606 905 662 966 'vu
643 907 772 984 γγελος
795 908 972 982 Κομνηνδς
994 911 1009 968 δ
1033 909 1276 986 Παλαιολόγος
1299 915 1324 986 †.

1610 1015 1611 1044 ί

1610 1107 1611 1208 ί

1610 1209 1611 1242 ί

247 1225 260 1276 δ
285 1226 469 1296 μακαριώτατος
489 1224 668 1295 Ἀλεξανδρείας
688 1225 806 1294 Θεόφιλος
832 1227 986 1292 συνῆλθον
973 1245 996 1278 οι
997 1227 1137 1288 ὑποθέσεις
1162 1233 1203 1293 τῆς
1229 1227 1301 1295 αὐτῆς
1324 1233 1398 1300 μονῆς
1421 1226 1480 1299 πρὸς
1505 1228 1545 1279 τὸν
1610 1243 1611 1306 γ

246 1320 299 1372 τότε
318 1319 462 1390 κυβερνήτην
474 1325 515 1387 τῆς
529 1320 658 1386 Ἑλλάδος,
672 1321 696 1375 Ί.
710 1322 745 1374 Ἀ.
768 1322 952 1393 ίίαποδίστριαν,
973 1329 1007 1392 τῷ
1020 1323 1141 1394 χιλιοστῷ
1153 1322 1333 1394 ὄκτακοσιοστῷ
1345 1323 1450 1394 εἰκοστῷ
1462 1322 1545 1394 ὀγδόῳ

246 1415 292 1468 ἔτει
310 1418 370 1470 κατὰ
387 1413 427 1469 τὸν
446 1415 565 1486 ἀπρίλισν.
1143 1437 1264 1507 Κοσμᾶς
1283 1439 1510 1508 Δημητριάδης.

350 1557 447 1613 Edidit
466 1559 599 1613 Antonius
620 1559 783 1614 Miliarakes
804 1561 832 1613 ι’νι
843 1560 985 1630 periodica
992 1580 1001 1612 :
1024 1553 1139 1613 Δελτίον
1161 1560 1211 1630 τῆς
1233 1553 1368 1635 ἱστορικῆς
1389 1554 1437 1614 καὶ
1462 1553 1544 1614 ἔθνο-

246 1656 364 1732 λογικῆς
395 1656 529 1737 ἑταιρείας
558 1664 607 1732 τῆς
634 1656 787 1729 Ἐλλάδος.
822 1665 942 1718 Athenis.
967 1665 1058 1718 1884.
1085 1665 1107 1719 1.
1125 1683 1157 1736 p.
1181 1667 1251 1719 650.
1288 1666 1484 1719 Domumenium
1507 1673 1545 1718 εει
1610 1681 1611 1742 γ

245 1767 379 1836 spurium,
407 1783 440 1822 ια
461 1767 608 1838 diplomate
626 1768 750 1837 ροιιιιάσο
772 1768 928 1837 musceium,
954 1769 985 1822 de
1008 1787 1063 1840 qua
1084 1787 1114 1822 re
1136 1770 1197 1823 vide
1218 1771 1452 1824 obseruatum
1439 1789 1468 1822 su
1486 1769 1545 1838 siue
1610 1743 1611 1874 ί

244 1871 396 1926 uoluminis.

632 2053 690 2118 νΙ.
715 2051 1027 2136 6803-1295,ind.
1053 2053 1147 2120 v111.

261 2203 381 2256 Μίοίιαδί
399 2202 621 2272 Gabi-ielopulus,
638 2203 763 2256 dominus
783 2202 947 2271 Thessaliae,
958 2204 1040 2272 jurat
1055 2177 1300 2258 se'obseruaiusum
1317 2221 1371 2256 esse
1383 2207 1529 2273 pactiones

612 2306 709 2374 facias
725 2324 785 2360 cum
800 2306 893 2359 ι’νισοίάν
908 2307 1006 2376 oppidi
1019 2307 1163 2360 Ρίιαιιαιάἱ.

681 2473 931 2553 Ὀρκομωτικον
954 2476 1100 2552 γράμμα.

348 2611 506 2700 ρἘπεάδὴ
522 2609 673 2699 ἀπαιτοῦ]σι
691 2633 769 2673 παντι
761 2607 924 2700 [σῦὲνει’
900 2633 925 2672 οι
941 2608 1082 2698 ἄρχοντες
1098 2614 1284 2698 Φαναριιῦται,
1308 2615 1433 2689 μείζονές
1448 2633 1479 2673 τε
1494 2613 1545 2674 καὶ

245 2737 344 2820 μικροί,
370 2734 507 2823 [κοσμικοί
529 2732 665 2821 καὶίκλη
667 2732 744 2814 ρικοί,
768 2732 1004 2813 χρυσσβουλλάτοι
1027 2734 1074 2795 καὶ
1094 2735 1260 2814 ἑσκουσάτοι,
1284 2739 1358 2808 ὅπως
1376 2737 1545 2816 πορίσωυται

244 2854 372 2944 [γράμμα
398 2864 448 2936 τῆς
475 2858 613 2929 αῦθεντίας
642 2879 749 2932 μου..
767 2857 890 2918 ,δὲάν
914 2854 1035 2943 ...]‘
1011 2879 1056 2938 ευρ
1059 2858 1183 2918 ίσκωνται
1191 2859 1215 2942 ²)
1241 2861 1259 2934 ί,
1287 2879 1358 2930 τινες
1384 2859 1543 2940 εὑρίσκοντο

244 2989 414 3062 στρατιῶται,
445 2983 583 3058 ἐμμένωσι
613 3001 660 3040 και
686 2976 834 3041 ἀποδίδωσι
857 2981 905 3058 τὴν
929 2981 1010 3056 αὐτὴν
1033 2983 1223 3060 στρατιωτικὴν
1247 2981 1384 3060 δουλείαν,
1407 2981 1454 3042 καὶ
1478 2982 1543 3060 ουχὶ

244 3103 408 3164 ἀπαιτῶνται
435 3101 474 3174 είς
501 3103 606 3184 ἑτέραν,
638 3103 721 3182 ἤγουν
745 3101 784 3174 εἰς
806 3101 919 3182 φύλαξιν
941 3105 1109 3177 τζακονικήν.
1156 3101 1216 3163 είτα
1237 3105 1268 3163 οῦ
1290 3105 1328 3178 μὴ
1351 3099 1544 3188 προσ[οικί]σω

244 3224 407 3301 Ἀλβανίτας
428 3229 447 3299 ἢ
471 3223 528 3303 ἐγὼ
550 3225 568 3299 ἥ
590 3245 631 3295 τις
654 3224 706 3284 ἀπὸ
728 3230 782 3284 τῶν
805 3224 1103 3303 κληρονομοδιαδοχων
1127 3224 1165 3297 εἰς
1186 3227 1235 3300 τὴν
1250 3227 1382 3303 περιοχὴν
1396 3229 1443 3284 τοῦ
1459 3227 1544 3285 αὺτοῦ

243 3350 367 3426 κάστρου,
391 3344 478 3427 πάρεξ
501 3347 562 3406 ὅσον
586 3347 666 3424 ἔχουν
690 3346 734 3405 διὰ
748 3345 956 3425 χρυσοβοῦλλου
971 3345 1018 3406 καὶ
1033 3349 1241 3426 προστάγματος
1257 3347 1409 3424 βασιλικοῦ,
1431 3345 1472 3418 εἰς
1488 3349 1543 3406 ὅσα

242 3474 369 3546 κτήματα
392 3471 520 3550 ἐκράτουν
543 3469 617 3548 παρὰ
638 3473 692 3528 τῶν
716 3469 903 3545 Φαναριωτῶν
926 3469 970 3527 διὰ
992 3472 1200 3549 προστάγματος
1216 3469 1368 3548 βασιλικοῦ,
1393 3469 1461 3528 ἀλλ’
1475 3468 1541 3528 οῦδὲ

242 3593 276 3652 νά
299 3593 438 3667 ἀπαιτήσω
460 3591 521 3661 τοῦς
544 3589 640 3662 αὐτοῦς
655 3591 837 3669 Φαναριώτας
861 3592 979 3663 ἅπαντας
1002 3590 1041 3663 εἰς
1064 3589 1192 3666 ταξήδιόν
1214 3612 1264 3652 που
1283 3593 1343 3650 τάτε
1367 3588 1407 3661 είς
1422 3591 1542 3668 χρόνους

241 3717 322 3795 τρεῖς.
355 3715 425 3789 μετὰ
447 3714 479 3774 δὲ
500 3715 549 3788 τὴν
571 3713 710 3793 πλήρωσιν
730 3717 783 3772 τῶν
803 3717 883 3791 τριῶν
898 3714 1005 3792 χρόνων
1019 3713 1063 3772 ἵνα
1079 3713 1186 3773 δίδωσιν
1202 3713 1329 3774 δουλείαν
1345 3713 1541 3792 στρατιυνιοιὴν

241 3835 288 3897 καὶ
312 3835 372 3914 οῦχὶ
396 3837 501 3917 ἑτέραν,
524 3835 607 3914 Ιίίγουν
630 3837 798 3909 τζανονικήν.
830 3835 959 3906 ὡσαύτως
981 3833 1027 3894 καί
1042 3835 1067 3894 οί
1082 3835 1186 3896 ποτικοί
1201 3837 1319 3908 άπαντες
1333 3835 1368 3893 νά
1384 3834 1540 3909 δουλὲβωσι

242 3958 282 4030 εἰς
304 3961 334 4018 io
357 3961 471 4038 κάοτρον
494 3959 524 4017 τδ
540 3957 681 4039 Φαναρίου
703 3955 750 4018 καί
773 3956 833 4036 οῦχὶ
856 3957 994 4036 ἀλλαχοῦ.
1026 3957 1059 4016 νά
1081 3960 1218 4037 κατὲχωσι
1242 3959 1283 4038 δὲ,
1307 3961 1357 4018 δσα
1380 3959 1474 4036 ἔχουσι
1498 3957 1540 4029 εἰς

240 4081 289 4154 τὴν
312 4043 440 4160 Δάριτζάν
468 4078 514 4139 καί
542 4079 681 4158 ἀλλαχοῦ,
713 4082 764 4140 ὅσα
791 4080 885 4157 ἔχουσι
908 4079 953 4139 διὰ
975 4079 1181 4159 χρυσοβοῦλλου
1208 4080 1350 4154 βασιλικοῦ
1371 4079 1419 4140 καὶ
1441 4084 1539 4160 γράμ-

240 4221 327 4278 ματος
348 4207 395 4263 τοῦ
418 4203 547 4282 ἐπάρχου.
580 4203 618 4262 ἔτι
641 4201 683 4282 δέ,
706 4202 749 4260 ἵνα
772 4204 909 4280 κατέχωσι
932 4200 977 4262 καὶ
999 4197 1100 4286 [stiffi
1122 4201 1270 4276 σεβασμίων
1287 4203 1371 4294 μονὴν
1386 4209 1436 4278 τῆς
1451 4201 1538 4281 ι’πτερ-

240 4327 324 4400 άγνου
346 4343 397 4400 μου
412 4325 581 4404 θεομίγτορος
602 4323 686 4402 ἤγουν
707 4325 756 4398 τὴν
773 4323 935 4384 Λυκουσάδα
957 4323 1003 4384 καὶ
1025 4325 1073 4399 τὴν
1091 4324 1228 4403 Μεγάλην
1244 4325 1349 4403 Πόρταν
1373 4319 1431 4410 [καὶ
1455 4321 1538 4410 rip)

346 4517 365 4581 ¹)
384 4515 428 4567 Sic
447 4515 539 4565 scribit
551 4513 708 4577 Μίίίιιτιιίτίσ,
727 4515 908 4582 apographum
921 4515 1002 4565 habet
1015 4511 1222 4584 ἑξακισχιλιοσσοῦ
1236 4511 1415 4581 ἑβδομηκσοτοῦ
1429 4512 1537 4581 ἑβδόμου

240 4609 315 4679 ἔτους,
334 4613 360 4663 id
379 4619 420 4663 est
442 4613 506 4661 ¹198
525 4611 656 4676 posichr.
677 4626 703 4660 n.
793 4611 813 4679 ²)
832 4609 979 4678 εὑρίσκονται
992 4612 1026 4661 Η.
1100 4611 1121 4676 ³)
1140 4610 1334 4677 supplevimus.
1406 4611 1428 4674 ⁴)
1449 4608 1490 4658 καὶ
1508 4607 1539 4659 τά

239 4707 430 4776 supplevimus.
