3194 5298
1275 358 1333 430 177

48 565 122 645 βάρει
145 561 241 646 ἀργίας
262 563 454 644 άουγγνόνστου
475 559 523 624 καὶ
546 563 692 642 άρορισμοό
714 559 814 622 άλότου
833 555 881 621 καί
897 557 1004 621 αἰωνίου
1025 565 1072 620 τοῦ
1092 559 1126 620 ἐκ
1144 561 1216 641 θεοῦ,
1241 559 1335 638 ἐπειδὴ

49 689 114 769 μόνη
136 693 170 768 τῇ
192 685 322 768 βασιλείᾳ
345 687 448 765 ἐρεῖσαι
468 684 544 765 παρὰ
564 689 618 744 τῶν
648 683 728 764 ίερῶν
757 683 878 742 κανόνων
905 681 1086 762 άναψηλαράν
1108 679 1156 742 καί
1183 686 1337 758 μετακινεῖν

47 810 77 868 τό
97 813 217 888 τοιαότοι,
240 811 331 888 ὥσπερ
363 805 410 868 καί
440 808 471 866 τό
500 806 654 885 προτιθέναι
684 802 732 864 καί
761 803 883 885 άραιρεῖν
913 803 1061 876 ἐπισκοπός
1090 801 1137 864 καί
1161 803 1337 884 προβιβάζειν

49 931 114 990 ἔστιν
144 931 189 990 ότε
219 929 322 1006 ὁμοίως
337 911 398 990 ’καί
428 927 611 1005 όποβιβάζειν.
658 925 701 990 ἐπὶ
732 927 816 1006 τοὺτῳ
845 926 901 1008 γάρ
926 926 1096 990 άπολελυται
1124 926 1172 988 καὶ
1198 929 1229 988 τό
1251 930 1337 1007 παρόν

46 1054 176 1133 ἡμέτερον
204 1050 343 1112 συνοδικδν
369 1053 486 1130 γράμμα
511 1049 551 1128 τῷ
577 1051 770 1130 πανιερωτάτῳ
797 1048 984 1132 μητροπολίτη
1011 1048 1220 1128 Μονεμβασίας,
1251 1051 1337 1130 ὑπερ-

47 1170 112 1252 τίμῳ
134 1171 181 1232 καὶ
205 1170 316 1253 ἐξάρχῳ
343 1175 433 1249 πάσης
456 1171 668 1247 Πελοποννήσου
694 1170 741 1232 καὶ
767 1173 814 1232 τδν
840 1173 922 1232 τόπον
950 1173 1041 1251 ἔχοντι
1067 1177 1113 1234 τοό
1140 1171 1233 1252 Σίδης,
1263 1171 1337 1253 κυρῷ

49 1296 191 1376 Μακαρίῳ,
219 1293 267 1355 καί
300 1296 359 1370 μετ’
372 1295 452 1388 αυτόν
482 1300 515 1377 τῇ
544 1295 683 1378 ἁγιωτάτῃ
712 1293 879 1374 μητροπόλει
902 1293 1100 1388 Μονεμβασίας
1123 1292 1168 1354 ἐπὶ
1189 1293 1228 1374 τῷ
1249 1315 1336 1375 προσ-

48 1419 112 1476 εῖναι
135 1418 201 1500 αὐτῇ
224 1415 265 1490 εἰς
288 1417 402 1494 μόνιμον
425 1414 472 1478 καί
496 1381 608 1494 διηνεκῆ
624 1417 722 1497 χρόνον
738 1417 786 1490 τὴν
802 1416 962 1496 ἀσφάλειαν.
993 1415 1077 1478 κατὰ
1100 1423 1187 1494 μῆνα
1210 1415 1338 1478 ἰοίιλιον

48 1545 101 1615 τῆς
124 1538 165 1620 ιγ’
188 1539 247 1602 ἰνδ.
271 1544 326 1602 τοῦ
350 1538 428 1622 ,ζόη
453 1540 546 1612 ἔτους
568 1544 594 1616 †.

146 1665 164 1738 ί
188 1663 261 1744 [ίρδς
282 1663 386 1735 τοίοοις
408 1661 440 1722 δὲ
463 1661 600 1742 όρσιλουσι
621 1659 669 1722 καὶ
691 1660 716 1722 οί
744 1661 773 1722 έν
800 1667 834 1743 τῇ
858 1661 926 1743 αἰιτῇ
955 1657 1074 1746 ἐπαρχίᾳ
1094 1660 1142 1722 καὶ
1163 1665 1222 1732 ταῖς
1246 1663 1339 1733 αόταῑς

50 1784 204 1858 ἑτισκσπαῖς
225 1784 297 1846 κατά
319 1785 353 1844 τά
370 1783 502 1859 βασιλικά
523 1783 719 1864 χρυσόβουλλα
737 1782 785 1844 καί
799 1778 833 1843 τά
847 1783 1031 1864 πατριαρχικδι
1053 1783 1177 1862 σιγιλλια
1199 1782 1338 1844 πείθεσθαι

49 1905 90 1965 καί
111 1907 306 1968 ὑποτάσσεσθαι
329 1906 401 1985 αὐτῷ
423 1905 462 1986 τῷ
483 1909 676 1988 πανιερωτάτῳ
700 1907 887 1989 μητροπολίτῃ
909 1905 1107 1982 Μονεμβασίας
1134 1906 1181 1966 καὶ
1206 1904 1245 1984 τῷ
1267 1905 1339 1966 κατὰ

49 2027 156 2108 καιροὺς
176 2028 292 2106 λαχόντι
314 2027 363 2088 καὶ
385 2025 474 2090 οἰιδενὶ
498 2027 579 2107 άλλῳ
603 2029 641 2099 ὡς
664 2028 766 2108 γνησίῳ
789 2025 869 2108 πατρί
889 2025 935 2088 καί
954 2029 1062 2104 ποιμένι
1084 2028 1181 2106 αἰτῶν,
1204 2025 1287 2106 ἱερεῖς
1309 2047 1338 2086 τε

51 2149 154 2226 δηλαδὴ
170 2149 217 2210 καὶ
231 2149 335 2229 λαῖκοί,
352 2150 381 2210 ἐν
397 2151 475 2232 βάρει
491 2147 589 2230 ἀργίας
604 2149 793 2230 άσυγγνιύοτου
807 2148 854 2210 καί
865 2150 1012 2231 άρορισμοῡ
1024 2149 1122 2210 άλότου
1133 2147 1180 2210 καί
1193 2147 1301 2210 αἰωνίου
1312 2153 1337 2227 †.

146 2275 165 2348 †
194 2271 229 2332 '0
261 2274 368 2350 μέγας
401 2269 579 2347 οἰκονόμος
610 2277 670 2348 τῆς
703 2271 860 2352 μεγάλης
894 2271 1090 2352 ἐκκλησίας,
1125 2273 1340 2344 Ἀναστάσιος

52 2391 156 2470 ἰερείις
176 2399 202 2469 †.

149 2515 225 2592 †‘0
249 2516 357 2594 μέγας
380 2515 642 2595 ἐκκλησιάρχης
663 2521 723 2591 τῆς
747 2515 902 2594 μεγάλης
925 2515 1115 2596 ἐκκλησίας
1136 2521 1163 2592 †.

148 2637 171 2714 †
193 2635 299 2716 Ἱέραξ
321 2637 337 2696 ό
359 2639 468 2716 μέγας
489 2638 679 2716 λογοθέτης
700 2642 759 2712 τῆς
782 2637 939 2714 μεγάλης
962 2635 1153 2711 ἐκκλησίας
1175 2643 1200 2712 †.

151 2763 168 2833 †
189 2757 222 2818 0
248 2760 356 2838 μέγας
377 2756 593 2839 χαρτορίιλαξ
614 2765 675 2836 τῆς
697 2760 855 2837 μεγάλης
878 2759 1110 2837 ἐκκλησίαςη.

192 2879 226 2940 Ὁ
250 2881 481 2962 οακτλλαρίου
503 2887 561 2956 τῆς
584 2881 740 2960 μεγάλης
763 2880 998 2957 ἐκκλησίαςγ.

189 3123 225 3182 0
248 3125 357 3202 μέγας
378 3130 605 3204 πρωτοπαπάς
626 3132 685 3202 τῆς
708 3125 864 3204 μεγάλης
887 3124 1123 3202 ἐκκλησίαςγ.

153 2885 170 2957 ί

152 3007 168 3078 †
191 3001 262 3062 Ἀνδ
268 3004 358 3082 ρίας,
380 3003 397 3062 δ
417 3003 605 3081 λογοθέτης
627 3025 685 3079 της
708 3003 900 3082 μεγάλης
889 3003 1123 3081 εκκλησίαςγ.

152 3126 167 3198 †

152 3249 168 3320 †

191 3245 224 3304 ‘0
248 3248 514 3326 τρωτονοτάριος
535 3253 594 3322 τῆς
616 3245 770 3325 μεγάλης
794 3245 983 3324 ἐκκλησίας
1005 3251 1031 3323 ί.

154 3371 169 3442 ί
191 3366 296 3428 Ἔπειδ
308 3367 323 3425 ό
345 3369 547 3448 πανιερίντατος
570 3367 773 3448 μητροπολίτης
795 3368 1003 3444 Μονεμβασίας,
1027 3373 1077 3450 κῦρ
1097 3371 1251 3450 Μακάριος,
1275 3371 1290 3430 ό
1313 3371 1343 3430 έν

59 3485 119 3565 ἁγίῳ
142 3489 273 3564 πνείματι
295 3488 437 3568 ἀγαπητός
459 3488 579 3568 ἀδελφός
600 3491 680 3565 ἡμῶν
702 3488 749 3550 καί
765 3491 985 3572 αυλλειτουργός,
1008 3489 1102 3564 δείξας
1124 3493 1190 3567 ἡμῖν
1211 3494 1243 3552 τδ
1256 3495 1342 3574 πυρόν

60 3609 186 3670 ωνοδικόν
215 3615 266 3686 τῆς
295 3611 425 3688 μεγάλης
456 3611 606 3688 ἐκκλησίας
634 3615 752 3692 γράμμα
781 3619 835 3672 τῶν
865 3616 1034 3687 τιμιωτάτων
1056 3613 1104 3674 καὶ
1127 3615 1275 3695 ἐπιτρόπων
1296 3619 1343 3676 τοῦ

60 3723 233 3806 οἰκουμενικοό
255 3735 433 3812 πατριάρχου,
456 3737 506 3812 κῦρ
521 3733 728 3812 Μητροράνους,
751 3733 902 3814 κληρικῶν,
918 3734 1115 3816 ὑπεγράψαμεν
1129 3735 1177 3796 καὶ
1190 3737 1282 3816 ἡμτίς,
1306 3737 1344 3809 ίυς

62 3851 172 3926 νομίμως
193 3851 241 3914 καί
264 3853 388 3932 εόλόγως
410 3853 512 3934 γραρὲν
534 3853 581 3914 καί
604 3855 756 3916 ἀκόλουθον
778 3859 809 3915 δν
831 3859 887 3928 τοῖς
906 3857 989 3929 θείοις
1005 3857 1088 3938 ἱεροῖς
1103 3861 1196 3934 νόμοις
1210 3865 1264 3918 τῶν
1281 3854 1343 3918 οἰοι-

63 3967 137 4045 ἰίμων
158 3975 299 4051 βασιλέων
320 3975 367 4036 καὶ
389 3979 525 4057 πατέρων,
547 3975 595 4036 καὶ
619 3977 795 4056 ἐπαιυροόμεν
819 3980 893 4057 αὐτό,
917 3981 954 4052 ὡς
975 3977 1024 4040 καὶ
1046 3979 1080 4040 τά
1094 3982 1180 4042 σεπτόι
1194 3983 1344 4060 γράμματα

63 4099 101 4150 τῦό
119 4101 325 4178 ταναγιωτάτου
346 4101 426 4176 ἡμῶν
450 4094 604 4184 [δεσπότου]
626 4099 673 4160 καὶ
688 4099 875 4176 οἰκουμενικοῦ
889 4103 1057 4182 πατριάρχου
1072 4103 1274 4164 ἀκολουθοῦντα
1288 4105 1345 4176 τοῖς

67 4211 135 4291 θείοις
149 4219 367 4300 χρυσοβοόλλοις
378 4219 424 4282 καί
436 4223 643 4302 πατριαρχικοῐς
654 4221 799 4300 σιγιλλίοις
810 4225 953 4302 γράμμασι
966 4220 1170 4304 ἐπεκυρώσαντο
1177 4228 1307 4306 πρότερον
1318 4229 1344 4302 †.

66 4337 126 4408 †'0
147 4341 371 4417 Χαλκηδόνος
394 4343 567 4422 Δωρόθεος
590 4347 616 4420 ί.
727 4387 1002 4406 ......
1050 4345 1248 4421 Θεόληπτος
1270 4351 1295 4422 †.

67 4459 126 4528 ἰὈ
147 4463 317 4546 Λαρίσσης
340 4464 507 4546 Ἱερεμίας
529 4469 554 4542 ί.
723 4469 740 4541 †
767 4459 828 4550 [Ὁ]
857 4465 1084 4546 Περιθεωρίου
1115 4467 1288 4540 Φίλιππος
1317 4473 1344 4545 †.

67 4581 125 4650 †‘0
146 4587 344 4648 Ναυπάκτου
366 4585 423 4646 καί
444 4586 561 4667 Ἄρτης
577 4587 670 4646 Ἰωα-
723 4593 739 4664 ’γ
763 4587 797 4648 Ὁ
825 4588 1085 4669 Τραπεζοῦντος
1100 4587 1256 4666 Μάξιμος
1283 4611 1345 4666 μη-’

101 4703 170 4784 κείμ
191 4713 217 4784 γ,
766 4707 969 4788 τροπολίτης
993 4715 1018 4786 †.

1105 4833 1135 4880 12
