3486 5282
1288 333 1350 398 247

54 532 165 588 στάσεσι
177 527 224 588 καί
237 534 318 588 πᾶσιν
335 529 443 610 ἄλλοις,
462 528 510 588 καὶ
525 529 608 608 ἐντῷ
624 529 718 608 εθιγεί
734 529 832 609 κλήρῳ
847 534 897 604 τῆς
912 527 1057 604 βασιλείας
1074 551 1136 606 μου,
1151 531 1243 600 ποίσοις
1255 549 1287 588 τε
1302 528 1353 600 τὰς

55 650 189 710 ἀνέκαθεν
210 651 447 732 προσαρμοθείσας
466 647 505 729 τῷ
527 652 638 729 τοιούτῳ
661 650 773 729 όρφικίῳ
797 650 898 729 κρίσεις
920 648 1056 728 διεξάγειν
1072 649 1119 710 καὶ
1133 655 1273 729 περατοῦν.
1305 647 1352 710 ἐπὶ

53 773 143 852 τώτῳ
163 773 216 852 γάρ
239 773 363 852 ἐγεγόνει
385 771 431 832 καί
448 775 471 848 ἡ
494 777 616 852 παροῦσα
637 779 686 848 τῆς
710 772 853 846 βασιλείας
875 794 927 848 μου
948 770 1093 853 πρόσταξις
1109 773 1144 833 δι’
1158 771 1307 852 ἀσφάλειαν
1323 776 1349 847 †.

161 891 281 974 γίέίχε
310 897 358 956 τό·
389 894 468 972 μηνὶ
497 890 585 975 μαίῳ
613 893 821 967 ίνδικτιῶνος
845 893 884 972 ιγ’
913 895 965 956 διά
994 901 1053 972 τῆς
1085 894 1266 970 βασιλικῆς
1295 892 1350 954 καί

55 1017 153 1090 θείας
172 1019 286 1098 χειρός
304 1023 331 1094 †.

311 1329 354 1394 11.
381 1287 630 1418 [6778-1270]‚
653 1287 764 1393 mse
787 1329 881 1410 maio,
904 1327 969 1394 ind.
994 1327 1088 1394 κων.
1119 1287 1121 1292 ’
1199 1389 1202 1396 ,

57 1516 207 1587 Imperator
223 1514 343 1568 Μίαθοίί
357 1507 537 1584 Ραὶαεοίυμμι
556 1509 652 1568 ἐοιίόιϊ
664 1513 841 1583 patriarchae
853 1511 965 1582 loseph,
988 1518 1019 1566 ut
1029 1519 1190 1581 promoveat
1204 1513 1348 1566 diaconum
1418 1502 1420 1506 ¹

220 1619 387 1678 Ἰθωάοηιοτ
402 1617 587 1677 θοαίατόοὶαπι
596 1620 640 1674 σά
653 1619 777 1674 altiorem
791 1619 950 1688 άιζμκίίοόεπι
966 1618 1193 1674 sedecimum.-

55 1821 188 1906 Ἕτερον
218 1795 416 1904 πρόσταγμα
449 1825 567 1884 σεπτάν
600 1827 654 1883 τοῦ
688 1824 943 1902 κοσμοποθήτου
967 1820 1218 1902 ,κραταιοῦ-καὶ
1249 1803 1346 1904 ἁγίου

56 1948 147 2020 ἡμῶν
173 1948 328 2008 αὺθέντου
354 1943 409 2006 καὶ
437 1943 614 2026 βασιλέως,
646 1937 735 2004 διὀὖ
763 1963 816 2022 μοι
843 1940 899 2004 καὶ
926 1945 1024 2013 τόπος
1051 1923 1196 2020 ἀπεδόθη
1225 1945 1285 2006 κάν
1306 1952 1344 2028 τῇ

58 2069 220 2152 ἁγιωτάτῃ
250 2069 387 2152 μεγάλῃ
411 2068 577 2150 ἐκκλησίᾳ
599 2072 652 2128 τοῦ
675 2069 751 2128 θεοῦ
774 2067 953 2148 ἀνάλογος,
984 2064 1011 2125 εἰ
1034 2063 1090 2146 καὶ
1113 2065 1167 2146 διά
1189 2069 1228 2148 τά
1251 2087 1349 2149 τινων,
1374 2063 1377 2069 ’

57 2191 181 2270 ἀπρεπῆ
204 2191 377 2257 σκάνδαλα
400 2189 455 2252 καὶ
478 2191 533 2266 τὴν
557 2193 590 2250 έν
612 2189 655 2268 τῷ
677 2187 767 2270 χορῷ
789 2195 851 2248 τῶν
869 2189 1158 2264 ἐκκλησιαστικῶν
1174 2169 1345 2270 ἀρχόντων

59 2312 170 2390 ἀριλον
193 2316 304 2373 στάσιν
328 2313 502 2390 ἀπέκλινα,
526 2311 582 2387 τὴν
607 2311 740 2392 εἰρήνην
764 2311 1033 2391 αἱρετισάμενος·
1063 2311 1131 2384 μετ’
1145 2313 1178 2371 σὺ
1200 2311 1284 2392 πολὺ
1308 2311 1347 2392 δὲ

58 2431 111 2492 καὶ
136 2435 317 2494 σακελλίου
341 2434 573 2515 ἑσρραγίσθην,
601 2432 655 2494 καὶ
678 2435 732 2494 τόν
754 2435 854 2493 τόπον
876 2435 931 2492 τοῦ
955 2429 1138 2492 σακελλίου
1161 2431 1342 2508 ἀπέλαβον.

156 2605 336 2688 β’άγιῶτατέ
359 2631 410 2685 μου
434 2610 552 2670 δέσποτα
573 2607 620 2670 καὶ
636 2607 806 2683 σίκουμενικέ
820 2611 988 2689 τατριάρχα
1012 2603 1086 2668 οἶδεν
1101 2610 1118 2682 ἡ
1136 2611 1270 2686 άγιωσίινη
1286 2631 1344 2690 σου,

60 2731 97 2801 ῶς
122 2729 265 2808 ἀνεδέξατο
292 2733 311 2808 ἡ
338 2731 467 2808 βασιλεία
494 2752 545 2810 μου
571 2733 616 2792 τδν
645 2734 805 2810 τιμιώτατον
833 2731 1032 2810 δικαιορθλακα
1060 2735 1109 2812 κῶρ
1132 2729 1277 2812 Θεόδωρον
1300 2734 1344 2792 τ’σν

59 2853 264 2934 Σκουτσριώτην,
288 2853 334 2914 καὶ
357 2853 416 2925 οἵας
438 2852 485 2914 καὶ
507 2853 604 2936 όσηςί)
629 2855 707 2914 αἰιτδν
731 2850 801 2926 ἀξιοῖ
824 2852 1006 2933 προσπαθείας
1028 2850 1076 2912 καὶ
1098 2851 1271 2934 σίκειῶσεως,
1294 2860 1344 2930 τῆς

58 2986 87 3032 τε
114 2973 172 3054 περὶ
200 2975 235 3034 τὰ
264 2977 325 3035 θεῖα
354 2973 483 3055 γνώσεως
514 2977 593 3036 αὑτοῦ
621 2975 712 3056 χάριν,
742 2973 789 3035 καί
811 2981 860 3053 τῆς
882 2974 944 3056 περὶ
966 2975 999 3034 τά
1020 2977 1170 3056 πράγματα
1191 2953 1361 3057 προσούσης

59 3097 135 3177 τούτῳ
162 3097 342 3174 είθημοσίινης
364 3096 411 3158 καὶ
434 3095 543 3178 ἀρετῆς,
577 3097 637 3158 ἐπεὶ
659 3096 704 3158 οὖν
728 3099 812 3168 οὕτως
835 3099 913 3158 αὺτέν
937 3094 1085 3170 ἀνεδέξατο
1107 3095 1154 3157 καὶ
1176 3100 1261 3172 σίκτως
1284 3101 1343 3180 ἔχει

60 3223 180 3295 τοῡισνή
209 3215 339 3296 βασιλεία
365 3241 416 3295 μου
443 3219 490 3280 καὶ
511 3222 621 3298 τοιούτῳ
644 3218 777 3297 ἀξιώματι
799 3222 1015 3300 κατεκόσμησεν,
1046 3223 1076 3282 σθ
1100 3222 1161 3283 δέον
1183 3225 1291 3294 πάντως
1312 3223 1343 3281 τό

61 3341 96 3414 μὴ
115 3342 159 3402 καὶ
179 3343 255 3422 παρὰ
276 3349 325 3418 τῆς
348 3343 500 3421 άγιωσάνης
521 3364 568 3403 σου
590 3341 637 3402 καὶ
658 3349 708 3419 τῆς
727 3348 780 3402 τῶν
796 3343 984 3422 συγκλητικῶν
1000 3339 1161 3428 [ἀρχόντων]
1178 3346 1257 3405 αὐτόν
1274 3347 1342 3405 ἀνα-

43 3461 145 3542 ·λόγως
167 3466 293 3543 μετέχειν
320 3471 401 3541 τιμῆς
422 3485 452 3524 τε
475 3463 521 3524 καὶ
543 3461 648 3536 τάξεως
671 3465 700 3524 έν
722 3485 752 3524 τε
774 3464 813 3544 τῷ
837 3465 1055 3545 ἐκκλησιαστικῷ
1077 3467 1189 3547 όρρικίῳ
1211 3467 1262 3527 κάν
1284 3470 1344 3542 ταῖς

61 3583 195 3664 καθέδραις
217 3583 264 3644 καὶ
287 3587 406 3645 στάσεσι·
430 3584 521 3666 χρεὼν
542 3585 597 3666 γάρ
619 3587 674 3665 τόν,
697 3587 727 3644 δν
749 3589 766 3661 η
791 3587 918 3662 βασιλεία
941 3608 992 3662 μου
1010 3587 1082 3648 κατὰ
1096 3589 1181 3668 λόγον
1197 3591 1274 3672 τιμᾷ,
1296 3589 1343 3650 καὶ

61 3705 125 3782 παρὰ
145 3711 194 3782 τῆς
216 3707 369 3785 ἁγιωσύνης
392 3727 439 3767 σου
461 3705 523 3766 κατ’
533 3702 592 3766 ἶσον
615 3708 741 3781 τιμᾶσθαι
762 3706 808 3768 καὶ
831 3709 876 3768 τόν
900 3710 929 3770 ἐν
950 3715 984 3791 τῇ
1008 3709 1135 3794 βασιλείᾳ
1157 3711 1208 3771 κάν
1224 3717 1256 3794 τῇ
1273 3733 1342 3790 συγ-

62 3825 145 3906 κλήτῳ
166 3828 252 3902 τίμιον
275 3827 321 3888 καὶ
343 3829 417 3909 παρά
438 3834 472 3909 τῇ
496 3828 631 3912 ἐκκλησίᾳ
652 3849 699 3889 σου
721 3828 768 3888 καὶ
790 3829 828 3908 τῷ
850 3831 947 3910 κλήρῳ
970 3837 1019 3908 τῆς
1041 3833 1194 3911 ἁγιωτάτης
1213 3837 1259 3894 τοῦ
1278 3835 1341 3894 θεοῦ

63 3951 179 4028 μεγάλης
202 3950 352 4026 ἐκκλησίας
366 3957 447 4026 τιμῆς
459 3947 651 4024 καταξισῶοθαι
666 3957 716 4027 της
730 3953 895 4032 κρείττονος·
919 3953 1009 4034 εἴπερ
1026 3953 1271 4038 ἐπιστημονάρχης,
1294 3958 1341 4018 σὺν

62 4069 110 4149 θεῷ
136 4075 223 4152 φάναι,
254 4078 303 4150 τῆς
334 4072 485 4150 ἐκκλησίας
514 4095 561 4134 σου
587 4075 605 4150 ἡ
630 4073 756 4148 βασιλεία
780 4097 831 4151 μου
853 4075 899 4136 καὶ
922 4077 992 4136 κατά
1014 4079 1099 4159 κρίσιν
1122 4077 1259 4166 οἰκονομεῖ
1280 4081 1341 4154 τοὺς

63 4189 152 4269 λόγους
173 4195 269 4270 αὺτῆς·
311 4196 377 4276 πρός
400 4196 480 4255 τόπον
504 4195 535 4256 δὲ
557 4201 611 4256 τῶν
634 4195 783 4272 βασιλικῶν
806 4196 853 4258 καὶ
874 4199 908 4258 τά
929 4205 983 4258 τῶν
1007 4201 1239 4275 ἐκκλησιαστικῶν
1262 4203 1339 4284 ἀρρι-

63 4311 119 4372 κίων
139 4317 212 4396 παρὰ
229 4323 286 4377 τῶν
310 4316 440 4393 ἀοιδίμων
463 4316 509 4378 καὶ
525 4320 692 4398 ριλευσεβῶν
709 4320 846 4395 βασιλέων
863 4321 1025 4402 ἐτάχθησαν,
1048 4323 1141 4396 καθὼς
1155 4325 1206 4384 κάν
1221 4324 1260 4404 τῷ
1275 4326 1340 4406 θείῳ
1398 4331 1402 4338 ’

64 4430 113 4512 ἰδίῳ
139 4441 183 4496 τσῦ
203 4435 310 4518 πρώτου
332 4446 385 4498 τῶν
408 4441 572 4519 Χριστιανῶν
595 4440 742 4516 βασιλέως,
766 4442 890 4520 μεγάλου
913 4441 959 4501 καὶ
982 4445 1059 4522 ἁγίου
1082 4445 1293 4526 Κωνσταντίνου,
1325 4451 1339 4507 δ

156 4697 173 4763 ¹)
190 4695 265 4762 πόσης
283 4699 310 4750 Ζ.
359 4715 363 4727 ·
