<?xml version="1.0" encoding="UTF-8"?>
<!DOCTYPE html PUBLIC "-//W3C//DTD XHTML 1.0 Transitional//EN"
    "http://www.w3.org/TR/xhtml1/DTD/xhtml1-transitional.dtd">
<html xmlns="http://www.w3.org/1999/xhtml" xml:lang="en" lang="en">
 <head>
  <title>
</title>
<meta http-equiv="Content-Type" content="text/html;charset=utf-8" />
  <meta name='ocr-system' content='tesseract 3.04.00' />
  <meta name='ocr-capabilities' content='ocr_page ocr_carea ocr_par ocr_line ocrx_word'/>
</head>
<body>
  <div class='ocr_page' id='page_1' title='image "./actaetdiplomata00miklgoog_0648.png"; bbox 0 0 3246 5288; ppageno 0'>
   <div class='ocr_carea' id='block_1_1' title="bbox 1326 377 1389 442">
    <p class='ocr_par' dir='ltr' id='par_1_1' title="bbox 1326 377 1389 442">
     <span class='ocr_line' id='line_1_1' title="bbox 1326 377 1389 442; baseline 0 -1"><span class='ocrx_word' id='word_1_1' title='bbox 1326 377 1389 442; x_wconf 82' lang='grc'>467</span> 
     </span>
    </p>
   </div>
   <div class='ocr_carea' id='block_1_2' title="bbox 78 570 1393 2364">
    <p class='ocr_par' dir='ltr' id='par_1_2' title="bbox 78 570 1393 2364">
     <span class='ocr_line' id='line_1_2' title="bbox 78 570 1389 664; baseline 0.001 -32"><span class='ocrx_word' id='word_1_2' title='bbox 78 581 103 634; x_wconf 90' lang='lat' dir='ltr'>l.</span> <span class='ocrx_word' id='word_1_3' title='bbox 130 583 174 636; x_wconf 86' lang='grc'>20</span> <span class='ocrx_word' id='word_1_4' title='bbox 195 573 288 655; x_wconf 86' lang='grc' dir='ltr'>φανεὶς</span> <span class='ocrx_word' id='word_1_5' title='bbox 310 575 367 655; x_wconf 86' lang='grc' dir='ltr'>θρθ.</span> <span class='ocrx_word' id='word_1_6' title='bbox 405 581 423 634; x_wconf 85' lang='lat' dir='ltr'>l.</span> <span class='ocrx_word' id='word_1_7' title='bbox 442 583 483 635; x_wconf 86' lang='lat'>30</span> <span class='ocrx_word' id='word_1_8' title='bbox 505 571 669 653; x_wconf 84' lang='grc' dir='ltr'>τροσφυαίοιν</span> <span class='ocrx_word' id='word_1_9' title='bbox 684 607 726 618; x_wconf 91' lang='grc'><strong>-</strong></span> <span class='ocrx_word' id='word_1_10' title='bbox 741 570 964 652; x_wconf 84' lang='grc' dir='ltr'>ίμοντιμιίιτερον.</span> <span class='ocrx_word' id='word_1_11' title='bbox 1003 579 1022 633; x_wconf 84' lang='lat' dir='ltr'>l.</span> <span class='ocrx_word' id='word_1_12' title='bbox 1043 581 1083 632; x_wconf 84' lang='grc'>32</span> <span class='ocrx_word' id='word_1_13' title='bbox 1107 571 1240 664; x_wconf 34' lang='grc' dir='ltr'>ἐποδιοπ..</span> <span class='ocrx_word' id='word_1_14' title='bbox 1263 597 1295 648; x_wconf 87' lang='grc' dir='ltr'>ρ.</span> <span class='ocrx_word' id='word_1_15' title='bbox 1317 581 1389 649; x_wconf 84' lang='grc'><em>263,</em></span> 
     </span>
     <span class='ocr_line' id='line_1_3' title="bbox 79 692 1390 776; baseline -0.001 -22"><span class='ocrx_word' id='word_1_16' title='bbox 79 703 104 756; x_wconf 81' lang='lat' dir='ltr'>d.</span> <span class='ocrx_word' id='word_1_17' title='bbox 136 707 152 757; x_wconf 89' lang='lat'><em>1</em></span> <span class='ocrx_word' id='word_1_18' title='bbox 180 697 309 776; x_wconf 74' lang='grc' dir='ltr'>διάλογον</span> <span class='ocrx_word' id='word_1_19' title='bbox 332 697 357 756; x_wconf 89' lang='grc' dir='ltr'>δ.</span> <span class='ocrx_word' id='word_1_20' title='bbox 403 702 423 756; x_wconf 83' lang='grc' dir='ltr'>ί.</span> <span class='ocrx_word' id='word_1_21' title='bbox 444 706 463 755; x_wconf 87' lang='grc'><strong><em>4</em></strong></span> <span class='ocrx_word' id='word_1_22' title='bbox 485 692 532 754; x_wconf 85' lang='grc' dir='ltr'>καὶ</span> <span class='ocrx_word' id='word_1_23' title='bbox 555 695 633 773; x_wconf 78' lang='grc' dir='ltr'>ἅγιον</span> <span class='ocrx_word' id='word_1_24' title='bbox 656 693 702 754; x_wconf 86' lang='grc' dir='ltr'>καί</span> <span class='ocrx_word' id='word_1_25' title='bbox 727 695 790 774; x_wconf 83' lang='grc' dir='ltr'>άγγ.</span> <span class='ocrx_word' id='word_1_26' title='bbox 811 729 849 738; x_wconf 91' lang='lat'>-—</span> <span class='ocrx_word' id='word_1_27' title='bbox 872 697 981 774; x_wconf 82' lang='grc' dir='ltr'>φράζον.</span> <span class='ocrx_word' id='word_1_28' title='bbox 1026 701 1045 754; x_wconf 85' lang='lat' dir='ltr'>l.</span> <span class='ocrx_word' id='word_1_29' title='bbox 1069 701 1088 754; x_wconf 84' lang='lat'><strong><em>6</em></strong></span> <span class='ocrx_word' id='word_1_30' title='bbox 1110 695 1215 765; x_wconf 83' lang='grc' dir='ltr'>καίιτθς.</span> <span class='ocrx_word' id='word_1_31' title='bbox 1260 701 1279 753; x_wconf 82' lang='grc' dir='ltr'>ί.</span> <span class='ocrx_word' id='word_1_32' title='bbox 1303 703 1323 755; x_wconf 86' lang='grc'><em>8</em></span> <span class='ocrx_word' id='word_1_33' title='bbox 1343 693 1390 753; x_wconf 84' lang='grc' dir='ltr'>καὶ</span> 
     </span>
     <span class='ocr_line' id='line_1_4' title="bbox 81 813 1392 899; baseline 0.002 -23"><span class='ocrx_word' id='word_1_34' title='bbox 81 815 220 899; x_wconf 81' lang='grc' dir='ltr'>ἀοράτων</span> <span class='ocrx_word' id='word_1_35' title='bbox 249 839 290 878; x_wconf 90' lang='grc' dir='ltr'>τε.</span> <span class='ocrx_word' id='word_1_36' title='bbox 335 825 353 878; x_wconf 84' lang='grc' dir='ltr'>ί.</span> <span class='ocrx_word' id='word_1_37' title='bbox 377 825 396 878; x_wconf 88' lang='lat'><em>9</em></span> <span class='ocrx_word' id='word_1_38' title='bbox 422 819 634 896; x_wconf 81' lang='grc' dir='ltr'>προετοιμάζων.</span> <span class='ocrx_word' id='word_1_39' title='bbox 679 823 699 876; x_wconf 83' lang='lat' dir='ltr'>l.</span> <span class='ocrx_word' id='word_1_40' title='bbox 721 825 763 876; x_wconf 85' lang='lat'>10</span> <span class='ocrx_word' id='word_1_41' title='bbox 785 817 815 875; x_wconf 73' lang='grc' dir='ltr'>τὸ</span> <span class='ocrx_word' id='word_1_42' title='bbox 836 819 882 875; x_wconf 82' lang='grc' dir='ltr'>τοῦ</span> <span class='ocrx_word' id='word_1_43' title='bbox 912 815 995 876; x_wconf 81' lang='grc' dir='ltr'>θείου.</span> <span class='ocrx_word' id='word_1_44' title='bbox 1039 823 1059 876; x_wconf 81' lang='lat' dir='ltr'>l.</span> <span class='ocrx_word' id='word_1_45' title='bbox 1085 825 1125 875; x_wconf 91' lang='grc'>12</span> <span class='ocrx_word' id='word_1_46' title='bbox 1149 813 1263 894; x_wconf 84' lang='grc' dir='ltr'>ἐξῳκοδ.</span> <span class='ocrx_word' id='word_1_47' title='bbox 1308 823 1327 876; x_wconf 82' lang='grc' dir='ltr'>ί.</span> <span class='ocrx_word' id='word_1_48' title='bbox 1351 825 1392 878; x_wconf 84' lang='grc'>13</span> 
     </span>
     <span class='ocr_line' id='line_1_5' title="bbox 82 936 1386 1020; baseline 0 -20"><span class='ocrx_word' id='word_1_49' title='bbox 82 936 211 1000; x_wconf 83' lang='grc' dir='ltr'>ἀπιοῦσα</span> <span class='ocrx_word' id='word_1_50' title='bbox 230 965 282 1016; x_wconf 81' lang='lat' dir='ltr'>pro</span> <span class='ocrx_word' id='word_1_51' title='bbox 304 941 390 1020; x_wconf 77' lang='grc' dir='ltr'>ταρθν</span> <span class='ocrx_word' id='word_1_52' title='bbox 412 937 488 1003; x_wconf 83' lang='grc' dir='ltr'>σὺσα.</span> <span class='ocrx_word' id='word_1_53' title='bbox 535 946 553 1000; x_wconf 87' lang='lat' dir='ltr'>l.</span> <span class='ocrx_word' id='word_1_54' title='bbox 572 947 613 1000; x_wconf 87' lang='grc'>20</span> <span class='ocrx_word' id='word_1_55' title='bbox 635 939 767 1016; x_wconf 88' lang='grc' dir='ltr'>σὺνεγγες</span> <span class='ocrx_word' id='word_1_56' title='bbox 794 937 947 1019; x_wconf 85' lang='grc' dir='ltr'>κωμῆδρια.</span> <span class='ocrx_word' id='word_1_57' title='bbox 972 945 1003 998; x_wconf 93' lang='grc' dir='ltr'>Ρ.</span> <span class='ocrx_word' id='word_1_58' title='bbox 1022 947 1051 998; x_wconf 93' lang='grc'>2.</span> <span class='ocrx_word' id='word_1_59' title='bbox 1076 939 1190 1016; x_wconf 86' lang='grc' dir='ltr'>οθνεγγυ</span> <span class='ocrx_word' id='word_1_60' title='bbox 1212 943 1386 1015; x_wconf 87' lang='grc' dir='ltr'>γειτνιοῡντα.</span> 
     </span>
     <span class='ocr_line' id='line_1_6' title="bbox 82 1058 1391 1143; baseline 0.002 -23"><span class='ocrx_word' id='word_1_61' title='bbox 82 1068 109 1122; x_wconf 82' lang='lat' dir='ltr'>l.</span> <span class='ocrx_word' id='word_1_62' title='bbox 133 1071 171 1122; x_wconf 87' lang='grc'>21</span> <span class='ocrx_word' id='word_1_63' title='bbox 197 1063 240 1132; x_wconf 75' lang='grc' dir='ltr'>ὑπ’</span> <span class='ocrx_word' id='word_1_64' title='bbox 254 1059 391 1134; x_wconf 79' lang='grc' dir='ltr'>ἐξουσιῶν.</span> <span class='ocrx_word' id='word_1_65' title='bbox 436 1067 454 1122; x_wconf 86' lang='grc' dir='ltr'>ί.</span> <span class='ocrx_word' id='word_1_66' title='bbox 474 1069 514 1121; x_wconf 82' lang='grc'>24</span> <span class='ocrx_word' id='word_1_67' title='bbox 536 1065 590 1119; x_wconf 83' lang='grc' dir='ltr'>τῶν</span> <span class='ocrx_word' id='word_1_68' title='bbox 612 1067 661 1135; x_wconf 84' lang='grc' dir='ltr'>τῆς</span> <span class='ocrx_word' id='word_1_69' title='bbox 688 1066 775 1136; x_wconf 87' lang='grc' dir='ltr'>μονῆς</span> <span class='ocrx_word' id='word_1_70' title='bbox 797 1095 840 1104; x_wconf 88' lang='grc'><strong>-</strong></span> <span class='ocrx_word' id='word_1_71' title='bbox 861 1059 916 1134; x_wconf 81' lang='grc' dir='ltr'>ἤδη</span> <span class='ocrx_word' id='word_1_72' title='bbox 939 1058 995 1119; x_wconf 85' lang='grc' dir='ltr'>καὶ.</span> <span class='ocrx_word' id='word_1_73' title='bbox 1033 1066 1052 1120; x_wconf 89' lang='lat' dir='ltr'>l.</span> <span class='ocrx_word' id='word_1_74' title='bbox 1071 1066 1113 1120; x_wconf 87' lang='grc'>27</span> <span class='ocrx_word' id='word_1_75' title='bbox 1136 1058 1167 1119; x_wconf 81' lang='grc' dir='ltr'>δὲ</span> <span class='ocrx_word' id='word_1_76' title='bbox 1191 1061 1268 1143; x_wconf 76' lang='grc' dir='ltr'>μάνη.</span> <span class='ocrx_word' id='word_1_77' title='bbox 1313 1069 1331 1122; x_wconf 84' lang='lat' dir='ltr'>l.</span> <span class='ocrx_word' id='word_1_78' title='bbox 1351 1071 1391 1122; x_wconf 87' lang='lat'>30</span> 
     </span>
     <span class='ocr_line' id='line_1_7' title="bbox 87 1179 1393 1262; baseline 0.002 -20"><span class='ocrx_word' id='word_1_79' title='bbox 87 1185 237 1259; x_wconf 83' lang='grc' dir='ltr'>ἀντιζῆναι</span> <span class='ocrx_word' id='word_1_80' title='bbox 254 1209 309 1262; x_wconf 78' lang='lat' dir='ltr'>pro</span> <span class='ocrx_word' id='word_1_81' title='bbox 331 1183 489 1258; x_wconf 87' lang='grc' dir='ltr'>ἀποστῆναι.</span> <span class='ocrx_word' id='word_1_82' title='bbox 523 1207 555 1260; x_wconf 85' lang='grc' dir='ltr'>ρ.</span> <span class='ocrx_word' id='word_1_83' title='bbox 574 1189 645 1257; x_wconf 81' lang='grc'>264,</span> <span class='ocrx_word' id='word_1_84' title='bbox 670 1189 726 1242; x_wconf 82' lang='grc' dir='ltr'>ῐ.2</span> <span class='ocrx_word' id='word_1_85' title='bbox 750 1181 991 1256; x_wconf 79' lang='grc' dir='ltr'>ἐκζημιιυθήσεται.</span> <span class='ocrx_word' id='word_1_86' title='bbox 1029 1189 1048 1241; x_wconf 80' lang='grc' dir='ltr'>ί.</span> <span class='ocrx_word' id='word_1_87' title='bbox 1073 1190 1090 1241; x_wconf 83' lang='grc'>7</span> <span class='ocrx_word' id='word_1_88' title='bbox 1111 1179 1158 1240; x_wconf 88' lang='grc' dir='ltr'>καὶ</span> <span class='ocrx_word' id='word_1_89' title='bbox 1182 1183 1213 1240; x_wconf 83' lang='grc' dir='ltr'>τὰ</span> <span class='ocrx_word' id='word_1_90' title='bbox 1236 1186 1289 1241; x_wconf 88' lang='grc' dir='ltr'>τοὺ.</span> <span class='ocrx_word' id='word_1_91' title='bbox 1328 1191 1393 1244; x_wconf 77' lang='grc' dir='ltr'>Ροοθ</span> 
     </span>
     <span class='ocr_line' id='line_1_8' title="bbox 86 1301 1392 1385; baseline 0 -21"><span class='ocrx_word' id='word_1_92' title='bbox 86 1308 279 1385; x_wconf 76' lang='grc' dir='ltr'>ὑπογράφεται</span> <span class='ocrx_word' id='word_1_93' title='bbox 302 1313 381 1365; x_wconf 81' lang='lat' dir='ltr'><em>addit</em></span> <span class='ocrx_word' id='word_1_94' title='bbox 402 1302 568 1374; x_wconf 85' lang='grc' dir='ltr'>ίνδυιτιῶνσς</span> <span class='ocrx_word' id='word_1_95' title='bbox 592 1301 637 1363; x_wconf 86' lang='grc' dir='ltr'>ια’.</span> <span class='ocrx_word' id='word_1_96' title='bbox 683 1309 777 1363; x_wconf 74' lang='lat' dir='ltr'><em>Adnue</em></span> <span class='ocrx_word' id='word_1_97' title='bbox 800 1311 879 1364; x_wconf 73' lang='lat' dir='ltr'><em>deest.</em></span> <span class='ocrx_word' id='word_1_98' title='bbox 927 1310 962 1362; x_wconf 85' lang='lat' dir='ltr'>In</span> <span class='ocrx_word' id='word_1_99' title='bbox 984 1310 1133 1378; x_wconf 58' lang='lat' dir='ltr'><em>exemplari</em></span> <span class='ocrx_word' id='word_1_100' title='bbox 1153 1311 1237 1364; x_wconf 80' lang='lat' dir='ltr'><em>altero</em></span> <span class='ocrx_word' id='word_1_101' title='bbox 1261 1304 1315 1362; x_wconf 87' lang='grc' dir='ltr'>ἔτει</span> <span class='ocrx_word' id='word_1_102' title='bbox 1337 1305 1392 1364; x_wconf 69' lang='lat' dir='ltr'>deb</span> 
     </span>
     <span class='ocr_line' id='line_1_9' title="bbox 86 1423 1393 1508; baseline -0.002 -20"><span class='ocrx_word' id='word_1_103' title='bbox 86 1427 282 1504; x_wconf 74' lang='grc' dir='ltr'>κοσμογονίας</span> <span class='ocrx_word' id='word_1_104' title='bbox 304 1423 416 1508; x_wconf 44' lang='grc' dir='ltr'>,ςχζιυζ</span> <span class='ocrx_word' id='word_1_105' title='bbox 440 1433 533 1500; x_wconf 84' lang='grc'><strong><em>1190,</em></strong></span> <span class='ocrx_word' id='word_1_106' title='bbox 557 1432 576 1484; x_wconf 81' lang='lat' dir='ltr'>i.</span> <span class='ocrx_word' id='word_1_107' title='bbox 593 1449 615 1485; x_wconf 86' lang='lat' dir='ltr'>e.</span> <span class='ocrx_word' id='word_1_108' title='bbox 632 1437 695 1485; x_wconf 78' lang='lat' dir='ltr'><em>ante</em></span> <span class='ocrx_word' id='word_1_109' title='bbox 718 1431 852 1484; x_wconf 73' lang='lat' dir='ltr'><em>eonditum</em></span> <span class='ocrx_word' id='word_1_110' title='bbox 875 1431 1016 1500; x_wconf 77' lang='lat' dir='ltr'>imperium</span> <span class='ocrx_word' id='word_1_111' title='bbox 1040 1437 1263 1500; x_wconf 73' lang='grc' dir='ltr'>ίταρεειιτιίιιτιιιιι.</span> <span class='ocrx_word' id='word_1_112' title='bbox 1296 1433 1393 1502; x_wconf 76' lang='lat' dir='ltr'><em>Nuper</em></span> 
     </span>
     <span class='ocr_line' id='line_1_10' title="bbox 88 1545 1390 1627; baseline -0.002 -18"><span class='ocrx_word' id='word_1_113' title='bbox 88 1555 297 1627; x_wconf 80' lang='grc' dir='ltr'>Ραραάορυίυε</span> <span class='ocrx_word' id='word_1_114' title='bbox 310 1555 373 1608; x_wconf 85' lang='lat' dir='ltr'><em>Ker.</em></span> <span class='ocrx_word' id='word_1_115' title='bbox 389 1554 472 1608; x_wconf 73' lang='lat' dir='ltr'><em>edidit</em></span> <span class='ocrx_word' id='word_1_116' title='bbox 484 1553 536 1607; x_wconf 77' lang='lat' dir='ltr'>duo</span> <span class='ocrx_word' id='word_1_117' title='bbox 548 1554 606 1608; x_wconf 80' lang='lat' dir='ltr'>ada</span> <span class='ocrx_word' id='word_1_118' title='bbox 618 1554 773 1607; x_wconf 72' lang='lat' dir='ltr'><em>docummea</em></span> <span class='ocrx_word' id='word_1_119' title='bbox 787 1553 975 1622; x_wconf 64' lang='lat' dir='ltr'>trapezuntem</span> <span class='ocrx_word' id='word_1_120' title='bbox 985 1545 1256 1627; x_wconf 80' lang='grc' dir='ltr'>(Μαυρογορδάτεισς</span> <span class='ocrx_word' id='word_1_121' title='bbox 1273 1547 1390 1622; x_wconf 87' lang='grc' dir='ltr'>βιβλισθ.</span> 
     </span>
     <span class='ocr_line' id='line_1_11' title="bbox 89 1666 1392 1751; baseline 0 -21"><span class='ocrx_word' id='word_1_122' title='bbox 89 1669 269 1751; x_wconf 78' lang='grc' dir='ltr'>Παράρτημα</span> <span class='ocrx_word' id='word_1_123' title='bbox 292 1673 337 1730; x_wconf 88' lang='grc' dir='ltr'>τοὺ</span> <span class='ocrx_word' id='word_1_124' title='bbox 361 1666 393 1740; x_wconf 74' lang='grc' dir='ltr'>ιζ’</span> <span class='ocrx_word' id='word_1_125' title='bbox 415 1669 499 1742; x_wconf 85' lang='grc' dir='ltr'>τθμου</span> <span class='ocrx_word' id='word_1_126' title='bbox 521 1671 567 1727; x_wconf 83' lang='grc' dir='ltr'>τοῦ</span> <span class='ocrx_word' id='word_1_127' title='bbox 590 1668 619 1726; x_wconf 89' lang='grc' dir='ltr'>ἐν</span> <span class='ocrx_word' id='word_1_128' title='bbox 645 1669 751 1727; x_wconf 80' lang='grc' dir='ltr'>Κωνστ.</span> <span class='ocrx_word' id='word_1_129' title='bbox 769 1667 917 1742; x_wconf 83' lang='grc' dir='ltr'>ἑλληνικοὺ</span> <span class='ocrx_word' id='word_1_130' title='bbox 943 1667 1082 1748; x_wconf 76' lang='grc' dir='ltr'>συλλόγου</span> <span class='ocrx_word' id='word_1_131' title='bbox 1100 1692 1131 1743; x_wconf 82' lang='grc' dir='ltr'>ρ.</span> <span class='ocrx_word' id='word_1_132' title='bbox 1153 1673 1298 1744; x_wconf 82' lang='grc'><strong><em>77-78),</em></strong></span> <span class='ocrx_word' id='word_1_133' title='bbox 1324 1694 1392 1746; x_wconf 78' lang='lat' dir='ltr'><em>quae</em></span> 
     </span>
     <span class='ocr_line' id='line_1_12' title="bbox 89 1796 1392 1870; baseline -0.002 -15"><span class='ocrx_word' id='word_1_134' title='bbox 89 1803 139 1855; x_wconf 81' lang='lat' dir='ltr'>hic</span> <span class='ocrx_word' id='word_1_135' title='bbox 153 1800 350 1870; x_wconf 68' lang='lat' dir='ltr'>mbjunye&#39;mue.</span> <span class='ocrx_word' id='word_1_136' title='bbox 368 1799 388 1850; x_wconf 94' lang='grc' dir='ltr'><em>Ι</em></span> <span class='ocrx_word' id='word_1_137' title='bbox 387 1840 392 1851; x_wconf 94' lang='grc'>.</span> <span class='ocrx_word' id='word_1_138' title='bbox 405 1797 501 1852; x_wconf 74' lang='lat' dir='ltr'><strong><em>charta</em></strong></span> <span class='ocrx_word' id='word_1_139' title='bbox 513 1803 550 1850; x_wconf 75' lang='grc' dir='ltr'>τοί</span> <span class='ocrx_word' id='word_1_140' title='bbox 562 1797 630 1850; x_wconf 75' lang='lat' dir='ltr'>anni</span> <span class='ocrx_word' id='word_1_141' title='bbox 643 1797 863 1864; x_wconf 81' lang='grc'><strong><em>6889-1381,</em></strong></span> <span class='ocrx_word' id='word_1_142' title='bbox 880 1797 978 1850; x_wconf 69' lang='lat' dir='ltr'><em>mensis</em></span> <span class='ocrx_word' id='word_1_143' title='bbox 986 1796 1057 1864; x_wconf 74' lang='lat' dir='ltr'>judi</span> <span class='ocrx_word' id='word_1_144' title='bbox 1071 1803 1095 1849; x_wconf 81' lang='lat' dir='ltr'>et</span> <span class='ocrx_word' id='word_1_145' title='bbox 1107 1798 1220 1850; x_wconf 82' lang='grc' dir='ltr'>ουιιίίιιιί</span> <span class='ocrx_word' id='word_1_146' title='bbox 1236 1797 1392 1852; x_wconf 70' lang='lat' dir='ltr'><em>decisionem</em></span> 
     </span>
     <span class='ocr_line' id='line_1_13' title="bbox 82 1917 1391 1991; baseline -0.003 -15"><span class='ocrx_word' id='word_1_147' title='bbox 82 1924 218 1991; x_wconf 73' lang='lat' dir='ltr'><em>judicum</em></span> <span class='ocrx_word' id='word_1_148' title='bbox 240 1919 434 1974; x_wconf 71' lang='lat' dir='ltr'>universalium</span> <span class='ocrx_word' id='word_1_149' title='bbox 457 1917 633 1987; x_wconf 74' lang='grc' dir='ltr'>Τιάροεαιιίιί</span> <span class='ocrx_word' id='word_1_150' title='bbox 655 1918 683 1970; x_wconf 76' lang='lat' dir='ltr'>in</span> <span class='ocrx_word' id='word_1_151' title='bbox 705 1917 751 1970; x_wconf 78' lang='lat' dir='ltr'><em>lite</em></span> <span class='ocrx_word' id='word_1_152' title='bbox 774 1923 798 1970; x_wconf 83' lang='lat' dir='ltr'>et</span> <span class='ocrx_word' id='word_1_153' title='bbox 821 1917 862 1970; x_wconf 79' lang='lat' dir='ltr'>II.</span> <span class='ocrx_word' id='word_1_154' title='bbox 885 1917 1006 1987; x_wconf 75' lang='grc' dir='ltr'>ἅτ’ρίοιιιιι</span> <span class='ocrx_word' id='word_1_155' title='bbox 1029 1918 1201 1987; x_wconf 75' lang='lat' dir='ltr'><em>imperatorie</em></span> <span class='ocrx_word' id='word_1_156' title='bbox 1224 1919 1314 1972; x_wconf 77' lang='grc' dir='ltr'>Αίετίί</span> <span class='ocrx_word' id='word_1_157' title='bbox 1333 1921 1391 1989; x_wconf 84' lang='lat' dir='ltr'><em>III,</em></span> 
     </span>
     <span class='ocr_line' id='line_1_14' title="bbox 92 2039 1393 2108; baseline -0.002 -10"><span class='ocrx_word' id='word_1_158' title='bbox 92 2045 166 2098; x_wconf 82' lang='grc' dir='ltr'>αιιπί</span> <span class='ocrx_word' id='word_1_159' title='bbox 194 2041 415 2107; x_wconf 68' lang='lat' dir='ltr'><em>dede—1386,</em></span> <span class='ocrx_word' id='word_1_160' title='bbox 444 2057 530 2094; x_wconf 80' lang='lat' dir='ltr'><em>meme</em></span> <span class='ocrx_word' id='word_1_161' title='bbox 549 2039 632 2108; x_wconf 75' lang='lat' dir='ltr'><em>judio,</em></span> <span class='ocrx_word' id='word_1_162' title='bbox 660 2039 716 2092; x_wconf 74' lang='lat' dir='ltr'><em>ind.</em></span> <span class='ocrx_word' id='word_1_163' title='bbox 739 2039 793 2105; x_wconf 81' lang='lat' dir='ltr'>IX,</span> <span class='ocrx_word' id='word_1_164' title='bbox 822 2057 873 2108; x_wconf 80' lang='lat' dir='ltr'>quo</span> <span class='ocrx_word' id='word_1_165' title='bbox 900 2040 1061 2093; x_wconf 63' lang='lat' dir='ltr'><em>monasterio</em></span> <span class='ocrx_word' id='word_1_166' title='bbox 1087 2040 1116 2092; x_wconf 84' lang='grc' dir='ltr'>τίτ</span> <span class='ocrx_word' id='word_1_167' title='bbox 1142 2046 1228 2093; x_wconf 72' lang='lat' dir='ltr'><em>monte</em></span> <span class='ocrx_word' id='word_1_168' title='bbox 1252 2039 1393 2096; x_wconf 79' lang='grc' dir='ltr'>Ζαθτιίυιιε</span> 
     </span>
     <span class='ocr_line' id='line_1_15' title="bbox 92 2153 1393 2235; baseline -0.002 -16"><span class='ocrx_word' id='word_1_169' title='bbox 92 2169 182 2220; x_wconf 75' lang='lat' dir='ltr'><em>donat</em></span> <span class='ocrx_word' id='word_1_170' title='bbox 203 2165 263 2218; x_wconf 82' lang='grc' dir='ltr'>ίυσα</span> <span class='ocrx_word' id='word_1_171' title='bbox 286 2163 426 2232; x_wconf 76' lang='lat' dir='ltr'><em>quaedam.</em></span> <span class='ocrx_word' id='word_1_172' title='bbox 459 2161 484 2214; x_wconf 86' lang='lat' dir='ltr'>J.</span> <span class='ocrx_word' id='word_1_173' title='bbox 509 2154 630 2232; x_wconf 81' lang='grc' dir='ltr'>Μιχαὴλ</span> <span class='ocrx_word' id='word_1_174' title='bbox 651 2153 816 2224; x_wconf 81' lang='grc' dir='ltr'>ὁΚαλεπθς</span> <span class='ocrx_word' id='word_1_175' title='bbox 839 2155 970 2232; x_wconf 86' lang='grc' dir='ltr'>ἔγκλησιν</span> <span class='ocrx_word' id='word_1_176' title='bbox 994 2154 1070 2213; x_wconf 82' lang='grc' dir='ltr'>ἔθετο</span> <span class='ocrx_word' id='word_1_177' title='bbox 1093 2154 1164 2212; x_wconf 84' lang='grc' dir='ltr'>κατὰ</span> <span class='ocrx_word' id='word_1_178' title='bbox 1179 2153 1325 2235; x_wconf 73' lang='grc' dir='ltr'>Θεοδώρου</span> <span class='ocrx_word' id='word_1_179' title='bbox 1348 2160 1393 2216; x_wconf 89' lang='grc' dir='ltr'>τοὺ</span> 
     </span>
     <span class='ocr_line' id='line_1_16' title="bbox 92 2273 1392 2364; baseline -0.003 -24"><span class='ocrx_word' id='word_1_180' title='bbox 92 2273 280 2364; x_wconf 67' lang='grc' dir='ltr'>Τζαμιιὺτίου]</span> <span class='ocrx_word' id='word_1_181' title='bbox 304 2278 408 2356; x_wconf 78' lang='grc' dir='ltr'>λέγων,</span> <span class='ocrx_word' id='word_1_182' title='bbox 439 2277 479 2336; x_wconf 83' lang='grc' dir='ltr'>δτι</span> <span class='ocrx_word' id='word_1_183' title='bbox 505 2277 601 2354; x_wconf 73' lang='grc' dir='ltr'>νομήν,</span> <span class='ocrx_word' id='word_1_184' title='bbox 631 2277 664 2348; x_wconf 83' lang='grc' dir='ltr'>ῆν</span> <span class='ocrx_word' id='word_1_185' title='bbox 697 2274 809 2348; x_wconf 82' lang='grc' dir='ltr'>ἐνέμετο</span> <span class='ocrx_word' id='word_1_186' title='bbox 839 2277 954 2354; x_wconf 84' lang='grc' dir='ltr'>χρόνους</span> <span class='ocrx_word' id='word_1_187' title='bbox 984 2275 1076 2334; x_wconf 80' lang='grc' dir='ltr'>ἐπάνω</span> <span class='ocrx_word' id='word_1_188' title='bbox 1106 2281 1159 2334; x_wconf 85' lang='grc' dir='ltr'>τῶν</span> <span class='ocrx_word' id='word_1_189' title='bbox 1192 2275 1392 2356; x_wconf 73' lang='grc' dir='ltr'>ἑβδομήκοντα,</span> 
     </span>
    </p>
   </div>
   <div class='ocr_carea' id='block_1_3' title="bbox 94 2396 1393 2477">
    <p class='ocr_par' dir='ltr' id='par_1_3' title="bbox 94 2396 1393 2477">
     <span class='ocr_line' id='line_1_17' title="bbox 94 2396 1393 2477; baseline -0.002 -16"><span class='ocrx_word' id='word_1_190' title='bbox 94 2403 213 2470; x_wconf 76' lang='grc' dir='ltr'>ἀπόντος</span> <span class='ocrx_word' id='word_1_191' title='bbox 238 2397 384 2460; x_wconf 79' lang='grc' dir='ltr'>αὑτοῦκαὶ</span> <span class='ocrx_word' id='word_1_192' title='bbox 410 2397 546 2474; x_wconf 86' lang='grc' dir='ltr'>μηδεμίαν</span> <span class='ocrx_word' id='word_1_193' title='bbox 569 2396 670 2472; x_wconf 82' lang='grc' dir='ltr'>εἴδησιν</span> <span class='ocrx_word' id='word_1_194' title='bbox 694 2397 816 2475; x_wconf 80' lang='grc' dir='ltr'>ἔχοντος,</span> <span class='ocrx_word' id='word_1_195' title='bbox 845 2398 985 2477; x_wconf 83' lang='grc' dir='ltr'>προσῆλθε</span> <span class='ocrx_word' id='word_1_196' title='bbox 1007 2397 1045 2475; x_wconf 81' lang='grc' dir='ltr'>τῷ</span> <span class='ocrx_word' id='word_1_197' title='bbox 1070 2397 1143 2456; x_wconf 85' lang='grc' dir='ltr'>δουκί</span> <span class='ocrx_word' id='word_1_198' title='bbox 1168 2399 1356 2469; x_wconf 82' lang='grc' dir='ltr'>Ματζουκάων</span> <span class='ocrx_word' id='word_1_199' title='bbox 1379 2402 1393 2458; x_wconf 83' lang='grc' dir='ltr'>θ</span> 
     </span>
    </p>
   </div>
   <div class='ocr_carea' id='block_1_4' title="bbox 93 2499 1393 2600">
    <p class='ocr_par' dir='ltr' id='par_1_4' title="bbox 93 2499 1393 2600">
     <span class='ocr_line' id='line_1_18' title="bbox 93 2499 1393 2600; baseline -0.001 -19"><span class='ocrx_word' id='word_1_200' title='bbox 93 2525 262 2597; x_wconf 80' lang='grc' dir='ltr'>Τζαμιιὺτης</span> <span class='ocrx_word' id='word_1_201' title='bbox 283 2519 330 2580; x_wconf 77' lang='grc' dir='ltr'>καὶ</span> <span class='ocrx_word' id='word_1_202' title='bbox 354 2520 399 2580; x_wconf 81' lang='grc' dir='ltr'>διὰ</span> <span class='ocrx_word' id='word_1_203' title='bbox 420 2523 583 2600; x_wconf 80' lang='grc' dir='ltr'>γράμματος</span> <span class='ocrx_word' id='word_1_204' title='bbox 606 2499 679 2596; x_wconf 88' lang='grc' dir='ltr'>τάχα</span> <span class='ocrx_word' id='word_1_205' title='bbox 702 2517 825 2599; x_wconf 84' lang='grc' dir='ltr'>κρισίμου</span> <span class='ocrx_word' id='word_1_206' title='bbox 848 2519 1001 2594; x_wconf 73' lang='grc' dir='ltr'>ἀνελάβετε</span> <span class='ocrx_word' id='word_1_207' title='bbox 1023 2519 1072 2593; x_wconf 82' lang='grc' dir='ltr'>τὴν</span> <span class='ocrx_word' id='word_1_208' title='bbox 1095 2519 1182 2596; x_wconf 87' lang='grc' dir='ltr'>νομὴν</span> <span class='ocrx_word' id='word_1_209' title='bbox 1205 2521 1284 2579; x_wconf 83' lang='grc' dir='ltr'>αὑτοῦ</span> <span class='ocrx_word' id='word_1_210' title='bbox 1300 2543 1393 2600; x_wconf 84' lang='grc' dir='ltr'>παρα-</span> 
     </span>
    </p>
   </div>
   <div class='ocr_carea' id='block_1_5' title="bbox 94 2641 1399 3453">
    <p class='ocr_par' dir='ltr' id='par_1_5' title="bbox 94 2641 1399 3453">
     <span class='ocr_line' id='line_1_19' title="bbox 94 2641 1393 2723; baseline -0.001 -19"><span class='ocrx_word' id='word_1_211' title='bbox 94 2647 202 2723; x_wconf 74' lang='grc' dir='ltr'>λόγως.</span> <span class='ocrx_word' id='word_1_212' title='bbox 245 2646 469 2722; x_wconf 78' lang='grc' dir='ltr'>παραγενόμενος</span> <span class='ocrx_word' id='word_1_213' title='bbox 498 2645 563 2718; x_wconf 83' lang='grc' dir='ltr'>γοῦν</span> <span class='ocrx_word' id='word_1_214' title='bbox 586 2642 600 2699; x_wconf 83' lang='grc' dir='ltr'>ὁ</span> <span class='ocrx_word' id='word_1_215' title='bbox 622 2642 786 2716; x_wconf 79' lang='grc' dir='ltr'>Τζαμιὼτης</span> <span class='ocrx_word' id='word_1_216' title='bbox 808 2642 838 2700; x_wconf 83' lang='grc' dir='ltr'>τθ</span> <span class='ocrx_word' id='word_1_217' title='bbox 870 2645 986 2721; x_wconf 79' lang='grc' dir='ltr'>γράμμα</span> <span class='ocrx_word' id='word_1_218' title='bbox 1007 2645 1053 2701; x_wconf 88' lang='grc' dir='ltr'>τοῦ</span> <span class='ocrx_word' id='word_1_219' title='bbox 1076 2641 1172 2712; x_wconf 82' lang='grc' dir='ltr'>δουκθς</span> <span class='ocrx_word' id='word_1_220' title='bbox 1202 2641 1393 2722; x_wconf 79' lang='grc' dir='ltr'>καθυπέδειξε,</span> 
     </span>
     <span class='ocr_line' id='line_1_20' title="bbox 95 2760 1392 2843; baseline -0.002 -17"><span class='ocrx_word' id='word_1_221' title='bbox 95 2766 145 2826; x_wconf 82' lang='grc' dir='ltr'>καί</span> <span class='ocrx_word' id='word_1_222' title='bbox 167 2763 201 2842; x_wconf 83' lang='grc' dir='ltr'>ῆν</span> <span class='ocrx_word' id='word_1_223' title='bbox 225 2765 254 2822; x_wconf 89' lang='grc' dir='ltr'>ἐν</span> <span class='ocrx_word' id='word_1_224' title='bbox 276 2763 348 2842; x_wconf 81' lang='grc' dir='ltr'>αὑτῷ</span> <span class='ocrx_word' id='word_1_225' title='bbox 371 2765 616 2842; x_wconf 87' lang='grc' dir='ltr'>ὑπσγεγραμμένσς</span> <span class='ocrx_word' id='word_1_226' title='bbox 636 2760 683 2822; x_wconf 84' lang='grc' dir='ltr'>καί</span> <span class='ocrx_word' id='word_1_227' title='bbox 705 2763 720 2821; x_wconf 84' lang='grc' dir='ltr'>δ</span> <span class='ocrx_word' id='word_1_228' title='bbox 743 2763 911 2843; x_wconf 82' lang='grc' dir='ltr'>Σκουτέριος.</span> <span class='ocrx_word' id='word_1_229' title='bbox 941 2764 1138 2842; x_wconf 77' lang='grc' dir='ltr'>καθωμολόγει</span> <span class='ocrx_word' id='word_1_230' title='bbox 1161 2763 1192 2824; x_wconf 89' lang='grc' dir='ltr'>δέ</span> <span class='ocrx_word' id='word_1_231' title='bbox 1214 2763 1292 2823; x_wconf 83' lang='grc' dir='ltr'>καίθ</span> <span class='ocrx_word' id='word_1_232' title='bbox 1314 2765 1392 2835; x_wconf 87' lang='grc' dir='ltr'>Τζα-</span> 
     </span>
     <span class='ocr_line' id='line_1_21' title="bbox 98 2884 1393 2966; baseline -0.001 -20"><span class='ocrx_word' id='word_1_233' title='bbox 98 2891 212 2964; x_wconf 80' lang='grc' dir='ltr'>μιιίιτης,</span> <span class='ocrx_word' id='word_1_234' title='bbox 236 2889 285 2964; x_wconf 77' lang='grc' dir='ltr'>ὅτι,</span> <span class='ocrx_word' id='word_1_235' title='bbox 310 2886 348 2960; x_wconf 85' lang='grc' dir='ltr'>μὴ</span> <span class='ocrx_word' id='word_1_236' title='bbox 370 2886 504 2964; x_wconf 70' lang='grc' dir='ltr'>παρόντος</span> <span class='ocrx_word' id='word_1_237' title='bbox 525 2889 571 2944; x_wconf 87' lang='grc' dir='ltr'>τοὺ</span> <span class='ocrx_word' id='word_1_238' title='bbox 594 2885 736 2966; x_wconf 78' lang='grc' dir='ltr'>Καλεποὺ,</span> <span class='ocrx_word' id='word_1_239' title='bbox 760 2885 805 2944; x_wconf 84' lang='grc' dir='ltr'>διὰ</span> <span class='ocrx_word' id='word_1_240' title='bbox 827 2889 913 2960; x_wconf 79' lang='grc' dir='ltr'>μάνης</span> <span class='ocrx_word' id='word_1_241' title='bbox 936 2884 1083 2964; x_wconf 80' lang='grc' dir='ltr'>μαρτυρίας</span> <span class='ocrx_word' id='word_1_242' title='bbox 1105 2891 1154 2962; x_wconf 86' lang='grc' dir='ltr'>τῆς</span> <span class='ocrx_word' id='word_1_243' title='bbox 1179 2885 1315 2962; x_wconf 87' lang='grc' dir='ltr'>Χαψάβας</span> <span class='ocrx_word' id='word_1_244' title='bbox 1338 2887 1393 2946; x_wconf 84' lang='grc' dir='ltr'>Σε-</span> 
     </span>
     <span class='ocr_line' id='line_1_22' title="bbox 98 2991 1394 3088; baseline -0.003 -19"><span class='ocrx_word' id='word_1_245' title='bbox 98 3011 203 3083; x_wconf 79' lang='grc' dir='ltr'>βαστῆς</span> <span class='ocrx_word' id='word_1_246' title='bbox 235 3005 346 3081; x_wconf 87' lang='grc' dir='ltr'>ἐποίησε</span> <span class='ocrx_word' id='word_1_247' title='bbox 368 3008 398 3066; x_wconf 79' lang='grc' dir='ltr'>τθ</span> <span class='ocrx_word' id='word_1_248' title='bbox 428 3008 544 3086; x_wconf 88' lang='grc' dir='ltr'>γράμμα</span> <span class='ocrx_word' id='word_1_249' title='bbox 566 3008 582 3064; x_wconf 83' lang='grc' dir='ltr'>θ</span> <span class='ocrx_word' id='word_1_250' title='bbox 605 2991 738 3078; x_wconf 80' lang='grc' dir='ltr'>δοὺξκαί</span> <span class='ocrx_word' id='word_1_251' title='bbox 761 3007 775 3066; x_wconf 86' lang='grc' dir='ltr'>θ</span> <span class='ocrx_word' id='word_1_252' title='bbox 796 3009 953 3087; x_wconf 87' lang='grc' dir='ltr'>πιγκέρνης.</span> <span class='ocrx_word' id='word_1_253' title='bbox 999 3009 1074 3082; x_wconf 74' lang='grc' dir='ltr'>ὅμως</span> <span class='ocrx_word' id='word_1_254' title='bbox 1097 3005 1143 3066; x_wconf 87' lang='grc' dir='ltr'>καί</span> <span class='ocrx_word' id='word_1_255' title='bbox 1167 3009 1211 3066; x_wconf 78' lang='grc' dir='ltr'>τὀν</span> <span class='ocrx_word' id='word_1_256' title='bbox 1234 3009 1394 3088; x_wconf 81' lang='grc' dir='ltr'>Σκουτέρισν</span> 
     </span>
     <span class='ocr_line' id='line_1_23' title="bbox 98 3119 1399 3208; baseline -0.002 -18"><span class='ocrx_word' id='word_1_257' title='bbox 98 3130 357 3206; x_wconf 85' lang='grc' dir='ltr'>μετακαλεσάμενσι</span> <span class='ocrx_word' id='word_1_258' title='bbox 378 3125 425 3186; x_wconf 85' lang='grc' dir='ltr'>καὶ</span> <span class='ocrx_word' id='word_1_259' title='bbox 448 3129 566 3206; x_wconf 77' lang='grc' dir='ltr'>ἐνόρκως</span> <span class='ocrx_word' id='word_1_260' title='bbox 588 3129 808 3208; x_wconf 78' lang='grc' dir='ltr'>ἐπερωτῆσαντες</span> <span class='ocrx_word' id='word_1_261' title='bbox 824 3125 915 3201; x_wconf 80' lang='grc' dir='ltr'>ἐξεῖπε</span> <span class='ocrx_word' id='word_1_262' title='bbox 931 3127 978 3188; x_wconf 85' lang='grc' dir='ltr'>καί</span> <span class='ocrx_word' id='word_1_263' title='bbox 999 3130 1087 3207; x_wconf 76' lang='grc' dir='ltr'>αὑτός,</span> <span class='ocrx_word' id='word_1_264' title='bbox 1112 3131 1151 3189; x_wconf 81' lang='grc' dir='ltr'>ὅτι</span> <span class='ocrx_word' id='word_1_265' title='bbox 1168 3130 1197 3187; x_wconf 85' lang='grc' dir='ltr'>ἐν</span> <span class='ocrx_word' id='word_1_266' title='bbox 1212 3119 1399 3207; x_wconf 82' lang='grc' dir='ltr'>Τραπεζοῦντι</span> 
     </span>
     <span class='ocr_line' id='line_1_24' title="bbox 98 3248 1393 3331; baseline -0.002 -18"><span class='ocrx_word' id='word_1_267' title='bbox 98 3251 204 3330; x_wconf 85' lang='grc' dir='ltr'>διάγων</span> <span class='ocrx_word' id='word_1_268' title='bbox 225 3248 272 3309; x_wconf 88' lang='grc' dir='ltr'>καὶ</span> <span class='ocrx_word' id='word_1_269' title='bbox 295 3251 486 3329; x_wconf 65' lang='grc' dir='ltr'>εὑρισκόμενος</span> <span class='ocrx_word' id='word_1_270' title='bbox 508 3252 623 3328; x_wconf 82' lang='grc' dir='ltr'>γέγονεν</span> <span class='ocrx_word' id='word_1_271' title='bbox 647 3248 686 3321; x_wconf 85' lang='grc' dir='ltr'>είς</span> <span class='ocrx_word' id='word_1_272' title='bbox 700 3251 749 3324; x_wconf 78' lang='grc' dir='ltr'>τὴν</span> <span class='ocrx_word' id='word_1_273' title='bbox 766 3253 929 3321; x_wconf 84' lang='grc' dir='ltr'>Ματζσὺκαν</span> <span class='ocrx_word' id='word_1_274' title='bbox 951 3252 982 3310; x_wconf 79' lang='grc' dir='ltr'>τθ</span> <span class='ocrx_word' id='word_1_275' title='bbox 1004 3254 1120 3331; x_wconf 88' lang='grc' dir='ltr'>γράμμα</span> <span class='ocrx_word' id='word_1_276' title='bbox 1135 3251 1208 3330; x_wconf 80' lang='grc' dir='ltr'>παρὰ</span> <span class='ocrx_word' id='word_1_277' title='bbox 1223 3257 1269 3310; x_wconf 80' lang='grc' dir='ltr'>τοῦ</span> <span class='ocrx_word' id='word_1_278' title='bbox 1285 3251 1393 3326; x_wconf 76' lang='grc' dir='ltr'>δουκθς,</span> 
     </span>
     <span class='ocr_line' id='line_1_25' title="bbox 97 3367 1394 3453; baseline -0.003 -18"><span class='ocrx_word' id='word_1_279' title='bbox 97 3373 146 3435; x_wconf 79' lang='grc' dir='ltr'>καὶ</span> <span class='ocrx_word' id='word_1_280' title='bbox 170 3367 240 3447; x_wconf 79' lang='grc' dir='ltr'>μετὰ</span> <span class='ocrx_word' id='word_1_281' title='bbox 261 3376 345 3430; x_wconf 82' lang='grc' dir='ltr'>ταῦτα</span> <span class='ocrx_word' id='word_1_282' title='bbox 365 3371 506 3450; x_wconf 81' lang='grc' dir='ltr'>ὑπεγράφη</span> <span class='ocrx_word' id='word_1_283' title='bbox 529 3370 575 3430; x_wconf 86' lang='grc' dir='ltr'>καὶ</span> <span class='ocrx_word' id='word_1_284' title='bbox 596 3373 660 3450; x_wconf 86' lang='grc' dir='ltr'>παρ’</span> <span class='ocrx_word' id='word_1_285' title='bbox 674 3372 762 3450; x_wconf 80' lang='grc' dir='ltr'>αὑτοῦ,</span> <span class='ocrx_word' id='word_1_286' title='bbox 786 3373 825 3443; x_wconf 84' lang='grc' dir='ltr'>ὡς</span> <span class='ocrx_word' id='word_1_287' title='bbox 848 3373 929 3448; x_wconf 83' lang='grc' dir='ltr'>δῆθεν</span> <span class='ocrx_word' id='word_1_288' title='bbox 953 3373 1071 3450; x_wconf 71' lang='grc' dir='ltr'>δίκαιον,</span> <span class='ocrx_word' id='word_1_289' title='bbox 1094 3376 1224 3452; x_wconf 79' lang='grc' dir='ltr'>πρόσωπα</span> <span class='ocrx_word' id='word_1_290' title='bbox 1247 3373 1278 3433; x_wconf 88' lang='grc' dir='ltr'>δέ</span> <span class='ocrx_word' id='word_1_291' title='bbox 1301 3393 1394 3453; x_wconf 82' lang='grc' dir='ltr'>κρινο-</span> 
     </span>
    </p>
   </div>
   <div class='ocr_carea' id='block_1_6' title="bbox 98 3489 1394 3574">
    <p class='ocr_par' dir='ltr' id='par_1_6' title="bbox 98 3489 1394 3574">
     <span class='ocr_line' id='line_1_26' title="bbox 98 3489 1394 3574; baseline -0.001 -19"><span class='ocrx_word' id='word_1_292' title='bbox 98 3500 191 3574; x_wconf 86' lang='grc' dir='ltr'>μένων</span> <span class='ocrx_word' id='word_1_293' title='bbox 221 3497 269 3554; x_wconf 85' lang='grc' dir='ltr'>οὑκ</span> <span class='ocrx_word' id='word_1_294' title='bbox 300 3489 367 3573; x_wconf 70' lang='grc' dir='ltr'>εἶδε,</span> <span class='ocrx_word' id='word_1_295' title='bbox 397 3492 457 3553; x_wconf 87' lang='grc' dir='ltr'>οὑτε</span> <span class='ocrx_word' id='word_1_296' title='bbox 486 3495 589 3572; x_wconf 83' lang='grc' dir='ltr'>λόγους</span> <span class='ocrx_word' id='word_1_297' title='bbox 620 3494 856 3572; x_wconf 84' lang='grc' dir='ltr'>δικολογουμένων</span> <span class='ocrx_word' id='word_1_298' title='bbox 886 3491 1016 3569; x_wconf 75' lang='grc' dir='ltr'>ἀκήκοεν.</span> <span class='ocrx_word' id='word_1_299' title='bbox 1061 3496 1075 3553; x_wconf 80' lang='grc' dir='ltr'><strong>ὁ</strong></span> <span class='ocrx_word' id='word_1_300' title='bbox 1106 3494 1137 3554; x_wconf 87' lang='grc' dir='ltr'>δὲ</span> <span class='ocrx_word' id='word_1_301' title='bbox 1160 3497 1325 3570; x_wconf 84' lang='grc' dir='ltr'>Τζαμιιὺτης</span> <span class='ocrx_word' id='word_1_302' title='bbox 1347 3495 1394 3554; x_wconf 81' lang='grc' dir='ltr'>καί</span> 
     </span>
    </p>
   </div>
   <div class='ocr_carea' id='block_1_7' title="bbox 98 3611 1503 3696">
    <p class='ocr_par' dir='ltr' id='par_1_7' title="bbox 98 3611 1503 3696">
     <span class='ocr_line' id='line_1_27' title="bbox 98 3611 1503 3696; baseline -0.001 -19"><span class='ocrx_word' id='word_1_303' title='bbox 98 3617 176 3686; x_wconf 85' lang='grc' dir='ltr'>αὖθις</span> <span class='ocrx_word' id='word_1_304' title='bbox 198 3617 243 3675; x_wconf 78' lang='grc' dir='ltr'>τὺν</span> <span class='ocrx_word' id='word_1_305' title='bbox 266 3611 464 3686; x_wconf 78' lang='grc' dir='ltr'>Ἀλεξθπσυλσν</span> <span class='ocrx_word' id='word_1_306' title='bbox 488 3616 650 3675; x_wconf 75' lang='grc' dir='ltr'>ἐπεκαλεῖτο</span> <span class='ocrx_word' id='word_1_307' title='bbox 674 3615 810 3695; x_wconf 82' lang='grc' dir='ltr'>Γειὺργιον</span> <span class='ocrx_word' id='word_1_308' title='bbox 833 3614 879 3675; x_wconf 84' lang='grc' dir='ltr'>καὶ</span> <span class='ocrx_word' id='word_1_309' title='bbox 902 3615 1054 3696; x_wconf 72' lang='grc' dir='ltr'>Σεβαστήν,</span> <span class='ocrx_word' id='word_1_310' title='bbox 1077 3618 1116 3688; x_wconf 84' lang='grc' dir='ltr'>ὡς</span> <span class='ocrx_word' id='word_1_311' title='bbox 1138 3619 1322 3694; x_wconf 73' lang='grc' dir='ltr'>γινώσκοντας</span> <span class='ocrx_word' id='word_1_312' title='bbox 1344 3620 1393 3692; x_wconf 82' lang='grc' dir='ltr'>τὴν</span> <span class='ocrx_word' id='word_1_313' title='bbox 1502 3613 1503 3616; x_wconf 38' lang='grc'><strong>“</strong></span> 
     </span>
    </p>
   </div>
   <div class='ocr_carea' id='block_1_8' title="bbox 98 3732 1396 4886">
    <p class='ocr_par' dir='ltr' id='par_1_8' title="bbox 98 3732 1396 4886">
     <span class='ocr_line' id='line_1_28' title="bbox 98 3732 1394 3818; baseline 0.003 -22"><span class='ocrx_word' id='word_1_314' title='bbox 98 3741 187 3814; x_wconf 77' lang='grc' dir='ltr'>νομῆν</span> <span class='ocrx_word' id='word_1_315' title='bbox 211 3739 290 3796; x_wconf 77' lang='grc' dir='ltr'>αὑτοῦ</span> <span class='ocrx_word' id='word_1_316' title='bbox 310 3735 358 3797; x_wconf 87' lang='grc' dir='ltr'>καὶ</span> <span class='ocrx_word' id='word_1_317' title='bbox 381 3737 493 3816; x_wconf 80' lang='grc' dir='ltr'>δίκαιον,</span> <span class='ocrx_word' id='word_1_318' title='bbox 516 3737 561 3796; x_wconf 84' lang='grc' dir='ltr'>καὶ</span> <span class='ocrx_word' id='word_1_319' title='bbox 578 3741 616 3806; x_wconf 85' lang='grc' dir='ltr'>ὡς</span> <span class='ocrx_word' id='word_1_320' title='bbox 631 3737 680 3796; x_wconf 84' lang='grc' dir='ltr'>ὑιτδ</span> <span class='ocrx_word' id='word_1_321' title='bbox 696 3741 740 3796; x_wconf 88' lang='grc' dir='ltr'>τοῦ</span> <span class='ocrx_word' id='word_1_322' title='bbox 756 3737 842 3816; x_wconf 75' lang='grc' dir='ltr'>λέγου</span> <span class='ocrx_word' id='word_1_323' title='bbox 865 3739 952 3797; x_wconf 84' lang='grc' dir='ltr'>αὑτῶν</span> <span class='ocrx_word' id='word_1_324' title='bbox 968 3732 1122 3809; x_wconf 85' lang='grc' dir='ltr'>δικαιωθείς</span> <span class='ocrx_word' id='word_1_325' title='bbox 1136 3735 1210 3818; x_wconf 76' lang='grc' dir='ltr'>παρὰ</span> <span class='ocrx_word' id='word_1_326' title='bbox 1226 3743 1271 3798; x_wconf 89' lang='grc' dir='ltr'>τοὺ</span> <span class='ocrx_word' id='word_1_327' title='bbox 1287 3739 1394 3810; x_wconf 77' lang='grc' dir='ltr'>δουκός.</span> 
     </span>
     <span class='ocr_line' id='line_1_29' title="bbox 98 3856 1394 3940; baseline -0.002 -19"><span class='ocrx_word' id='word_1_328' title='bbox 98 3861 172 3921; x_wconf 82' lang='grc' dir='ltr'>κατὰ</span> <span class='ocrx_word' id='word_1_329' title='bbox 201 3864 264 3938; x_wconf 85' lang='grc' dir='ltr'>γοῦν</span> <span class='ocrx_word' id='word_1_330' title='bbox 287 3860 334 3934; x_wconf 85' lang='grc' dir='ltr'>τὴν</span> <span class='ocrx_word' id='word_1_331' title='bbox 365 3859 467 3934; x_wconf 80' lang='grc' dir='ltr'>αἴτησιν</span> <span class='ocrx_word' id='word_1_332' title='bbox 499 3860 588 3940; x_wconf 74' lang='grc' dir='ltr'>αὑτοῦ,</span> <span class='ocrx_word' id='word_1_333' title='bbox 620 3858 642 3918; x_wconf 84' lang='grc' dir='ltr'>εἰ</span> <span class='ocrx_word' id='word_1_334' title='bbox 665 3858 711 3919; x_wconf 81' lang='grc' dir='ltr'>καὶ</span> <span class='ocrx_word' id='word_1_335' title='bbox 741 3862 867 3940; x_wconf 68' lang='grc' dir='ltr'>περισσὸν</span> <span class='ocrx_word' id='word_1_336' title='bbox 889 3856 933 3940; x_wconf 68' lang='grc' dir='ltr'>ἦν,</span> <span class='ocrx_word' id='word_1_337' title='bbox 965 3859 1032 3920; x_wconf 82' lang='grc' dir='ltr'>ἀλλ’</span> <span class='ocrx_word' id='word_1_338' title='bbox 1045 3861 1121 3934; x_wconf 82' lang='grc' dir='ltr'>ὅμως</span> <span class='ocrx_word' id='word_1_339' title='bbox 1148 3861 1394 3936; x_wconf 78' lang='grc' dir='ltr'>μετεκαλεσάμεθα</span> 
     </span>
     <span class='ocr_line' id='line_1_30' title="bbox 98 3979 1394 4060; baseline -0.004 -16"><span class='ocrx_word' id='word_1_340' title='bbox 98 3986 218 4060; x_wconf 74' lang='grc' dir='ltr'>τούτους,</span> <span class='ocrx_word' id='word_1_341' title='bbox 247 3980 295 4040; x_wconf 87' lang='grc' dir='ltr'>καὶ</span> <span class='ocrx_word' id='word_1_342' title='bbox 317 3982 331 4040; x_wconf 83' lang='grc' dir='ltr'>θ</span> <span class='ocrx_word' id='word_1_343' title='bbox 355 3982 405 4056; x_wconf 84' lang='grc' dir='ltr'>μὲν</span> <span class='ocrx_word' id='word_1_344' title='bbox 429 3979 631 4054; x_wconf 81' lang='grc' dir='ltr'>Ἀλεξάπσυλσς</span> <span class='ocrx_word' id='word_1_345' title='bbox 661 3983 748 4053; x_wconf 80' lang='grc' dir='ltr'>ἀκοὰς</span> <span class='ocrx_word' id='word_1_346' title='bbox 772 3982 889 4056; x_wconf 85' lang='grc' dir='ltr'>ματαίας</span> <span class='ocrx_word' id='word_1_347' title='bbox 912 3982 1011 4059; x_wconf 82' lang='grc' dir='ltr'>ἔλεγεν</span> <span class='ocrx_word' id='word_1_348' title='bbox 1038 3983 1122 4060; x_wconf 77' lang='grc' dir='ltr'>ἔχειν,</span> <span class='ocrx_word' id='word_1_349' title='bbox 1155 3987 1199 4042; x_wconf 80' lang='grc' dir='ltr'>τοὺ</span> <span class='ocrx_word' id='word_1_350' title='bbox 1224 3984 1307 4060; x_wconf 60' lang='lat' dir='ltr'>dade</span> <span class='ocrx_word' id='word_1_351' title='bbox 1328 3983 1394 4042; x_wconf 76' lang='grc' dir='ltr'>ποτὲ</span> 
     </span>
     <span class='ocr_line' id='line_1_31' title="bbox 100 4102 1394 4186; baseline -0.001 -21"><span class='ocrx_word' id='word_1_352' title='bbox 100 4105 271 4184; x_wconf 76' lang='grc' dir='ltr'>ὀχληθέντας</span> <span class='ocrx_word' id='word_1_353' title='bbox 294 4103 364 4176; x_wconf 81' lang='grc' dir='ltr'>μετὰ</span> <span class='ocrx_word' id='word_1_354' title='bbox 385 4105 515 4184; x_wconf 80' lang='grc' dir='ltr'>γέροντος</span> <span class='ocrx_word' id='word_1_355' title='bbox 538 4105 642 4164; x_wconf 86' lang='grc' dir='ltr'>ἐκείνου</span> <span class='ocrx_word' id='word_1_356' title='bbox 664 4108 710 4164; x_wconf 85' lang='grc' dir='ltr'>τοῦ</span> <span class='ocrx_word' id='word_1_357' title='bbox 725 4104 869 4184; x_wconf 76' lang='grc' dir='ltr'>Καλεποὺ,</span> <span class='ocrx_word' id='word_1_358' title='bbox 892 4103 939 4164; x_wconf 80' lang='grc' dir='ltr'>καὶ</span> <span class='ocrx_word' id='word_1_359' title='bbox 962 4102 1083 4176; x_wconf 77' lang='grc' dir='ltr'>εἰπόντος</span> <span class='ocrx_word' id='word_1_360' title='bbox 1099 4105 1179 4186; x_wconf 82' lang='grc' dir='ltr'>ἐντῇ</span> <span class='ocrx_word' id='word_1_361' title='bbox 1203 4103 1330 4182; x_wconf 80' lang='grc' dir='ltr'>θχλῆσει,</span> <span class='ocrx_word' id='word_1_362' title='bbox 1355 4107 1394 4164; x_wconf 79' lang='grc' dir='ltr'>δτι</span> 
     </span>
     <span class='ocr_line' id='line_1_32' title="bbox 100 4222 1396 4307; baseline -0.002 -19"><span class='ocrx_word' id='word_1_363' title='bbox 100 4228 215 4304; x_wconf 80' lang='grc' dir='ltr'>κατέχει</span> <span class='ocrx_word' id='word_1_364' title='bbox 236 4223 283 4284; x_wconf 86' lang='grc' dir='ltr'>καὶ</span> <span class='ocrx_word' id='word_1_365' title='bbox 306 4227 391 4301; x_wconf 86' lang='grc' dir='ltr'>νομὴν</span> <span class='ocrx_word' id='word_1_366' title='bbox 407 4225 649 4286; x_wconf 86' lang='grc' dir='ltr'>Μανπλανάντων·</span> <span class='ocrx_word' id='word_1_367' title='bbox 673 4227 735 4286; x_wconf 76' lang='grc' dir='ltr'>ὅθεν</span> <span class='ocrx_word' id='word_1_368' title='bbox 757 4225 804 4286; x_wconf 88' lang='grc' dir='ltr'>καί</span> <span class='ocrx_word' id='word_1_369' title='bbox 826 4224 973 4306; x_wconf 80' lang='grc' dir='ltr'>κραθηθεὶς</span> <span class='ocrx_word' id='word_1_370' title='bbox 994 4233 1164 4307; x_wconf 81' lang='grc' dir='ltr'>παραστῆσαι</span> <span class='ocrx_word' id='word_1_371' title='bbox 1186 4228 1217 4284; x_wconf 82' lang='grc' dir='ltr'>τ“ο</span> <span class='ocrx_word' id='word_1_372' title='bbox 1233 4222 1319 4305; x_wconf 72' lang='grc' dir='ltr'>εἶπεν,</span> <span class='ocrx_word' id='word_1_373' title='bbox 1343 4229 1396 4286; x_wconf 69' lang='grc' dir='ltr'>ἀπὸ</span> 
     </span>
     <span class='ocr_line' id='line_1_33' title="bbox 100 4345 1395 4427; baseline 0 -22"><span class='ocrx_word' id='word_1_374' title='bbox 100 4355 152 4424; x_wconf 80' lang='grc' dir='ltr'>τῆς</span> <span class='ocrx_word' id='word_1_375' title='bbox 173 4349 300 4426; x_wconf 83' lang='grc' dir='ltr'>γυναικθς</span> <span class='ocrx_word' id='word_1_376' title='bbox 324 4349 402 4406; x_wconf 81' lang='grc' dir='ltr'>αὐτοῦ</span> <span class='ocrx_word' id='word_1_377' title='bbox 430 4345 553 4420; x_wconf 80' lang='grc' dir='ltr'>ὑπέδειξε</span> <span class='ocrx_word' id='word_1_378' title='bbox 576 4353 653 4408; x_wconf 84' lang='grc' dir='ltr'>τοῦτο</span> <span class='ocrx_word' id='word_1_379' title='bbox 676 4349 789 4408; x_wconf 82' lang='grc' dir='ltr'>ἀκοῦσαι</span> <span class='ocrx_word' id='word_1_380' title='bbox 811 4355 860 4424; x_wconf 90' lang='grc' dir='ltr'>τῆς</span> <span class='ocrx_word' id='word_1_381' title='bbox 883 4348 1037 4424; x_wconf 86' lang='grc' dir='ltr'>Σεβαστῆς·</span> <span class='ocrx_word' id='word_1_382' title='bbox 1072 4349 1089 4422; x_wconf 85' lang='grc' dir='ltr'>ῆ</span> <span class='ocrx_word' id='word_1_383' title='bbox 1114 4348 1145 4406; x_wconf 85' lang='grc' dir='ltr'>δέ</span> <span class='ocrx_word' id='word_1_384' title='bbox 1170 4347 1336 4427; x_wconf 77' lang='grc' dir='ltr'>ἐρωτηθεῖσα</span> <span class='ocrx_word' id='word_1_385' title='bbox 1357 4349 1395 4427; x_wconf 83' lang='grc' dir='ltr'>τῷ</span> 
     </span>
     <span class='ocr_line' id='line_1_34' title="bbox 101 4466 1395 4550; baseline -0.003 -18"><span class='ocrx_word' id='word_1_386' title='bbox 101 4473 162 4532; x_wconf 78' lang='grc' dir='ltr'>τότε</span> <span class='ocrx_word' id='word_1_387' title='bbox 185 4470 334 4547; x_wconf 73' lang='grc' dir='ltr'>κατέφυγεν</span> <span class='ocrx_word' id='word_1_388' title='bbox 357 4467 397 4540; x_wconf 88' lang='grc' dir='ltr'>είς</span> <span class='ocrx_word' id='word_1_389' title='bbox 418 4470 468 4544; x_wconf 86' lang='grc' dir='ltr'>τὴν</span> <span class='ocrx_word' id='word_1_390' title='bbox 492 4467 560 4529; x_wconf 82' lang='grc' dir='ltr'>ἰδίαν</span> <span class='ocrx_word' id='word_1_391' title='bbox 582 4471 724 4549; x_wconf 85' lang='grc' dir='ltr'>πενθεράν.</span> <span class='ocrx_word' id='word_1_392' title='bbox 758 4469 804 4528; x_wconf 86' lang='grc' dir='ltr'>καὶ</span> <span class='ocrx_word' id='word_1_393' title='bbox 826 4466 860 4546; x_wconf 80' lang='grc' dir='ltr'>ῆν</span> <span class='ocrx_word' id='word_1_394' title='bbox 883 4471 1110 4550; x_wconf 85' lang='grc' dir='ltr'>πρααπσθανσὺσα</span> <span class='ocrx_word' id='word_1_395' title='bbox 1133 4469 1233 4544; x_wconf 80' lang='grc' dir='ltr'>ἐκείνη,</span> <span class='ocrx_word' id='word_1_396' title='bbox 1257 4467 1303 4528; x_wconf 81' lang='grc' dir='ltr'>καὶ</span> <span class='ocrx_word' id='word_1_397' title='bbox 1326 4470 1395 4528; x_wconf 83' lang='grc' dir='ltr'>οὑτω</span> 
     </span>
     <span class='ocr_line' id='line_1_35' title="bbox 101 4586 1395 4671; baseline -0.002 -18"><span class='ocrx_word' id='word_1_398' title='bbox 101 4597 148 4653; x_wconf 85' lang='grc' dir='ltr'>τοὺ</span> <span class='ocrx_word' id='word_1_399' title='bbox 170 4591 257 4670; x_wconf 77' lang='grc' dir='ltr'>λόγου</span> <span class='ocrx_word' id='word_1_400' title='bbox 280 4589 530 4667; x_wconf 72' lang='grc' dir='ltr'>μεταβιζαίομένου</span> <span class='ocrx_word' id='word_1_401' title='bbox 553 4592 631 4652; x_wconf 84' lang='grc' dir='ltr'>σὺδέν</span> <span class='ocrx_word' id='word_1_402' title='bbox 654 4591 751 4671; x_wconf 84' lang='grc' dir='ltr'>εὑρέθη</span> <span class='ocrx_word' id='word_1_403' title='bbox 775 4591 898 4671; x_wconf 77' lang='grc' dir='ltr'>βέβαιον,</span> <span class='ocrx_word' id='word_1_404' title='bbox 922 4592 988 4652; x_wconf 84' lang='grc' dir='ltr'>ἀλλ’</span> <span class='ocrx_word' id='word_1_405' title='bbox 1003 4591 1030 4651; x_wconf 87' lang='grc' dir='ltr'>εί</span> <span class='ocrx_word' id='word_1_406' title='bbox 1042 4613 1065 4651; x_wconf 93' lang='grc' dir='ltr'>τι</span> <span class='ocrx_word' id='word_1_407' title='bbox 1080 4590 1126 4652; x_wconf 84' lang='grc' dir='ltr'>καί</span> <span class='ocrx_word' id='word_1_408' title='bbox 1144 4586 1219 4652; x_wconf 85' lang='grc' dir='ltr'>εἶπεν</span> <span class='ocrx_word' id='word_1_409' title='bbox 1235 4594 1250 4650; x_wconf 87' lang='grc' dir='ltr'>θ</span> <span class='ocrx_word' id='word_1_410' title='bbox 1267 4592 1395 4667; x_wconf 83' lang='grc' dir='ltr'>Χαψαίας</span> 
     </span>
     <span class='ocr_line' id='line_1_36' title="bbox 103 4709 1396 4796; baseline -0.002 -21"><span class='ocrx_word' id='word_1_411' title='bbox 103 4717 153 4775; x_wconf 80' lang='grc' dir='ltr'>ὑπθ</span> <span class='ocrx_word' id='word_1_412' title='bbox 178 4714 330 4792; x_wconf 82' lang='grc' dir='ltr'>ἁψιμαχίας</span> <span class='ocrx_word' id='word_1_413' title='bbox 355 4714 482 4790; x_wconf 76' lang='grc' dir='ltr'>ἐλαλήθη</span> <span class='ocrx_word' id='word_1_414' title='bbox 505 4713 552 4774; x_wconf 79' lang='grc' dir='ltr'>καὶ</span> <span class='ocrx_word' id='word_1_415' title='bbox 575 4713 677 4796; x_wconf 83' lang='grc' dir='ltr'>ἔριδος·</span> <span class='ocrx_word' id='word_1_416' title='bbox 701 4713 765 4788; x_wconf 80' lang='grc' dir='ltr'>ἠδέ</span> <span class='ocrx_word' id='word_1_417' title='bbox 780 4735 814 4792; x_wconf 83' lang='grc' dir='ltr'>γε</span> <span class='ocrx_word' id='word_1_418' title='bbox 837 4715 962 4790; x_wconf 78' lang='grc' dir='ltr'>Σεβαστὴ</span> <span class='ocrx_word' id='word_1_419' title='bbox 986 4714 1032 4773; x_wconf 82' lang='grc' dir='ltr'>καί</span> <span class='ocrx_word' id='word_1_420' title='bbox 1054 4715 1119 4789; x_wconf 84' lang='grc' dir='ltr'>αὑτῆ</span> <span class='ocrx_word' id='word_1_421' title='bbox 1136 4714 1214 4774; x_wconf 76' lang='grc' dir='ltr'>οὐδὲν</span> <span class='ocrx_word' id='word_1_422' title='bbox 1231 4713 1303 4774; x_wconf 88' lang='grc' dir='ltr'>άλλσ</span> <span class='ocrx_word' id='word_1_423' title='bbox 1321 4709 1396 4772; x_wconf 82' lang='grc' dir='ltr'>εἶτεν</span> 
     </span>
     <span class='ocr_line' id='line_1_37' title="bbox 1137 4835 1188 4886; baseline -0.02 0"><span class='ocrx_word' id='word_1_424' title='bbox 1137 4835 1188 4886; x_wconf 75' lang='lat'>30*</span> 
     </span>
    </p>
   </div>
   <div class='ocr_carea' id='block_1_9' title="bbox 0 0 1641 5288">
    <p class='ocr_par' dir='ltr' id='par_1_9' title="bbox 0 0 1641 5288">
     <span class='ocr_line' id='line_1_38' title="bbox 0 0 1641 5288; baseline 0 0"><span class='ocrx_word' id='word_1_425' title='bbox 0 0 1641 5288; x_wconf 95' lang='lat' dir='ltr'> </span> 
     </span>
    </p>
   </div>
  </div>
 </body>
</html>
