<?xml version="1.0" encoding="UTF-8"?>
<!DOCTYPE html PUBLIC "-//W3C//DTD XHTML 1.0 Transitional//EN"
    "http://www.w3.org/TR/xhtml1/DTD/xhtml1-transitional.dtd">
<html xmlns="http://www.w3.org/1999/xhtml" xml:lang="en" lang="en">
 <head>
  <title>
</title>
<meta http-equiv="Content-Type" content="text/html;charset=utf-8" />
  <meta name='ocr-system' content='tesseract 3.04.00' />
  <meta name='ocr-capabilities' content='ocr_page ocr_carea ocr_par ocr_line ocrx_word'/>
</head>
<body>
  <div class='ocr_page' id='page_1' title='image "./actaetdiplomata00miklgoog_0443.png"; bbox 0 0 3240 5286; ppageno 0'>
   <div class='ocr_carea' id='block_1_1' title="bbox 256 345 321 412">
    <p class='ocr_par' dir='ltr' id='par_1_1' title="bbox 256 345 321 412">
     <span class='ocr_line' id='line_1_1' title="bbox 256 345 321 412; baseline 0.031 -2"><span class='ocrx_word' id='word_1_1' title='bbox 256 345 321 412; x_wconf 77' lang='lat'>270</span> 
     </span>
    </p>
   </div>
   <div class='ocr_carea' id='block_1_2' title="bbox 256 541 1604 868">
    <p class='ocr_par' dir='ltr' id='par_1_2' title="bbox 256 541 1604 880">
     <span class='ocr_line' id='line_1_2' title="bbox 256 541 1604 626; baseline 0.001 -26"><span class='ocrx_word' id='word_1_2' title='bbox 256 543 506 622; x_wconf 74' lang='grc' dir='ltr'>περιεργαζομένης</span> <span class='ocrx_word' id='word_1_3' title='bbox 528 541 574 602; x_wconf 89' lang='grc' dir='ltr'>καί</span> <span class='ocrx_word' id='word_1_4' title='bbox 590 543 798 624; x_wconf 80' lang='grc' dir='ltr'>ἀπογραησύσης</span> <span class='ocrx_word' id='word_1_5' title='bbox 813 545 920 624; x_wconf 83' lang='grc' dir='ltr'>χειρός·</span> <span class='ocrx_word' id='word_1_6' title='bbox 944 543 1004 605; x_wconf 84' lang='grc' dir='ltr'>οὔτε</span> <span class='ocrx_word' id='word_1_7' title='bbox 1020 545 1073 626; x_wconf 91' lang='grc' dir='ltr'>γάρ</span> <span class='ocrx_word' id='word_1_8' title='bbox 1090 547 1182 626; x_wconf 81' lang='grc' dir='ltr'>ἕτερός</span> <span class='ocrx_word' id='word_1_9' title='bbox 1197 566 1236 617; x_wconf 92' lang='grc' dir='ltr'>τις</span> <span class='ocrx_word' id='word_1_10' title='bbox 1252 552 1306 606; x_wconf 86' lang='grc' dir='ltr'>τῶν</span> <span class='ocrx_word' id='word_1_11' title='bbox 1323 545 1448 606; x_wconf 79' lang='grc' dir='ltr'>ἀπόντων</span> <span class='ocrx_word' id='word_1_12' title='bbox 1467 545 1558 614; x_wconf 83' lang='grc' dir='ltr'>οῖιδεὶς</span> <span class='ocrx_word' id='word_1_13' title='bbox 1603 563 1604 572; x_wconf 67' lang='grc'>’</span> 
     </span>
     <span class='ocr_line' id='line_1_3' title="bbox 257 662 1604 760; baseline 0.002 -38"><span class='ocrx_word' id='word_1_14' title='bbox 257 662 422 741; x_wconf 76' lang='grc' dir='ltr'><strong>ἐπεγνωκὼς</strong></span> <span class='ocrx_word' id='word_1_15' title='bbox 445 664 519 724; x_wconf 82' lang='grc' dir='ltr'>ἔσται</span> <span class='ocrx_word' id='word_1_16' title='bbox 541 663 588 724; x_wconf 90' lang='grc' dir='ltr'>καί</span> <span class='ocrx_word' id='word_1_17' title='bbox 610 663 716 745; x_wconf 79' lang='grc' dir='ltr'>πράξας</span> <span class='ocrx_word' id='word_1_18' title='bbox 739 662 770 738; x_wconf 85' lang='grc' dir='ltr'>ἐξ</span> <span class='ocrx_word' id='word_1_19' title='bbox 793 665 917 738; x_wconf 81' lang='grc' dir='ltr'>ἐναντίας</span> <span class='ocrx_word' id='word_1_20' title='bbox 939 672 992 726; x_wconf 87' lang='grc' dir='ltr'>τῶν</span> <span class='ocrx_word' id='word_1_21' title='bbox 1015 671 1060 726; x_wconf 88' lang='grc' dir='ltr'>νῦν</span> <span class='ocrx_word' id='word_1_22' title='bbox 1082 668 1147 742; x_wconf 80' lang='grc' dir='ltr'>ἡμῖν</span> <span class='ocrx_word' id='word_1_23' title='bbox 1164 665 1346 746; x_wconf 76' lang='grc' dir='ltr'>ἐγνωσμένων</span> <span class='ocrx_word' id='word_1_24' title='bbox 1362 668 1450 747; x_wconf 82' lang='grc' dir='ltr'>ούδέν,</span> <span class='ocrx_word' id='word_1_25' title='bbox 1480 667 1559 726; x_wconf 84' lang='grc' dir='ltr'>ἀλλά</span> <span class='ocrx_word' id='word_1_26' title='bbox 1603 685 1604 760; x_wconf 42' lang='grc' dir='ltr'>γ</span> 
     </span>
     <span class='ocr_line' id='line_1_4' title="bbox 256 783 1559 868; baseline 0.003 -24"><span class='ocrx_word' id='word_1_27' title='bbox 256 783 303 844; x_wconf 87' lang='grc' dir='ltr'>καί</span> <span class='ocrx_word' id='word_1_28' title='bbox 325 785 488 866; x_wconf 73' lang='grc' dir='ltr'>ἀπογράφων</span> <span class='ocrx_word' id='word_1_29' title='bbox 510 791 564 858; x_wconf 84' lang='grc' dir='ltr'>πᾶς</span> <span class='ocrx_word' id='word_1_30' title='bbox 587 786 640 846; x_wconf 86' lang='grc' dir='ltr'>ἀπό</span> <span class='ocrx_word' id='word_1_31' title='bbox 663 788 799 868; x_wconf 72' lang='grc' dir='ltr'>μακρόθεν</span> <span class='ocrx_word' id='word_1_32' title='bbox 823 790 958 868; x_wconf 79' lang='grc' dir='ltr'>στήσεται,</span> <span class='ocrx_word' id='word_1_33' title='bbox 981 786 1028 848; x_wconf 87' lang='grc' dir='ltr'>καί</span> <span class='ocrx_word' id='word_1_34' title='bbox 1050 789 1100 848; x_wconf 86' lang='grc' dir='ltr'>οθκ</span> <span class='ocrx_word' id='word_1_35' title='bbox 1122 789 1211 868; x_wconf 89' lang='grc' dir='ltr'>ἐγγιεῖ</span> <span class='ocrx_word' id='word_1_36' title='bbox 1225 787 1409 864; x_wconf 80' lang='grc' dir='ltr'>ούδ’ἐπιμίξει</span> <span class='ocrx_word' id='word_1_37' title='bbox 1423 793 1485 860; x_wconf 89' lang='grc' dir='ltr'>τοῖς</span> <span class='ocrx_word' id='word_1_38' title='bbox 1501 809 1559 848; x_wconf 85' lang='grc' dir='ltr'>τοι·</span> 
     </span>
    </p>
   </div>
   <div class='ocr_carea' id='block_1_3' title="bbox 257 907 1560 992">
    <p class='ocr_par' dir='ltr' id='par_1_3' title="bbox 257 901 1604 1004">
     <span class='ocr_line' id='line_1_5' title="bbox 257 907 1560 992; baseline 0.001 -24"><span class='ocrx_word' id='word_1_39' title='bbox 257 907 353 988; x_wconf 84' lang='grc' dir='ltr'>ούισις,</span> <span class='ocrx_word' id='word_1_40' title='bbox 376 911 568 989; x_wconf 82' lang='grc' dir='ltr'>παρεγχειρεῖν</span> <span class='ocrx_word' id='word_1_41' title='bbox 590 910 701 985; x_wconf 81' lang='grc' dir='ltr'>τολμῶν</span> <span class='ocrx_word' id='word_1_42' title='bbox 724 908 771 970; x_wconf 89' lang='grc' dir='ltr'>καί</span> <span class='ocrx_word' id='word_1_43' title='bbox 793 912 951 984; x_wconf 89' lang='grc' dir='ltr'>ύποτέμνειν</span> <span class='ocrx_word' id='word_1_44' title='bbox 972 910 1020 970; x_wconf 88' lang='grc' dir='ltr'>καὶ</span> <span class='ocrx_word' id='word_1_45' title='bbox 1035 911 1185 991; x_wconf 74' lang='grc' dir='ltr'>παραλύειν</span> <span class='ocrx_word' id='word_1_46' title='bbox 1200 911 1247 972; x_wconf 81' lang='grc' dir='ltr'>καὶ</span> <span class='ocrx_word' id='word_1_47' title='bbox 1263 912 1434 992; x_wconf 83' lang='grc' dir='ltr'>ἀλλοτριοῦν,</span> <span class='ocrx_word' id='word_1_48' title='bbox 1459 911 1560 971; x_wconf 68' lang='grc' dir='ltr'>εῖτετῖΙ</span> 
     </span>
    </p>
   </div>
   <div class='ocr_carea' id='block_1_4' title="bbox 254 1019 1604 3410">
    <p class='ocr_par' dir='ltr' id='par_1_4' title="bbox 254 1019 1604 3190">
     <span class='ocr_line' id='line_1_6' title="bbox 255 1019 1561 1114; baseline 0 -24"><span class='ocrx_word' id='word_1_49' title='bbox 255 1035 309 1090; x_wconf 85' lang='grc' dir='ltr'>τῶν</span> <span class='ocrx_word' id='word_1_50' title='bbox 332 1028 364 1102; x_wconf 81' lang='grc' dir='ltr'>ἐξ</span> <span class='ocrx_word' id='word_1_51' title='bbox 386 1031 474 1111; x_wconf 69' lang='grc' dir='ltr'>ἀρχῆς</span> <span class='ocrx_word' id='word_1_52' title='bbox 496 1029 542 1091; x_wconf 85' lang='grc' dir='ltr'>καὶ</span> <span class='ocrx_word' id='word_1_53' title='bbox 565 1033 648 1110; x_wconf 84' lang='grc' dir='ltr'>μέχρι</span> <span class='ocrx_word' id='word_1_54' title='bbox 669 1035 715 1092; x_wconf 89' lang='grc' dir='ltr'>τοῦ</span> <span class='ocrx_word' id='word_1_55' title='bbox 737 1036 781 1092; x_wconf 84' lang='grc' dir='ltr'>νῦν</span> <span class='ocrx_word' id='word_1_56' title='bbox 804 1019 983 1112; x_wconf 79' lang='grc' dir='ltr'>ἡρμοσμένων</span> <span class='ocrx_word' id='word_1_57' title='bbox 1007 1032 1061 1093; x_wconf 88' lang='grc' dir='ltr'>είτε</span> <span class='ocrx_word' id='word_1_58' title='bbox 1084 1039 1136 1093; x_wconf 85' lang='grc' dir='ltr'>τῶν</span> <span class='ocrx_word' id='word_1_59' title='bbox 1161 1035 1190 1106; x_wconf 90' lang='grc' dir='ltr'>ἐς</span> <span class='ocrx_word' id='word_1_60' title='bbox 1212 1035 1321 1114; x_wconf 71' lang='grc' dir='ltr'>ὕστερον</span> <span class='ocrx_word' id='word_1_61' title='bbox 1342 1035 1497 1109; x_wconf 77' lang='grc' dir='ltr'>ἀμεινόνων</span> <span class='ocrx_word' id='word_1_62' title='bbox 1513 1032 1561 1092; x_wconf 76' lang='grc' dir='ltr'>καί</span> 
     </span>
     <span class='ocr_line' id='line_1_7' title="bbox 256 1153 1561 1231; baseline 0.001 -18"><span class='ocrx_word' id='word_1_63' title='bbox 256 1153 405 1228; x_wconf 80' lang='grc' dir='ltr'>βελτιόνων</span> <span class='ocrx_word' id='word_1_64' title='bbox 433 1174 467 1231; x_wconf 92' lang='grc' dir='ltr'>γε</span> <span class='ocrx_word' id='word_1_65' title='bbox 494 1155 710 1230; x_wconf 81' lang='grc' dir='ltr'>καθεστηκότων.</span> <span class='ocrx_word' id='word_1_66' title='bbox 750 1157 780 1215; x_wconf 90' lang='grc' dir='ltr'>ού</span> <span class='ocrx_word' id='word_1_67' title='bbox 803 1156 858 1230; x_wconf 84' lang='grc' dir='ltr'>μὴν</span> <span class='ocrx_word' id='word_1_68' title='bbox 881 1155 958 1216; x_wconf 88' lang='grc' dir='ltr'>ἀλλά</span> <span class='ocrx_word' id='word_1_69' title='bbox 981 1154 1029 1215; x_wconf 87' lang='grc' dir='ltr'>καί</span> <span class='ocrx_word' id='word_1_70' title='bbox 1051 1155 1151 1216; x_wconf 89' lang='grc' dir='ltr'>ἐσεῖται</span> <span class='ocrx_word' id='word_1_71' title='bbox 1174 1162 1258 1215; x_wconf 87' lang='grc' dir='ltr'>ταῦτα</span> <span class='ocrx_word' id='word_1_72' title='bbox 1277 1159 1446 1216; x_wconf 79' lang='grc' dir='ltr'>παντάπασιν</span> <span class='ocrx_word' id='word_1_73' title='bbox 1471 1157 1561 1226; x_wconf 79' lang='grc' dir='ltr'>εῦτως</span> 
     </span>
     <span class='ocr_line' id='line_1_8' title="bbox 257 1274 1604 1359; baseline 0.004 -25"><span class='ocrx_word' id='word_1_74' title='bbox 257 1275 357 1354; x_wconf 85' lang='grc' dir='ltr'>ἔχοντα</span> <span class='ocrx_word' id='word_1_75' title='bbox 378 1275 425 1336; x_wconf 83' lang='grc' dir='ltr'>καὶ</span> <span class='ocrx_word' id='word_1_76' title='bbox 447 1275 534 1354; x_wconf 85' lang='grc' dir='ltr'>μηδὲν</span> <span class='ocrx_word' id='word_1_77' title='bbox 556 1277 688 1337; x_wconf 87' lang='grc' dir='ltr'>ύπανέντα</span> <span class='ocrx_word' id='word_1_78' title='bbox 711 1278 782 1354; x_wconf 86' lang='grc' dir='ltr'>μηδὲ</span> <span class='ocrx_word' id='word_1_79' title='bbox 804 1281 1003 1359; x_wconf 88' lang='grc' dir='ltr'>περιτραπέντα</span> <span class='ocrx_word' id='word_1_80' title='bbox 1025 1278 1071 1340; x_wconf 89' lang='grc' dir='ltr'>καί</span> <span class='ocrx_word' id='word_1_81' title='bbox 1091 1279 1131 1353; x_wconf 90' lang='grc' dir='ltr'>είς</span> <span class='ocrx_word' id='word_1_82' title='bbox 1144 1274 1224 1356; x_wconf 78' lang='grc' dir='ltr'>ἧττον</span> <span class='ocrx_word' id='word_1_83' title='bbox 1240 1278 1423 1357; x_wconf 84' lang='grc' dir='ltr'>θλισθὴσαντα</span> <span class='ocrx_word' id='word_1_84' title='bbox 1437 1279 1488 1340; x_wconf 86' lang='grc' dir='ltr'>καῖ</span> <span class='ocrx_word' id='word_1_85' title='bbox 1507 1282 1559 1340; x_wconf 86' lang='grc' dir='ltr'>ύπ-</span> <span class='ocrx_word' id='word_1_86' title='bbox 1603 1335 1604 1340; x_wconf 73' lang='grc'>,</span> 
     </span>
     <span class='ocr_line' id='line_1_9' title="bbox 257 1391 1604 1484; baseline 0.001 -28"><span class='ocrx_word' id='word_1_87' title='bbox 257 1399 386 1476; x_wconf 83' lang='grc' dir='ltr'>αχθέντα,</span> <span class='ocrx_word' id='word_1_88' title='bbox 415 1397 480 1474; x_wconf 87' lang='grc' dir='ltr'>μηδ’</span> <span class='ocrx_word' id='word_1_89' title='bbox 494 1401 583 1472; x_wconf 85' lang='grc' dir='ltr'>αύτσῖς</span> <span class='ocrx_word' id='word_1_90' title='bbox 606 1391 646 1472; x_wconf 84' lang='grc' dir='ltr'>οἷς</span> <span class='ocrx_word' id='word_1_91' title='bbox 668 1402 701 1459; x_wconf 84' lang='grc' dir='ltr'>ἀν</span> <span class='ocrx_word' id='word_1_92' title='bbox 723 1398 769 1459; x_wconf 85' lang='grc' dir='ltr'>καί</span> <span class='ocrx_word' id='word_1_93' title='bbox 791 1399 868 1478; x_wconf 81' lang='grc' dir='ltr'>γνοίη</span> <span class='ocrx_word' id='word_1_94' title='bbox 891 1402 909 1476; x_wconf 81' lang='grc' dir='ltr'><strong>ἡ</strong></span> <span class='ocrx_word' id='word_1_95' title='bbox 932 1401 998 1476; x_wconf 82' lang='grc' dir='ltr'>αύτη</span> <span class='ocrx_word' id='word_1_96' title='bbox 1022 1421 1069 1476; x_wconf 90' lang='grc' dir='ltr'>μοι</span> <span class='ocrx_word' id='word_1_97' title='bbox 1090 1402 1269 1482; x_wconf 67' lang='grc' dir='ltr'>περιπόθητος</span> <span class='ocrx_word' id='word_1_98' title='bbox 1292 1403 1427 1480; x_wconf 85' lang='grc' dir='ltr'>αύγούστα</span> <span class='ocrx_word' id='word_1_99' title='bbox 1448 1423 1558 1484; x_wconf 87' lang='grc' dir='ltr'>πρυτα-</span> <span class='ocrx_word' id='word_1_100' title='bbox 1603 1445 1604 1458; x_wconf 64' lang='grc'>,</span> 
     </span>
     <span class='ocr_line' id='line_1_10' title="bbox 256 1516 1558 1606; baseline 0.006 -29"><span class='ocrx_word' id='word_1_101' title='bbox 256 1521 345 1579; x_wconf 83' lang='grc' dir='ltr'>νεῦσαι</span> <span class='ocrx_word' id='word_1_102' title='bbox 375 1519 422 1578; x_wconf 84' lang='grc' dir='ltr'>καί</span> <span class='ocrx_word' id='word_1_103' title='bbox 451 1522 540 1596; x_wconf 88' lang='grc' dir='ltr'>νεῖμαι</span> <span class='ocrx_word' id='word_1_104' title='bbox 570 1527 622 1580; x_wconf 84' lang='grc' dir='ltr'>τῶν</span> <span class='ocrx_word' id='word_1_105' title='bbox 654 1518 684 1594; x_wconf 82' lang='grc' dir='ltr'>ἐξ</span> <span class='ocrx_word' id='word_1_106' title='bbox 715 1521 782 1597; x_wconf 90' lang='grc' dir='ltr'>ἐμοῦ</span> <span class='ocrx_word' id='word_1_107' title='bbox 811 1516 858 1581; x_wconf 87' lang='grc' dir='ltr'>καί</span> <span class='ocrx_word' id='word_1_108' title='bbox 884 1523 982 1598; x_wconf 88' lang='grc' dir='ltr'>ταύτης</span> <span class='ocrx_word' id='word_1_109' title='bbox 1015 1521 1140 1598; x_wconf 85' lang='grc' dir='ltr'>δηλονότι</span> <span class='ocrx_word' id='word_1_110' title='bbox 1171 1525 1383 1602; x_wconf 83' lang='grc' dir='ltr'>γεγεννημένων</span> <span class='ocrx_word' id='word_1_111' title='bbox 1410 1529 1429 1600; x_wconf 76' lang='grc' dir='ltr'>ἢ</span> <span class='ocrx_word' id='word_1_112' title='bbox 1455 1529 1558 1606; x_wconf 77' lang='grc' dir='ltr'>τρόπον</span> 
     </span>
     <span class='ocr_line' id='line_1_11' title="bbox 257 1642 1558 1726; baseline 0.005 -25"><span class='ocrx_word' id='word_1_113' title='bbox 257 1644 347 1722; x_wconf 82' lang='grc' dir='ltr'>ἕτερον</span> <span class='ocrx_word' id='word_1_114' title='bbox 378 1642 407 1701; x_wconf 90' lang='grc' dir='ltr'>ἐν</span> <span class='ocrx_word' id='word_1_115' title='bbox 437 1643 519 1726; x_wconf 81' lang='grc' dir='ltr'>μοίρᾳ</span> <span class='ocrx_word' id='word_1_116' title='bbox 548 1643 651 1703; x_wconf 79' lang='grc' dir='ltr'>παίδων</span> <span class='ocrx_word' id='word_1_117' title='bbox 680 1645 745 1719; x_wconf 79' lang='grc' dir='ltr'>ἡμῖν</span> <span class='ocrx_word' id='word_1_118' title='bbox 774 1643 893 1724; x_wconf 86' lang='grc' dir='ltr'>γνησίως</span> <span class='ocrx_word' id='word_1_119' title='bbox 924 1644 1088 1725; x_wconf 71' lang='grc' dir='ltr'>ἀφιγμένων,</span> <span class='ocrx_word' id='word_1_120' title='bbox 1121 1645 1148 1704; x_wconf 82' lang='grc' dir='ltr'>οἳ</span> <span class='ocrx_word' id='word_1_121' title='bbox 1176 1645 1210 1721; x_wconf 75' lang='grc' dir='ltr'>δὴ</span> <span class='ocrx_word' id='word_1_122' title='bbox 1242 1644 1289 1705; x_wconf 87' lang='grc' dir='ltr'>καί</span> <span class='ocrx_word' id='word_1_123' title='bbox 1313 1645 1387 1706; x_wconf 86' lang='grc' dir='ltr'>αύτοὶ</span> <span class='ocrx_word' id='word_1_124' title='bbox 1409 1645 1558 1720; x_wconf 68' lang='grc' dir='ltr'>καθέξουσι</span> 
     </span>
     <span class='ocr_line' id='line_1_12' title="bbox 256 1762 1558 1846; baseline 0.001 -21"><span class='ocrx_word' id='word_1_125' title='bbox 256 1766 433 1838; x_wconf 75' lang='grc' dir='ltr'>δεσπόζοντες</span> <span class='ocrx_word' id='word_1_126' title='bbox 462 1767 523 1825; x_wconf 85' lang='grc' dir='ltr'>κατ’</span> <span class='ocrx_word' id='word_1_127' title='bbox 535 1764 591 1826; x_wconf 87' lang='grc' dir='ltr'>ίσον</span> <span class='ocrx_word' id='word_1_128' title='bbox 621 1767 712 1846; x_wconf 76' lang='grc' dir='ltr'>ὥσπερ</span> <span class='ocrx_word' id='word_1_129' title='bbox 742 1762 817 1826; x_wconf 82' lang='grc' dir='ltr'>ἀλλο</span> <span class='ocrx_word' id='word_1_130' title='bbox 847 1765 871 1825; x_wconf 85' lang='grc' dir='ltr'>τί</span> <span class='ocrx_word' id='word_1_131' title='bbox 900 1771 996 1846; x_wconf 83' lang='grc' dir='ltr'>χρῆμα</span> <span class='ocrx_word' id='word_1_132' title='bbox 1025 1766 1079 1824; x_wconf 82' lang='grc' dir='ltr'>τῶν</span> <span class='ocrx_word' id='word_1_133' title='bbox 1106 1764 1180 1826; x_wconf 81' lang='grc' dir='ltr'>ἰδίων</span> <span class='ocrx_word' id='word_1_134' title='bbox 1210 1769 1293 1843; x_wconf 79' lang='grc' dir='ltr'>αύτῆς</span> <span class='ocrx_word' id='word_1_135' title='bbox 1323 1767 1439 1840; x_wconf 85' lang='grc' dir='ltr'>δικαίοις</span> <span class='ocrx_word' id='word_1_136' title='bbox 1471 1769 1558 1826; x_wconf 76' lang='grc' dir='ltr'>ἅπασι</span> 
     </span>
     <span class='ocr_line' id='line_1_13' title="bbox 254 1883 1604 1967; baseline 0.004 -20"><span class='ocrx_word' id='word_1_137' title='bbox 254 1886 302 1948; x_wconf 86' lang='grc' dir='ltr'>καὶ</span> <span class='ocrx_word' id='word_1_138' title='bbox 329 1892 413 1948; x_wconf 86' lang='grc' dir='ltr'>ταῦτα</span> <span class='ocrx_word' id='word_1_139' title='bbox 443 1885 474 1960; x_wconf 83' lang='grc' dir='ltr'>ἐξ</span> <span class='ocrx_word' id='word_1_140' title='bbox 504 1888 585 1964; x_wconf 79' lang='grc' dir='ltr'>αἰνιῆς</span> <span class='ocrx_word' id='word_1_141' title='bbox 615 1887 686 1948; x_wconf 87' lang='grc' dir='ltr'>κατά</span> <span class='ocrx_word' id='word_1_142' title='bbox 716 1887 822 1966; x_wconf 86' lang='grc' dir='ltr'>δωρεάν</span> <span class='ocrx_word' id='word_1_143' title='bbox 850 1884 897 1948; x_wconf 82' lang='grc' dir='ltr'>καί</span> <span class='ocrx_word' id='word_1_144' title='bbox 918 1890 1008 1967; x_wconf 81' lang='grc' dir='ltr'>χάριν,</span> <span class='ocrx_word' id='word_1_145' title='bbox 1040 1883 1063 1946; x_wconf 87' lang='grc' dir='ltr'>εἰ</span> <span class='ocrx_word' id='word_1_146' title='bbox 1093 1887 1125 1948; x_wconf 83' lang='grc' dir='ltr'>δὲ</span> <span class='ocrx_word' id='word_1_147' title='bbox 1148 1889 1242 1962; x_wconf 77' lang='grc' dir='ltr'>βούλει</span> <span class='ocrx_word' id='word_1_148' title='bbox 1271 1889 1376 1967; x_wconf 79' lang='grc' dir='ltr'>κλῆρον</span> <span class='ocrx_word' id='word_1_149' title='bbox 1399 1887 1486 1948; x_wconf 83' lang='grc' dir='ltr'>εἰπεῖν</span> <span class='ocrx_word' id='word_1_150' title='bbox 1512 1890 1557 1950; x_wconf 90' lang='grc' dir='ltr'>δί-</span> <span class='ocrx_word' id='word_1_151' title='bbox 1603 1945 1604 1952; x_wconf 72' lang='grc'>,</span> 
     </span>
     <span class='ocr_line' id='line_1_14' title="bbox 255 1991 1604 2090; baseline -0.001 -20"><span class='ocrx_word' id='word_1_152' title='bbox 255 2029 342 2089; x_wconf 87' lang='grc' dir='ltr'>καιον,</span> <span class='ocrx_word' id='word_1_153' title='bbox 376 2009 543 2090; x_wconf 88' lang='grc' dir='ltr'>θαρρούντως</span> <span class='ocrx_word' id='word_1_154' title='bbox 575 1991 725 2089; x_wconf 72' lang='grc' dir='ltr'>είληρότες.</span> <span class='ocrx_word' id='word_1_155' title='bbox 770 2011 800 2068; x_wconf 90' lang='grc' dir='ltr'>ού</span> <span class='ocrx_word' id='word_1_156' title='bbox 831 2011 884 2085; x_wconf 82' lang='grc' dir='ltr'>μὴν</span> <span class='ocrx_word' id='word_1_157' title='bbox 916 2009 994 2069; x_wconf 86' lang='grc' dir='ltr'>ἀλλά</span> <span class='ocrx_word' id='word_1_158' title='bbox 1023 2007 1069 2068; x_wconf 89' lang='grc' dir='ltr'>καὶ</span> <span class='ocrx_word' id='word_1_159' title='bbox 1100 2003 1172 2069; x_wconf 88' lang='grc' dir='ltr'>ούτοι</span> <span class='ocrx_word' id='word_1_160' title='bbox 1201 2011 1269 2090; x_wconf 81' lang='grc' dir='ltr'>πρός</span> <span class='ocrx_word' id='word_1_161' title='bbox 1299 2010 1361 2082; x_wconf 88' lang='grc' dir='ltr'>τούς</span> <span class='ocrx_word' id='word_1_162' title='bbox 1392 2007 1424 2083; x_wconf 77' lang='grc' dir='ltr'>ἐξ</span> <span class='ocrx_word' id='word_1_163' title='bbox 1455 2015 1555 2088; x_wconf 77' lang='grc' dir='ltr'>οάτῶν,</span> <span class='ocrx_word' id='word_1_164' title='bbox 1603 2033 1604 2088; x_wconf 73' lang='grc' dir='ltr'>γ</span> 
     </span>
     <span class='ocr_line' id='line_1_15' title="bbox 256 2129 1604 2216; baseline 0 -24"><span class='ocrx_word' id='word_1_165' title='bbox 256 2132 376 2192; x_wconf 89' lang='grc' dir='ltr'>κάκεῖνοι</span> <span class='ocrx_word' id='word_1_166' title='bbox 406 2133 474 2212; x_wconf 81' lang='grc' dir='ltr'>πρός</span> <span class='ocrx_word' id='word_1_167' title='bbox 503 2131 564 2205; x_wconf 87' lang='grc' dir='ltr'>τούς</span> <span class='ocrx_word' id='word_1_168' title='bbox 594 2129 769 2212; x_wconf 81' lang='grc' dir='ltr'>ἐξέκείνων,</span> <span class='ocrx_word' id='word_1_169' title='bbox 799 2129 846 2191; x_wconf 89' lang='grc' dir='ltr'>καὶ</span> <span class='ocrx_word' id='word_1_170' title='bbox 870 2130 894 2191; x_wconf 88' lang='grc' dir='ltr'>οῖ</span> <span class='ocrx_word' id='word_1_171' title='bbox 918 2129 1017 2211; x_wconf 78' lang='grc' dir='ltr'>ἐφεξῆς</span> <span class='ocrx_word' id='word_1_172' title='bbox 1038 2132 1106 2211; x_wconf 79' lang='grc' dir='ltr'>πρός</span> <span class='ocrx_word' id='word_1_173' title='bbox 1127 2131 1190 2204; x_wconf 87' lang='grc' dir='ltr'>τούς</span> <span class='ocrx_word' id='word_1_174' title='bbox 1212 2129 1332 2208; x_wconf 82' lang='grc' dir='ltr'>καθεξῆς</span> <span class='ocrx_word' id='word_1_175' title='bbox 1354 2153 1439 2209; x_wconf 81' lang='grc' dir='ltr'>σφισιν</span> <span class='ocrx_word' id='word_1_176' title='bbox 1463 2134 1557 2204; x_wconf 80' lang='grc' dir='ltr'>αὺτοῖς</span> <span class='ocrx_word' id='word_1_177' title='bbox 1603 2203 1604 2216; x_wconf 41' lang='grc'>,</span> 
     </span>
     <span class='ocr_line' id='line_1_16' title="bbox 257 2227 1555 2337; baseline 0.002 -25"><span class='ocrx_word' id='word_1_178' title='bbox 257 2251 296 2324; x_wconf 89' lang='grc' dir='ltr'>είς</span> <span class='ocrx_word' id='word_1_179' title='bbox 325 2255 449 2333; x_wconf 88' lang='grc' dir='ltr'>γέννησιν</span> <span class='ocrx_word' id='word_1_180' title='bbox 472 2252 569 2337; x_wconf 88' lang='grc' dir='ltr'>ίόντας,</span> <span class='ocrx_word' id='word_1_181' title='bbox 601 2253 670 2314; x_wconf 89' lang='grc' dir='ltr'>ούτω</span> <span class='ocrx_word' id='word_1_182' title='bbox 693 2253 727 2328; x_wconf 83' lang='grc' dir='ltr'>δὴ</span> <span class='ocrx_word' id='word_1_183' title='bbox 750 2251 797 2314; x_wconf 90' lang='grc' dir='ltr'>καὶ</span> <span class='ocrx_word' id='word_1_184' title='bbox 818 2252 889 2313; x_wconf 91' lang='grc' dir='ltr'>κατά</span> <span class='ocrx_word' id='word_1_185' title='bbox 904 2227 1041 2329; x_wconf 74' lang='grc' dir='ltr'>βούλησιν</span> <span class='ocrx_word' id='word_1_186' title='bbox 1063 2259 1152 2313; x_wconf 80' lang='grc' dir='ltr'>πᾶσαν</span> <span class='ocrx_word' id='word_1_187' title='bbox 1175 2249 1411 2330; x_wconf 89' lang='grc' dir='ltr'>ἀπονενεμηκότες</span> <span class='ocrx_word' id='word_1_188' title='bbox 1433 2255 1555 2334; x_wconf 81' lang='grc' dir='ltr'>κληρώ-</span> 
     </span>
     <span class='ocr_line' id='line_1_17' title="bbox 255 2373 1604 2457; baseline 0 -22"><span class='ocrx_word' id='word_1_189' title='bbox 255 2396 353 2454; x_wconf 89' lang='grc' dir='ltr'>σουσιν,</span> <span class='ocrx_word' id='word_1_190' title='bbox 377 2377 415 2449; x_wconf 83' lang='grc' dir='ltr'>ὡς</span> <span class='ocrx_word' id='word_1_191' title='bbox 438 2375 512 2436; x_wconf 85' lang='grc' dir='ltr'>αύτοί</span> <span class='ocrx_word' id='word_1_192' title='bbox 534 2377 631 2457; x_wconf 88' lang='grc' dir='ltr'>τρόπον</span> <span class='ocrx_word' id='word_1_193' title='bbox 654 2377 683 2434; x_wconf 86' lang='grc' dir='ltr'>όν</span> <span class='ocrx_word' id='word_1_194' title='bbox 707 2376 809 2455; x_wconf 84' lang='grc' dir='ltr'>έρημεν</span> <span class='ocrx_word' id='word_1_195' title='bbox 833 2375 894 2450; x_wconf 83' lang='grc' dir='ltr'>μεθ’</span> <span class='ocrx_word' id='word_1_196' title='bbox 908 2376 976 2435; x_wconf 89' lang='grc' dir='ltr'>ούτω</span> <span class='ocrx_word' id='word_1_197' title='bbox 1000 2373 1127 2454; x_wconf 87' lang='grc' dir='ltr'>μεγίστου</span> <span class='ocrx_word' id='word_1_198' title='bbox 1149 2374 1196 2435; x_wconf 88' lang='grc' dir='ltr'>καὶ</span> <span class='ocrx_word' id='word_1_199' title='bbox 1216 2376 1357 2455; x_wconf 74' lang='grc' dir='ltr'>κρατίστου</span> <span class='ocrx_word' id='word_1_200' title='bbox 1372 2378 1419 2435; x_wconf 88' lang='grc' dir='ltr'>τοῦ</span> <span class='ocrx_word' id='word_1_201' title='bbox 1435 2375 1555 2435; x_wconf 86' lang='grc' dir='ltr'>δικαιὼ-</span> <span class='ocrx_word' id='word_1_202' title='bbox 1603 2399 1604 2406; x_wconf 52' lang='grc'><strong>“</strong></span> 
     </span>
     <span class='ocr_line' id='line_1_18' title="bbox 256 2492 1556 2576; baseline -0.002 -18"><span class='ocrx_word' id='word_1_203' title='bbox 256 2519 342 2574; x_wconf 87' lang='grc' dir='ltr'>ματος</span> <span class='ocrx_word' id='word_1_204' title='bbox 375 2498 489 2576; x_wconf 82' lang='grc' dir='ltr'>ἔλαχον.</span> <span class='ocrx_word' id='word_1_205' title='bbox 533 2497 581 2556; x_wconf 90' lang='grc' dir='ltr'>καῖ</span> <span class='ocrx_word' id='word_1_206' title='bbox 614 2492 676 2556; x_wconf 84' lang='grc' dir='ltr'>οῖδα</span> <span class='ocrx_word' id='word_1_207' title='bbox 710 2497 769 2572; x_wconf 86' lang='grc' dir='ltr'>μέν,</span> <span class='ocrx_word' id='word_1_208' title='bbox 807 2499 846 2556; x_wconf 86' lang='grc' dir='ltr'>ότι</span> <span class='ocrx_word' id='word_1_209' title='bbox 880 2502 934 2557; x_wconf 87' lang='grc' dir='ltr'>ποῖν</span> <span class='ocrx_word' id='word_1_210' title='bbox 969 2498 1030 2556; x_wconf 89' lang='grc' dir='ltr'>όσον</span> <span class='ocrx_word' id='word_1_211' title='bbox 1067 2496 1122 2572; x_wconf 80' lang='grc' dir='ltr'>ἤδη</span> <span class='ocrx_word' id='word_1_212' title='bbox 1157 2494 1204 2556; x_wconf 86' lang='grc' dir='ltr'>καί</span> <span class='ocrx_word' id='word_1_213' title='bbox 1233 2498 1365 2557; x_wconf 87' lang='grc' dir='ltr'>λέλεκται</span> <span class='ocrx_word' id='word_1_214' title='bbox 1395 2495 1442 2556; x_wconf 88' lang='grc' dir='ltr'>καὶ</span> <span class='ocrx_word' id='word_1_215' title='bbox 1475 2499 1556 2573; x_wconf 77' lang='grc' dir='ltr'>Ιύμεῖς</span> 
     </span>
     <span class='ocr_line' id='line_1_19' title="bbox 254 2615 1554 2700; baseline -0.001 -21"><span class='ocrx_word' id='word_1_216' title='bbox 254 2615 485 2700; x_wconf 82' lang='grc' dir='ltr'>παρεγγυώμεθα,</span> <span class='ocrx_word' id='word_1_217' title='bbox 509 2617 612 2679; x_wconf 90' lang='grc' dir='ltr'>δίκαιον</span> <span class='ocrx_word' id='word_1_218' title='bbox 634 2621 665 2676; x_wconf 82' lang='grc' dir='ltr'>όν</span> <span class='ocrx_word' id='word_1_219' title='bbox 687 2619 788 2688; x_wconf 85' lang='grc' dir='ltr'>παντός</span> <span class='ocrx_word' id='word_1_220' title='bbox 812 2617 932 2696; x_wconf 85' lang='grc' dir='ltr'>μᾶλλον,</span> <span class='ocrx_word' id='word_1_221' title='bbox 955 2618 1013 2678; x_wconf 80' lang='grc' dir='ltr'>ούδ’</span> <span class='ocrx_word' id='word_1_222' title='bbox 1023 2618 1098 2692; x_wconf 85' lang='grc' dir='ltr'>ὑμῶν</span> <span class='ocrx_word' id='word_1_223' title='bbox 1120 2639 1160 2690; x_wconf 90' lang='grc' dir='ltr'>τις</span> <span class='ocrx_word' id='word_1_224' title='bbox 1182 2623 1235 2678; x_wconf 86' lang='grc' dir='ltr'>τῶν</span> <span class='ocrx_word' id='word_1_225' title='bbox 1252 2619 1313 2694; x_wconf 86' lang='grc' dir='ltr'>μεθ’</span> <span class='ocrx_word' id='word_1_226' title='bbox 1323 2620 1400 2692; x_wconf 73' lang='grc' dir='ltr'>ἡμᾶς</span> <span class='ocrx_word' id='word_1_227' title='bbox 1415 2619 1554 2692; x_wconf 89' lang='grc' dir='ltr'>βασιλευ-</span> 
     </span>
     <span class='ocr_line' id='line_1_20' title="bbox 256 2735 1555 2820; baseline 0 -18"><span class='ocrx_word' id='word_1_228' title='bbox 256 2743 355 2802; x_wconf 90' lang='grc' dir='ltr'>σόντων</span> <span class='ocrx_word' id='word_1_229' title='bbox 384 2743 543 2820; x_wconf 79' lang='grc' dir='ltr'>παρόψεται,</span> <span class='ocrx_word' id='word_1_230' title='bbox 575 2737 598 2799; x_wconf 90' lang='grc' dir='ltr'>εἰ</span> <span class='ocrx_word' id='word_1_231' title='bbox 627 2742 664 2815; x_wconf 80' lang='grc' dir='ltr'>μή</span> <span class='ocrx_word' id='word_1_232' title='bbox 694 2759 719 2800; x_wconf 89' lang='grc' dir='ltr'>τι</span> <span class='ocrx_word' id='word_1_233' title='bbox 749 2735 834 2820; x_wconf 88' lang='grc' dir='ltr'>ἀλλο,</span> <span class='ocrx_word' id='word_1_234' title='bbox 864 2739 926 2798; x_wconf 85' lang='grc' dir='ltr'>θεοῦ</span> <span class='ocrx_word' id='word_1_235' title='bbox 956 2741 1065 2814; x_wconf 88' lang='grc' dir='ltr'>νέμεσιν</span> <span class='ocrx_word' id='word_1_236' title='bbox 1095 2737 1201 2798; x_wconf 88' lang='grc' dir='ltr'>δικαίαν</span> <span class='ocrx_word' id='word_1_237' title='bbox 1224 2737 1271 2800; x_wconf 90' lang='grc' dir='ltr'>καὶ</span> <span class='ocrx_word' id='word_1_238' title='bbox 1293 2740 1479 2819; x_wconf 80' lang='grc' dir='ltr'>ἀγανάκτησιν</span> <span class='ocrx_word' id='word_1_239' title='bbox 1504 2743 1555 2801; x_wconf 83' lang='grc' dir='ltr'>θέ-</span> 
     </span>
     <span class='ocr_line' id='line_1_21' title="bbox 256 2857 1553 2944; baseline -0.002 -21"><span class='ocrx_word' id='word_1_240' title='bbox 256 2883 339 2940; x_wconf 88' lang='grc' dir='ltr'>μενος</span> <span class='ocrx_word' id='word_1_241' title='bbox 370 2862 402 2922; x_wconf 84' lang='grc' dir='ltr'>έν</span> <span class='ocrx_word' id='word_1_242' title='bbox 425 2861 512 2941; x_wconf 81' lang='grc' dir='ltr'>φόβῳ·</span> <span class='ocrx_word' id='word_1_243' title='bbox 548 2858 571 2920; x_wconf 91' lang='grc' dir='ltr'>εί</span> <span class='ocrx_word' id='word_1_244' title='bbox 595 2861 626 2920; x_wconf 86' lang='grc' dir='ltr'>δέ</span> <span class='ocrx_word' id='word_1_245' title='bbox 649 2881 689 2933; x_wconf 92' lang='grc' dir='ltr'>τις</span> <span class='ocrx_word' id='word_1_246' title='bbox 710 2857 757 2920; x_wconf 88' lang='grc' dir='ltr'>καί</span> <span class='ocrx_word' id='word_1_247' title='bbox 780 2860 927 2937; x_wconf 86' lang='grc' dir='ltr'>βουληθείη</span> <span class='ocrx_word' id='word_1_248' title='bbox 951 2859 1006 2940; x_wconf 80' lang='grc' dir='ltr'>(εἴη</span> <span class='ocrx_word' id='word_1_249' title='bbox 1031 2859 1061 2920; x_wconf 87' lang='grc' dir='ltr'>δέ</span> <span class='ocrx_word' id='word_1_250' title='bbox 1085 2857 1207 2944; x_wconf 86' lang='grc' dir='ltr'>μηδείς),</span> <span class='ocrx_word' id='word_1_251' title='bbox 1238 2861 1304 2921; x_wconf 85' lang='grc' dir='ltr'>ἀλλ’</span> <span class='ocrx_word' id='word_1_252' title='bbox 1314 2859 1359 2920; x_wconf 87' lang='grc' dir='ltr'>ούν</span> <span class='ocrx_word' id='word_1_253' title='bbox 1381 2861 1420 2940; x_wconf 80' lang='grc' dir='ltr'>τῷ</span> <span class='ocrx_word' id='word_1_254' title='bbox 1443 2861 1553 2938; x_wconf 86' lang='grc' dir='ltr'>βουλη-</span> 
     </span>
     <span class='ocr_line' id='line_1_22' title="bbox 255 2981 1553 3064; baseline 0.003 -20"><span class='ocrx_word' id='word_1_255' title='bbox 255 2987 326 3045; x_wconf 87' lang='grc' dir='ltr'>θέντι</span> <span class='ocrx_word' id='word_1_256' title='bbox 356 2981 404 3044; x_wconf 88' lang='grc' dir='ltr'>καί</span> <span class='ocrx_word' id='word_1_257' title='bbox 432 2985 513 3059; x_wconf 78' lang='grc' dir='ltr'>ἡμεῖς</span> <span class='ocrx_word' id='word_1_258' title='bbox 543 2981 634 3054; x_wconf 73' lang='grc' dir='ltr'>εύθύς.</span> <span class='ocrx_word' id='word_1_259' title='bbox 650 2981 817 3064; x_wconf 83' lang='grc' dir='ltr'>ἐπαρίιμεθα</span> <span class='ocrx_word' id='word_1_260' title='bbox 846 2982 910 3042; x_wconf 82' lang='grc' dir='ltr'>αύτό</span> <span class='ocrx_word' id='word_1_261' title='bbox 941 2981 974 3058; x_wconf 85' lang='grc' dir='ltr'>δὴ</span> <span class='ocrx_word' id='word_1_262' title='bbox 996 2985 1073 3042; x_wconf 88' lang='grc' dir='ltr'>τοῦτο</span> <span class='ocrx_word' id='word_1_263' title='bbox 1104 2985 1118 3041; x_wconf 86' lang='grc' dir='ltr'>ό</span> <span class='ocrx_word' id='word_1_264' title='bbox 1149 3003 1183 3060; x_wconf 89' lang='grc' dir='ltr'>γε</span> <span class='ocrx_word' id='word_1_265' title='bbox 1212 2985 1320 3054; x_wconf 80' lang='grc' dir='ltr'>πάντως</span> <span class='ocrx_word' id='word_1_266' title='bbox 1348 2982 1396 3043; x_wconf 91' lang='grc' dir='ltr'>καί</span> <span class='ocrx_word' id='word_1_267' title='bbox 1417 2983 1553 3048; x_wconf 86' lang='grc' dir='ltr'>πείσεται.</span> 
     </span>
     <span class='ocr_line' id='line_1_23' title="bbox 254 3102 990 3190; baseline 0.003 -24"><span class='ocrx_word' id='word_1_268' title='bbox 254 3105 393 3190; x_wconf 67' lang='grc' dir='ltr'>τίμησινί)</span> <span class='ocrx_word' id='word_1_269' title='bbox 416 3107 478 3165; x_wconf 83' lang='grc' dir='ltr'>θεοῦ</span> <span class='ocrx_word' id='word_1_270' title='bbox 502 3103 615 3176; x_wconf 88' lang='grc' dir='ltr'>ἐνδίκως</span> <span class='ocrx_word' id='word_1_271' title='bbox 638 3108 779 3180; x_wconf 83' lang='grc' dir='ltr'>μετιοῦσαν</span> <span class='ocrx_word' id='word_1_272' title='bbox 802 3104 849 3179; x_wconf 84' lang='grc' dir='ltr'>τὴν</span> <span class='ocrx_word' id='word_1_273' title='bbox 872 3102 990 3168; x_wconf 81' lang='grc' dir='ltr'>ἀδικίαν.</span> 
     </span>
    </p>

    <p class='ocr_par' dir='ltr' id='par_1_5' title="bbox 254 3231 1551 3410">
     <span class='ocr_line' id='line_1_24' title="bbox 360 3231 1551 3304; baseline -0.003 -16"><span class='ocrx_word' id='word_1_274' title='bbox 360 3235 447 3289; x_wconf 56' lang='lat' dir='ltr'>&amp;tat</span> <span class='ocrx_word' id='word_1_275' title='bbox 470 3235 499 3287; x_wconf 73' lang='grc' dir='ltr'>ιι</span> <span class='ocrx_word' id='word_1_276' title='bbox 522 3234 579 3288; x_wconf 63' lang='grc' dir='ltr'>σοι.</span> <span class='ocrx_word' id='word_1_277' title='bbox 604 3231 757 3288; x_wconf 53' lang='lat' dir='ltr'>Pansam</span> <span class='ocrx_word' id='word_1_278' title='bbox 773 3251 815 3304; x_wconf 63' lang='grc' dir='ltr'>φ.</span> <span class='ocrx_word' id='word_1_279' title='bbox 832 3233 883 3287; x_wconf 77' lang='grc' dir='ltr'>ω.</span> <span class='ocrx_word' id='word_1_280' title='bbox 907 3234 1001 3303; x_wconf 81' lang='lat'><strong><em>2106,</em></strong></span> <span class='ocrx_word' id='word_1_281' title='bbox 1023 3249 1055 3286; x_wconf 67' lang='lat' dir='ltr'><strong><em>a</em></strong></span> <span class='ocrx_word' id='word_1_282' title='bbox 1075 3249 1126 3302; x_wconf 74' lang='grc' dir='ltr'>ηω</span> <span class='ocrx_word' id='word_1_283' title='bbox 1146 3233 1230 3286; x_wconf 74' lang='lat' dir='ltr'><em>edidit</em></span> <span class='ocrx_word' id='word_1_284' title='bbox 1251 3233 1426 3302; x_wconf 70' lang='grc' dir='ltr'>ιιοωωαιη</span> <span class='ocrx_word' id='word_1_285' title='bbox 1451 3234 1551 3288; x_wconf 59' lang='grc' dir='ltr'>κηποι.</span> 
     </span>
     <span class='ocr_line' id='line_1_25' title="bbox 254 3337 1209 3410; baseline -0.004 -17"><span class='ocrx_word' id='word_1_286' title='bbox 254 3357 354 3410; x_wconf 66' lang='lat' dir='ltr'><strong><em>graeca</em></strong></span> <span class='ocrx_word' id='word_1_287' title='bbox 371 3339 411 3394; x_wconf 87' lang='grc' dir='ltr'>ΙΙ.</span> <span class='ocrx_word' id='word_1_288' title='bbox 424 3355 456 3408; x_wconf 84' lang='lat' dir='ltr'>p.</span> <span class='ocrx_word' id='word_1_289' title='bbox 476 3339 517 3392; x_wconf 82' lang='lat'>57</span> <span class='ocrx_word' id='word_1_290' title='bbox 532 3345 556 3392; x_wconf 80' lang='grc' dir='ltr'>σί</span> <span class='ocrx_word' id='word_1_291' title='bbox 572 3337 739 3407; x_wconf 75' lang='lat' dir='ltr'><strong><em>Zachariae,</em></strong></span> <span class='ocrx_word' id='word_1_292' title='bbox 756 3337 810 3392; x_wconf 71' lang='lat' dir='ltr'>Jue</span> <span class='ocrx_word' id='word_1_293' title='bbox 823 3353 1076 3410; x_wconf 64' lang='lat' dir='ltr'><strong><em>macco-romanum</em></strong></span> <span class='ocrx_word' id='word_1_294' title='bbox 1087 3355 1118 3407; x_wconf 82' lang='grc' dir='ltr'>ρι.</span> <span class='ocrx_word' id='word_1_295' title='bbox 1139 3337 1209 3390; x_wconf 82' lang='grc'><em>644.</em></span> 
     </span>
    </p>
   </div>
   <div class='ocr_carea' id='block_1_5' title="bbox 527 3621 1275 3706">
    <p class='ocr_par' dir='ltr' id='par_1_6' title="bbox 527 3621 1275 3706">
     <span class='ocr_line' id='line_1_26' title="bbox 527 3621 1275 3706; baseline -0.001 -19"><span class='ocrx_word' id='word_1_296' title='bbox 527 3621 570 3687; x_wconf 87' lang='grc' dir='ltr'>Χ.</span> <span class='ocrx_word' id='word_1_297' title='bbox 598 3621 823 3702; x_wconf 86' lang='grc'>6844-1336,</span> <span class='ocrx_word' id='word_1_298' title='bbox 846 3645 956 3688; x_wconf 81' lang='lat' dir='ltr'>mense</span> <span class='ocrx_word' id='word_1_299' title='bbox 979 3623 1103 3706; x_wconf 82' lang='lat' dir='ltr'><strong>martiO,</strong></span> <span class='ocrx_word' id='word_1_300' title='bbox 1127 3621 1192 3687; x_wconf 85' lang='lat' dir='ltr'><strong>ind.</strong></span> <span class='ocrx_word' id='word_1_301' title='bbox 1217 3621 1275 3687; x_wconf 90' lang='lat' dir='ltr'>IV.</span> 
     </span>
    </p>
   </div>
   <div class='ocr_carea' id='block_1_6' title="bbox 257 3779 1550 3852">
    <p class='ocr_par' dir='ltr' id='par_1_7' title="bbox 257 3779 1550 3852">
     <span class='ocr_line' id='line_1_27' title="bbox 257 3779 1550 3852; baseline 0 -17"><span class='ocrx_word' id='word_1_302' title='bbox 257 3782 410 3852; x_wconf 80' lang='lat' dir='ltr'><strong><em>Imperator</em></strong></span> <span class='ocrx_word' id='word_1_303' title='bbox 418 3780 589 3834; x_wconf 70' lang='lat' dir='ltr'><em>Andronicus</em></span> <span class='ocrx_word' id='word_1_304' title='bbox 595 3780 631 3834; x_wconf 91' lang='grc' dir='ltr'>ΙΙ</span> <span class='ocrx_word' id='word_1_305' title='bbox 630 3781 648 3833; x_wconf 93' lang='grc' dir='ltr'><strong><em>Ι</em></strong></span> <span class='ocrx_word' id='word_1_306' title='bbox 647 3823 653 3835; x_wconf 96' lang='grc'><strong><em>.</em></strong></span> <span class='ocrx_word' id='word_1_307' title='bbox 663 3779 988 3852; x_wconf 68' lang='grc' dir='ltr'>ουκρθαηιαίροεεεεοόοοιε</span> <span class='ocrx_word' id='word_1_308' title='bbox 996 3787 1021 3835; x_wconf 81' lang='grc' dir='ltr'>εί</span> <span class='ocrx_word' id='word_1_309' title='bbox 1029 3784 1205 3850; x_wconf 66' lang='grc' dir='ltr'>σεσημείωται</span> <span class='ocrx_word' id='word_1_310' title='bbox 1213 3781 1383 3850; x_wconf 62' lang='lat' dir='ltr'><em>episcopatus</em></span> <span class='ocrx_word' id='word_1_311' title='bbox 1393 3779 1550 3852; x_wconf 62' lang='grc' dir='ltr'>δίοποι-απ.</span> 
     </span>
    </p>
   </div>
   <div class='ocr_carea' id='block_1_7' title="bbox 254 3955 1551 4526">
    <p class='ocr_par' dir='ltr' id='par_1_8' title="bbox 254 3955 1551 4526">
     <span class='ocr_line' id='line_1_28' title="bbox 358 3955 1550 4036; baseline 0.001 -19"><span class='ocrx_word' id='word_1_312' title='bbox 358 3963 375 4034; x_wconf 87' lang='lat'><em>†</em></span> <span class='ocrx_word' id='word_1_313' title='bbox 398 3957 511 4032; x_wconf 81' lang='grc' dir='ltr'>Ἐπειδὴ</span> <span class='ocrx_word' id='word_1_314' title='bbox 534 3958 549 4016; x_wconf 91' lang='grc' dir='ltr'>ό</span> <span class='ocrx_word' id='word_1_315' title='bbox 569 3955 776 4036; x_wconf 76' lang='grc' dir='ltr'>θεοφιλέστατος</span> <span class='ocrx_word' id='word_1_316' title='bbox 793 3956 940 4029; x_wconf 84' lang='grc' dir='ltr'>ἐπίσκοπος</span> <span class='ocrx_word' id='word_1_317' title='bbox 954 3955 1001 4017; x_wconf 89' lang='grc' dir='ltr'>καὶ</span> <span class='ocrx_word' id='word_1_318' title='bbox 1016 3956 1042 4018; x_wconf 88' lang='grc' dir='ltr'>οί</span> <span class='ocrx_word' id='word_1_319' title='bbox 1057 3955 1185 4036; x_wconf 85' lang='grc' dir='ltr'>κληρικοῖ</span> <span class='ocrx_word' id='word_1_320' title='bbox 1200 3963 1250 4032; x_wconf 76' lang='grc' dir='ltr'>τῆς</span> <span class='ocrx_word' id='word_1_321' title='bbox 1265 3957 1420 4036; x_wconf 78' lang='grc' dir='ltr'>ἁγιωτάτης</span> <span class='ocrx_word' id='word_1_322' title='bbox 1436 3957 1550 4018; x_wconf 79' lang='grc' dir='ltr'>ἐπισκο-</span> 
     </span>
     <span class='ocr_line' id='line_1_29' title="bbox 254 4075 1551 4160; baseline -0.002 -20"><span class='ocrx_word' id='word_1_323' title='bbox 254 4087 309 4158; x_wconf 82' lang='grc' dir='ltr'>πῆς</span> <span class='ocrx_word' id='word_1_324' title='bbox 321 4081 435 4158; x_wconf 80' lang='grc' dir='ltr'>Σταγιῦν</span> <span class='ocrx_word' id='word_1_325' title='bbox 451 4079 590 4160; x_wconf 79' lang='grc' dir='ltr'>ἀνέφερον,</span> <span class='ocrx_word' id='word_1_326' title='bbox 607 4081 645 4138; x_wconf 87' lang='grc' dir='ltr'>ότι</span> <span class='ocrx_word' id='word_1_327' title='bbox 661 4079 806 4152; x_wconf 87' lang='grc' dir='ltr'>κέκτηνται</span> <span class='ocrx_word' id='word_1_328' title='bbox 822 4079 869 4138; x_wconf 91' lang='grc' dir='ltr'>δύο</span> <span class='ocrx_word' id='word_1_329' title='bbox 881 4078 1074 4158; x_wconf 88' lang='grc' dir='ltr'>χρυσόβουλλα</span> <span class='ocrx_word' id='word_1_330' title='bbox 1089 4083 1134 4138; x_wconf 86' lang='grc' dir='ltr'>τοῦ</span> <span class='ocrx_word' id='word_1_331' title='bbox 1146 4075 1279 4157; x_wconf 89' lang='grc' dir='ltr'>ἀοιδίμου,</span> <span class='ocrx_word' id='word_1_332' title='bbox 1297 4076 1456 4158; x_wconf 85' lang='grc' dir='ltr'>μακαρίτου,</span> <span class='ocrx_word' id='word_1_333' title='bbox 1474 4079 1551 4156; x_wconf 83' lang='grc' dir='ltr'>ἁγίου</span> 
     </span>
     <span class='ocr_line' id='line_1_30' title="bbox 256 4197 1550 4285; baseline 0 -25"><span class='ocrx_word' id='word_1_334' title='bbox 256 4203 382 4262; x_wconf 84' lang='grc' dir='ltr'>αύθέντου</span> <span class='ocrx_word' id='word_1_335' title='bbox 403 4199 450 4260; x_wconf 87' lang='grc' dir='ltr'>καὶ</span> <span class='ocrx_word' id='word_1_336' title='bbox 473 4200 620 4280; x_wconf 86' lang='grc' dir='ltr'>βασιλέως,</span> <span class='ocrx_word' id='word_1_337' title='bbox 648 4197 761 4284; x_wconf 65' lang='grc' dir='ltr'>κυρούθ)</span> <span class='ocrx_word' id='word_1_338' title='bbox 783 4201 938 4282; x_wconf 83' lang='grc' dir='ltr'>Νικηρόρου</span> <span class='ocrx_word' id='word_1_339' title='bbox 959 4205 1006 4262; x_wconf 88' lang='grc' dir='ltr'>τού</span> <span class='ocrx_word' id='word_1_340' title='bbox 1028 4197 1242 4285; x_wconf 67' lang='grc' dir='ltr'>Βοτανειάτουί)</span> <span class='ocrx_word' id='word_1_341' title='bbox 1263 4198 1309 4260; x_wconf 88' lang='grc' dir='ltr'>καί</span> <span class='ocrx_word' id='word_1_342' title='bbox 1333 4201 1425 4280; x_wconf 80' lang='grc' dir='ltr'>ἕτερον</span> <span class='ocrx_word' id='word_1_343' title='bbox 1447 4203 1550 4281; x_wconf 81' lang='grc' dir='ltr'>χρυσό-</span> 
     </span>
     <span class='ocr_line' id='line_1_31' title="bbox 256 4320 1550 4406; baseline -0.001 -23"><span class='ocrx_word' id='word_1_344' title='bbox 256 4321 376 4396; x_wconf 88' lang='grc' dir='ltr'>βουλλον</span> <span class='ocrx_word' id='word_1_345' title='bbox 398 4327 445 4382; x_wconf 91' lang='grc' dir='ltr'>τοῦ</span> <span class='ocrx_word' id='word_1_346' title='bbox 468 4321 592 4398; x_wconf 80' lang='grc' dir='ltr'>ἀοιδίμου</span> <span class='ocrx_word' id='word_1_347' title='bbox 616 4321 755 4396; x_wconf 86' lang='grc' dir='ltr'>βασιλέως</span> <span class='ocrx_word' id='word_1_348' title='bbox 771 4320 892 4396; x_wconf 80' lang='grc' dir='ltr'>Ἀλεξίου</span> <span class='ocrx_word' id='word_1_349' title='bbox 914 4327 960 4383; x_wconf 87' lang='grc' dir='ltr'>τοῦ</span> <span class='ocrx_word' id='word_1_350' title='bbox 985 4324 1137 4406; x_wconf 85' lang='grc' dir='ltr'>Κομνηνοῦ,</span> <span class='ocrx_word' id='word_1_351' title='bbox 1162 4323 1373 4404; x_wconf 81' lang='grc' dir='ltr'>δωρούμενατῇ</span> <span class='ocrx_word' id='word_1_352' title='bbox 1397 4321 1465 4404; x_wconf 76' lang='grc' dir='ltr'>αύτῇ</span> <span class='ocrx_word' id='word_1_353' title='bbox 1489 4323 1550 4382; x_wconf 79' lang='grc' dir='ltr'>ἐπι-</span> 
     </span>
     <span class='ocr_line' id='line_1_32' title="bbox 256 4443 1551 4526; baseline -0.002 -22"><span class='ocrx_word' id='word_1_354' title='bbox 256 4449 343 4526; x_wconf 80' lang='grc' dir='ltr'>σκοπῇ</span> <span class='ocrx_word' id='word_1_355' title='bbox 370 4445 515 4524; x_wconf 88' lang='grc' dir='ltr'>παροίκους</span> <span class='ocrx_word' id='word_1_356' title='bbox 543 4444 767 4520; x_wconf 70' lang='grc' dir='ltr'>ἐνυποοτοῖτουςύ)</span> <span class='ocrx_word' id='word_1_357' title='bbox 791 4445 861 4520; x_wconf 81' lang='grc' dir='ltr'>μετὰ</span> <span class='ocrx_word' id='word_1_358' title='bbox 883 4451 932 4520; x_wconf 82' lang='grc' dir='ltr'>τῆς</span> <span class='ocrx_word' id='word_1_359' title='bbox 954 4449 1007 4523; x_wconf 80' lang='grc' dir='ltr'>γῆς</span> <span class='ocrx_word' id='word_1_360' title='bbox 1031 4447 1126 4523; x_wconf 84' lang='grc' dir='ltr'>αύτῶν,</span> <span class='ocrx_word' id='word_1_361' title='bbox 1157 4447 1286 4524; x_wconf 78' lang='grc' dir='ltr'>ζευγάρια</span> <span class='ocrx_word' id='word_1_362' title='bbox 1309 4443 1378 4505; x_wconf 82' lang='grc' dir='ltr'>δέκα</span> <span class='ocrx_word' id='word_1_363' title='bbox 1401 4443 1482 4504; x_wconf 87' lang='grc' dir='ltr'>ἐννέα</span> <span class='ocrx_word' id='word_1_364' title='bbox 1503 4443 1551 4504; x_wconf 86' lang='grc' dir='ltr'>καί</span> 
     </span>
    </p>
   </div>
   <div class='ocr_carea' id='block_1_8' title="bbox 258 4601 464 4611">
    <p class='ocr_par' dir='ltr' id='par_1_9' title="bbox 258 4601 464 4611">
     <span class='ocr_line' id='line_1_33' title="bbox 258 4601 464 4611; baseline 0 -1"><span class='ocrx_word' id='word_1_365' title='bbox 258 4601 464 4611; x_wconf 55' lang='lat' dir='ltr'>”m</span> 
     </span>
    </p>
   </div>
   <div class='ocr_carea' id='block_1_9' title="bbox 361 4700 1546 4770">
    <p class='ocr_par' dir='ltr' id='par_1_10' title="bbox 361 4700 1546 4770">
     <span class='ocr_line' id='line_1_34' title="bbox 361 4700 1546 4770; baseline 0.001 -18"><span class='ocrx_word' id='word_1_366' title='bbox 361 4703 381 4769; x_wconf 84' lang='lat'>¹)</span> <span class='ocrx_word' id='word_1_367' title='bbox 394 4700 484 4767; x_wconf 87' lang='grc' dir='ltr'>κίνησιν</span> <span class='ocrx_word' id='word_1_368' title='bbox 494 4701 521 4752; x_wconf 83' lang='grc' dir='ltr'>Ζ.</span> <span class='ocrx_word' id='word_1_369' title='bbox 594 4703 615 4768; x_wconf 78' lang='lat'>²)</span> <span class='ocrx_word' id='word_1_370' title='bbox 625 4701 710 4770; x_wconf 86' lang='grc' dir='ltr'>κυρίου</span> <span class='ocrx_word' id='word_1_371' title='bbox 720 4703 753 4754; x_wconf 89' lang='grc' dir='ltr'>Η.</span> <span class='ocrx_word' id='word_1_372' title='bbox 826 4703 848 4770; x_wconf 88' lang='lat'>³)</span> <span class='ocrx_word' id='word_1_373' title='bbox 859 4701 1017 4753; x_wconf 82' lang='grc' dir='ltr'>Βοτανοιότου</span> <span class='ocrx_word' id='word_1_374' title='bbox 1027 4703 1061 4754; x_wconf 90' lang='grc' dir='ltr'>Η.</span> <span class='ocrx_word' id='word_1_375' title='bbox 1132 4705 1154 4770; x_wconf 74' lang='lat'>⁴)</span> <span class='ocrx_word' id='word_1_376' title='bbox 1165 4701 1341 4762; x_wconf 81' lang='grc' dir='ltr'>ἀνυποστάτους</span> <span class='ocrx_word' id='word_1_377' title='bbox 1352 4703 1424 4768; x_wconf 80' lang='lat' dir='ltr'>Orig.</span> <span class='ocrx_word' id='word_1_378' title='bbox 1438 4719 1503 4753; x_wconf 77' lang='lat' dir='ltr'><strong>corr.</strong></span> <span class='ocrx_word' id='word_1_379' title='bbox 1515 4705 1546 4753; x_wconf 86' lang='grc' dir='ltr'>Η.</span> 
     </span>
    </p>
   </div>
   <div class='ocr_carea' id='block_1_10' title="bbox 0 0 1624 5286">
    <p class='ocr_par' dir='ltr' id='par_1_11' title="bbox 0 0 1624 5286">
     <span class='ocr_line' id='line_1_35' title="bbox 0 0 1624 5286; baseline 0 0"><span class='ocrx_word' id='word_1_380' title='bbox 0 0 1624 5286; x_wconf 95' lang='lat' dir='ltr'> </span> 
     </span>
    </p>
   </div>
  </div>
 </body>
</html>
