3240 5286
1319 289 1382 354 283

77 478 133 536 λέα
156 483 208 553 τῆς
231 478 349 550 πίστεως
374 483 425 536 τῶν
447 480 616 558 Χριστιανῶν
638 480 758 560 ἔχοντες,
783 477 860 540 ἀλλὰ
879 484 982 554 πάντας
998 481 1156 562 διώκοντας,
1180 484 1256 570 ὅμως
1272 483 1383 564 ἐτήρουν

76 599 125 672 τήν
149 599 248 679 πίστιν,
271 597 318 659 καὶ
340 600 389 675 τήν
411 597 555 678 όρδόδοξον
578 600 729 678 ἐκκλησίαν
753 602 888 662 συνίστων.
920 601 966 662 καί
989 607 1067 662 τοῦτο
1087 603 1151 662 αὑτό
1173 602 1383 684 λαμπροτάτους

78 719 204 792 ἐκείνους
232 721 318 782 ἐποίει
344 720 392 781 καὶ
415 721 569 802 ἐπεδείκνυ,
600 724 640 782 δτι
663 724 692 782 ἐν
716 724 792 802 μέσῳ
814 729 868 783 τῶν
891 722 1017 784 ἀκανθῶν
1040 720 1174 800 ἀλήθειαν
1196 724 1314 798 πίστεως
1335 724 1382 786 καί

78 841 254 918 δικαιοσὺνην
284 843 406 922 ἐτήρουν,
452 841 499 902 καί
528 847 605 903 τοῦτο
637 843 780 924 διήρκεσεν
810 845 879 904 οὑτω
909 847 1052 923 γινόμενον
1084 845 1138 906 άπδ
1160 847 1277 926 Χριστοῦ
1299 847 1382 926 μέχρι

75 963 242 1042 τριακοσίων
272 963 340 1052 δέκα
371 971 425 1024 τῶν
456 967 574 1045 χρόνων,
604 965 726 1025 κάκεῖνοι
748 963 818 1043 ήοαν
842 967 956 1044 ἀληθείς
979 966 1099 1043 μαθηταί
1120 965 1167 1028 καὶ
1191 969 1315 1048 διάδοχοι
1336 975 1383 1030 τοῦ

77 1086 208 1165 Χριστοῦ,
233 1086 263 1145 ἐν
283 1083 322 1164 τῷ
344 1087 440 1166 κόσμῳ
464 1086 555 1165 θλίψιν
580 1088 692 1164 ἔχοντες
707 1086 754 1148 καὶ
770 1087 934 1168 δριωγμοὺς,
952 1089 1004 1149 καί
1024 1091 1182 1166 μισούμενοι
1197 1089 1247 1150 ὑτδ
1263 1093 1382 1170 πάντων,

77 1207 108 1266 οὑ
130 1205 260 1286 λαμπροὶ
283 1205 327 1268 ἐπὶ
351 1206 442 1288 δίφρου
464 1209 616 1284 καθήμενοι
638 1207 685 1268 καὶ
707 1185 931 1290 ἐπεντρυφῶντες,
959 1209 1078 1270 καὶτῶν
1097 1213 1293 1292 ταπεινοτέρων
1312 1233 1382 1274 κατ-

77 1330 257 1410 επαιρόμενοι
278 1328 325 1390 καί
348 1330 480 1410 ἄρχοντες
502 1329 549 1390 καὶ
573 1335 785 1410 στρατηγοῦντες
808 1331 854 1392 καί
876 1335 1080 1412 τυραννοῦντες·
1102 1337 1180 1394 τοῦτο
1203 1334 1258 1414 γὰρ
1282 1336 1384 1410 αὑτῆς

75 1449 262 1530 παραδόσεως
290 1454 337 1512 τοῦ
367 1452 492 1532 Χριστοῦ,
524 1448 660 1523 εἰπόντος·
695 1453 746 1534 ,ἐν
776 1451 815 1531 τῷ
840 1455 936 1533 κόσμῳ
967 1453 1058 1532 θλίψιν
1089 1454 1180 1536 ἔχετε,
1210 1455 1258 1516 καί
1289 1457 1383 1517 ἐοεσθε

77 1573 240 1647 μισοῦμενοι
269 1573 319 1632 ὑπδ
349 1574 457 1632 πάντων
488 1572 532 1632 διὰ
554 1575 585 1633 τδ
607 1573 695 1649 όνομά
718 1573 800 1650 μου“.
848 1572 873 1633 εί
905 1570 950 1634 οὑν
979 1575 1026 1636 καὶ
1055 1577 1137 1653 ἡμεῖς
1165 1579 1309 1656 πάσχομεν
1335 1576 1383 1639 καὶ

76 1695 220 1768 πενόμεθα
242 1691 344 1754 καὶτὰ
366 1693 444 1754 α’λλα
467 1695 642 1775 ὑφιστάμεθα,
674 1697 704 1756 οὑ
727 1695 831 1756 δίκαιόν
855 1696 935 1775 ἐστιν,
958 1695 1003 1756 ίνα
1025 1699 1168 1772 μισῶμεθα
1190 1697 1237 1758 καί
1261 1699 1382 1775 διαβαλ-

76 1813 197 1890 λῶμεθα
208 1815 229 1891 1)
251 1814 326 1895 παρὰ
351 1819 405 1875 τῶν
428 1814 481 1875 ἀπὸ
504 1817 619 1896 Χριστοῦ
642 1816 831 1891 καλουμένων.
869 1818 938 1898 πρδς
961 1816 1007 1878 οὑν
1029 1817 1054 1878 τί
1076 1823 1159 1878 ταῦτα
1181 1819 1319 1901 λέγομεν;
1344 1823 1382 1882 ότι

76 1937 94 2010 ἠ
118 1936 280 2014 ὑψηλοτάτη
308 1936 355 1996 καί
382 1936 562 2018 λαμπροτάτη
586 1937 711 1998 αὑθεντία
732 1943 786 1998 τῶν
807 1939 960 1999 Βενετίκων
981 1940 1016 1998 τά
1037 1939 1116 2000 ἄλλα
1138 1939 1252 2020 άρίστως
1274 1939 1321 2002 καὶ
1344 1943 1383 2014 ὡς

77 2057 128 2118 οὑκ
159 2059 193 2144 άν
222 2079 263 2130 τις
293 2057 362 2119 είποι
393 2059 530 2120 διοικοῦσα
558 2057 598 2130 εἰς
623 2063 701 2120 τοῦτο
731 2062 910 2140 συνυπάγεται
939 2064 1013 2142 παρά
1042 2081 1121 2121 τινων
1151 2059 1381 2144 Ῥωμαγενῶνί),

75 2184 131 2239 τῶν
155 2185 207 2256 τῆς
229 2177 340 2260 εἰρήνης
363 2181 480 2264 ἐχθρῶν,
503 2179 551 2241 καί
573 2180 682 2261 συγγνῷ
704 2202 735 2240 τε
757 2180 805 2242 καί
825 2183 934 2266 παρορᾷ
958 2183 1094 2262 διωγμοὺς
1115 2187 1190 2264 παρά
1209 2205 1288 2245 τινων
1303 2205 1381 2265 γινο-

78 2301 179 2376 μένους
204 2301 233 2360 ἐν
254 2304 312 2374 τοῖς
333 2303 435 2382 τόποις,
458 2293 499 2374 οίς
522 2298 645 2384 άρχεται,
670 2301 709 2375 είς
730 2303 792 2375 τοὺς
813 2304 954 2376 ταπεινοὺς
971 2303 1132 2379 Ῥωμαίους,
1156 2305 1214 2364 όοοι
1235 2311 1285 2382 τής
1307 2307 1381 2382 ήμε-
1403 2310 1406 2315 ’

76 2425 162 2503 τέρας
191 2427 292 2501 γενεάς
321 2421 368 2482 καί
397 2420 503 2497 τάξεώς
533 2422 607 2484 εἰσιν.
653 2422 700 2484 καί
730 2427 807 2485 τοῦτο
831 2423 871 2495 εἰς
892 2427 1078 2506 περιφρόνησιν
1100 2427 1180 2502 ἡμῶν
1203 2423 1251 2487 καὶ
1274 2427 1382 2504 ἀτιμίαν

76 2548 159 2621 ήμῶν
190 2543 340 2622 δεχόμεθα.
387 2543 432 2604 διὰ
460 2545 486 2604 τί
515 2545 569 2626 γὰρ
597 2547 689 2627 ἕτερον
720 2545 759 2618 εἰς
791 2545 884 2618 οιίτοὺς
915 2549 1025 2606 τοιαῦτα
1047 2549 1177 2627 ποιοῦσιν,
1208 2546 1294 2624 εἰμὴ
1317 2549 1384 2610 διότι

76 2675 128 2743 τῆς
157 2668 298 2747 ήμετέρας
325 2663 431 2740 τάξεώς
454 2665 529 2747 εἰσιν,
560 2665 607 2728 καὶ
634 2668 665 2727 τδ
691 2671 803 2749 πάτριον
826 2672 963 2748 τηροῦσινς
996 2671 1063 2750 όπερ
1086 2667 1148 2730 οὑτε
1170 2669 1274 2730 δίκαιον
1298 2671 1383 2752 όλως,

78 2787 141 2848 οὑτε
174 2789 322 2868 συμφέρον·
359 2789 445 2848 κακδν
475 2788 528 2868 γὰρ
557 2789 735 2868 παράδειγμα
762 2788 853 2850 δίδοτε
875 2791 932 2862 τοῖς
954 2785 1076 2871 ἄρχουσι.
1123 2792 1316 2872 μαρτυρόμεθα
1337 2793 1383 2852 τόν

78 2910 123 2971 ἐπὶ
146 2917 211 2970 πᾶσι
234 2912 306 2990 θεόν,
330 2912 368 2982 ῶς
390 2911 421 2971 οὑ
444 2909 480 2971 δι’
493 2911 581 2971 ἄλλον
603 2911 663 2972 τινὰ
684 2913 782 2993 τρόπον
804 2915 881 2972 τοῦτο
904 2913 1036 2994 λέγομεν,
1061 2912 1124 2974 οὑδὲ
1145 2913 1190 2974 διὰ
1206 2913 1316 2989 βλάβην
1331 2919 1382 2990 τῆς

77 3030 256 3108 ὑψηλοτάτης
285 3031 360 3107 ὑμῶν
388 3031 537 3105 αὑθεντίας.
585 3033 686 3112 άταγε,
715 3033 802 3106 ἵλεως
823 3035 889 3110 ήμῐν
912 3034 955 3110 είη
979 3036 994 3094 ό
1016 3036 1121 3116 κὺριος·
1153 3036 1241 3112 μηδὲν
1263 3039 1383 3096 τοιοῦτον

76 3155 144 3234 παρ’
156 3154 237 3228 ήμῶν
264 3153 282 3229 ή
305 3173 377 3226 τινος
400 3154 492 3235 ἐτέρου
514 3159 568 3214 τῶν
590 3155 733 3235 ἡμετέρων
756 3157 926 3236 Χριστιανῶν
948 3157 1068 3235 γένοιτοΙ
1101 3157 1236 3235 ἐέλομεν
1258 3157 1312 3238 γὰρ
1335 3156 1384 3218 καί

77 3277 162 3350 ἡμεῖς
192 3276 240 3350 τὴν
270 3276 404 3355 ὑμετέραν
427 3271 537 3350 αὔξησιν
560 3274 608 3335 καὶ
630 3276 762 3355 οὑστασιν,
793 3277 831 3348 ῶς
855 3277 889 3353 δὴ
911 3275 959 3338 καί
980 3278 1058 3353 ὑμεῖς
1081 3278 1205 3360 ἐθέλετε,
1235 3277 1382 3340 καὶτοῦτο

78 3397 231 3475 εὑχόμεθα.
277 3391 350 3456 οίδεν
381 3395 396 3456 ό
426 3397 489 3467 θεδς
511 3395 559 3456 καί
579 3399 681 3469 πάντες
703 3397 729 3458 οί
751 3399 874 3478 ἐνταῦθα,
905 3399 971 3474 όσην
994 3400 1155 3480 εὑφροοὺνην
1178 3401 1382 3480 ηθφράνθημεν,

79 3517 127 3578 καί
151 3520 192 3590 ὡς
214 3519 363 3598 πανήγυριν
387 3517 577 3594 ἐποιησάμεθα
592 3517 637 3578 διὰ
651 3519 700 3594 τὴν
716 3521 906 3598 γεγενημένην
923 3520 994 3596 μετὰ
1007 3526 1054 3581 τοῦ
1068 3520 1240 3600 ὑψηλοτάτου
1255 3523 1382 3583 αθθέντου

79 3639 202 3721 εἰρήνην,
234 3643 268 3716 ἢν
291 3638 338 3700 καὶ
361 3637 510 3721 στηρίξειεν
533 3641 548 3700 ό
570 3642 674 3721 κὺριος·
698 3641 880 3718 ἀπεκάμομεν
903 3643 957 3722 γάρ
979 3645 1041 3703 καθ’
1056 3645 1173 3720 ἑκάστην
1196 3645 1312 3725 δρῶντες
1334 3639 1383 3717 τόις

79 3763 134 3822 άπδ
149 3768 200 3838 τῆς
217 3763 311 3840 μάχης
330 3765 521 3841 γεγενημένας
538 3765 686 3842 συμφοράς,
709 3762 756 3822 καί
772 3765 909 3843 ἡμετέρας
925 3765 1024 3836 ταύτας
1031 3765 1055 3841 ³)
1070 3767 1222 3845 ἡγοίμεθα.
1246 3765 1324 3825 ἀλλὰ
1338 3770 1383 3826 νῦν

78 3891 129 3960 τῆς
151 3881 264 3964 εἰρήνης
288 3883 483 3961 ἐπιλαμψάσης
504 3884 638 3964 χαίρομεν
661 3883 708 3944 καί
731 3887 937 3965 εὑφραινόμεθα,
960 3888 1142 3962 παυσαμένων
1164 3893 1218 3946 τῶν
1234 3888 1320 3966 φόνων
1335 3885 1382 3946 καί

80 4012 233 4086 συμφορῶν.
280 4005 359 4066 ἀλλὰ
388 4010 471 4066 ταῦτα
503 4005 547 4066 διὰ
576 4008 607 4066 τό
637 4005 740 4066 δίκαιον
763 4008 886 4086 λέγομεν
909 4007 956 4066 καί
979 4009 1010 4067 τδ
1033 4009 1167 4088 εὑτρεπὲς
1189 4007 1237 4068 καί
1258 4011 1289 4068 τδ
1312 4029 1381 4084 συμ-

81 4131 175 4208 φέρον·
210 4130 335 4208 κρείσσον
365 4128 418 4208 γάρ
448 4128 543 4208 άρχειν
572 4135 627 4188 τῶν
656 4128 783 4204 ὑπηκόων
815 4129 944 4202 ἑκουσίως
967 4127 1014 4189 καί
1042 4129 1190 4210 ἀβιάστως,
1222 4133 1240 4206 ή
1264 4130 1310 4212 βίᾳ
1336 4128 1384 4190 καὶ

80 4247 226 4329 τυραννίδι·
251 4251 303 4329 ,,τδ
319 4249 373 4330 γὰρ
389 4248 436 4332 βίᾳ
450 4251 665 4330 κρατοῦμενονίέ,
681 4250 745 4329 φησί
756 4272 795 4322 τις
811 4252 899 4330 σοφός,
918 4253 1087 4330 ,,στασιάζει,
1104 4257 1199 4331 καιροῦ
1214 4251 1381 4332 λαβόμενον,

80 4371 110 4429 ’τὺ
133 4369 164 4430 δέ
189 4370 322 4443 ἑκουσίως
344 4369 391 4430 καὶ
415 4371 561 4450 άβιάστως,
585 4371 627 4431 ἀεὶ
651 4371 860 4433 ἀστασίαστονίί.
890 4371 917 4431 εί
936 4393 995 4432 τινα
1017 4370 1063 4434 οὑν
1085 4375 1180 4453 χῶραν
1204 4374 1264 4451 έχει
1280 4374 1295 4432 ό
1309 4373 1383 4448 ήμέ-

185 4627 652 4697 1ψδιοιβαλῶμεθαιιιιιστ.ιειτισιιιὺ.’1“]ι.
711 4629 947 4699 ί)“Ρωμαιογινῶνθ
1004 4625 1380 4697 θεαίτηςιιιεστηειοεαάθίι.
