3246 5288
1316 363 1385 430 435

90 555 159 640 θεῷ,
182 557 261 643 mv)
285 557 476 636 καθ’ἑκάστην
498 560 608 636 πολλὴν
632 560 747 636 σπουδὴν
769 559 912 642 προτιθείςΙ
925 561 971 621 καὶ
994 564 1084 632 πόνοις
1106 564 1204 634 πόνους
1227 561 1276 621 οῦκ
1298 559 1387 622 ἐδίδου

88 683 173 742 ῦπνον
195 686 252 755 τοῖς
274 683 435 762 δφθαλμοῖς,
467 683 529 744 οῦδὲ
551 683 698 744 ἀνάπαυσιν
720 685 777 756 τοῖς
798 687 952 764 κροτάφοις,
982 686 1036 755 ἕως
1058 679 1089 744 σύ
1111 686 1174 744 θεοῦ
1197 687 1387 764 συνεργοῦντος

91 805 138 866 διὰ
165 811 218 866 τῶν
248 805 398 884 πρεσβειῶν
421 809 468 866 τοῦ
497 805 584 881 τιμίου
613 809 748 886 προφήτου
773 807 932 887 Προδρόμου
958 805 1005 866 καί
1028 807 1177 866 Βαπτιστού
1202 804 1249 866 καί
1279 806 1387 878 κέλλας

91 923 257 1006 ᾠκοδόμησε
288 933 427 1005 μοναχῶν,
457 925 505 988 καί
535 925 652 1006 μοναχοί
675 929 733 1004 μετ’
748 929 827 989 αότοῦ
848 929 1006 1012 ῄρετίσαντο
1036 931 1182 1008 κατοικεῖν,
1213 927 1259 988 καὶ
1282 928 1386 1010 ἀνδρῶν

92 1051 176 1124 αὑτὴν
200 1051 298 1128 ἀρετὴν
321 1053 467 1125 μετιόντων
490 1047 629 1123 ἀνέδειξεν
652 1049 816 1132 οἰκητήριον.
840 1049 874 1128 ἠν
897 1047 943 1112 οὖν
959 1051 1038 1123 αῦτθς
1061 1052 1166 1123 ἐκεῖνος
1188 1057 1242 1110 τῶν
1257 1056 1387 1128 μοναχῶν

94 1175 290 1252 προϊστάμενος
321 1171 367 1232 καί
397 1172 432 1232 δι’
445 1173 512 1232 όλου
533 1179 582 1248 τῆς
605 1173 692 1233 αιίτῶν
700 1171 726 1256 ²)
757 1174 891 1254 σωτηρίας
920 1172 1047 1254 φροντίδα
1075 1175 1244 1254 ποιούμενος,
1275 1174 1387 1252 τρέφων,

96 1296 207 1376 ἐνδύων,
232 1298 384 1372 ζωογονῶν,
408 1294 492 1369 λιμὴν
515 1291 673 1372 ἀναψύξεως
696 1293 742 1355 καί
758 1296 892 1376 σωτηρίας
905 1294 953 1356 καί
969 1292 1002 1355 τά
1016 1295 1105 1355 πάντα
1119 1297 1278 1373 γενόμενος.
1310 1291 1388 1354 ἀλλὰ

93 1417 219 1491 τοιαύτην
243 1415 349 1488 ἐκεῖνος
371 1418 576 1497 μετερχόμενος
597 1419 738 1478 πολιτείαν
761 1417 808 1478 καὶ
828 1419 913 1492 ούτως
929 1419 957 1478 ἐν
974 1417 1080 1498 Χριστῷ
1097 1420 1149 1490 ζῶν
1164 1417 1211 1478 καί
1226 1417 1388 1500 κρύπτεσθαι

93 1540 184 1598 θέλων
207 1539 257 1598 οῦκ
271 1538 402 1616 ἠνέσχετο
417 1539 507 1618 κύριος
524 1539 562 1612 είς
577 1541 659 1613 τέλος
673 1544 765 1600 τοῦτον
785 1540 936 1618 διαλαθεῖν,
960 1540 1052 1610 καθὼς
1066 1542 1097 1600 τό
1113 1541 1185 1600 θεῖόν
1197 1561 1263 1620 φησι
1278 1541 1387 1618 λόγιον·

94 1662 156 1742 ,μὴ
188 1661 316 1721 δύνασθαι
344 1661 424 1721 πόλιν
454 1661 546 1722 ἐπάνω
573 1661 652 1741 δρους
680 1665 810 1738 κειμένην
833 1661 994 1741 κρυβῆναιέί.
1042 1663 1117 1724 ἐνθεν
1139 1683 1180 1722 τοι
1202 1661 1248 1722 καὶ
1271 1664 1320 1722 ίιιτδ
1342 1667 1388 1722 τοῦ

94 1785 156 1843 τότε
180 1782 241 1854 τούς
262 1789 313 1858 τῆς
344 1781 495 1858 ἐκκλησίας
524 1782 620 1856 οἴακας
651 1783 809 1854 διιθύνοντος
831 1785 862 1843 τδ
883 1789 933 1858 τῆς
954 1791 1137 1861 πνευματικῆς
1164 1783 1302 1854 διακονίας
1325 1784 1388 1844 ἐνε-

94 1905 220 1986 χειρίσθη
242 1905 437 1985 λειτούργημα,
470 1907 540 1966 ῶοτε
562 1905 623 1976 τούς
645 1911 698 1964 τῶν
728 1905 875 1984 ἀνθρώπων
898 1905 1046 1982 λογισμούς
1075 1911 1263 1980 πνευματικῶς
1285 1904 1388 1965 ἀναδέ-

94 2029 194 2105 χεσθαι
215 2025 264 2086 καί
286 2027 388 2098 τούτοις
411 2025 550 2106 ἁρμοδίως
572 2025 620 2086 καί
641 2026 712 2086 κατὰ
733 2027 779 2085 τὀν
801 2031 850 2101 τῆς
872 2024 992 2106 ίατρείας
1014 2025 1100 2104 λόγον
1123 2026 1264 2102 ἐπιμελῶς
1286 2026 1389 2086 διδόναι

95 2149 130 2208 τά
152 2152 290 2228 φάρμακα.
322 2147 401 2208 ἀλλὰ
421 2153 505 2208 ταῦτα
527 2147 577 2223 μέν
599 2148 717 2228 ίιοτερον.
748 2148 852 2224 γονέων
876 2146 900 2206 δ’
915 2147 1007 2226 ἔγωγε
1027 2146 1176 2228 προαχθείς
1199 2147 1319 2222 εῦσεβῶν
1340 2149 1388 2206 καὶ

96 2271 226 2350 δρφανίαν
249 2270 338 2351 άωρον
361 2238 486 2352 ὑποστάς,
509 2271 524 2328 ό
545 2269 795 2350 προμνημονευθείς
818 2270 922 2340 ἐκεῖνος
944 2270 1017 2342 θεῖός
1036 2267 1120 2348 μουῧ)
1142 2268 1190 2330 καὶ
1210 2271 1298 2350 πατὴρ
1314 2267 1389 2330 οὔπω

96 2392 171 2468 διετῆ
194 2393 293 2473 χρόνον
316 2393 420 2472 φθάσας
442 2390 502 2469 μεθ’
517 2393 611 2452 έοσντοῦ
634 2391 856 2471 συμπαραλαβὼν
879 2396 968 2450 πάσαν
982 2399 1108 2473 προσῆγε
1130 2393 1275 2472 θεραπείαν
1290 2413 1389 2468 σωμα-

95 2517 172 2591 τικὴν
195 2514 243 2575 καί
265 2515 326 2590 μετ’
339 2513 499 2592 ἐπιμελείας
521 2515 675 2595 ἀνέτρεφεν,
698 2509 758 2574 είτα
773 2513 820 2574 καὶ
835 2515 865 2574 τδ
889 2517 1040 2593 μοναχικδν
1062 2513 1198 2593 ἀμφιέσας
1213 2519 1310 2592 σχῆμα
1325 2533 1389 2572 συν-

95 2643 149 2714 ῆκε
170 2641 247 2700 τοῦτο
270 2637 404 2712 διηνεκῶς
425 2635 541 2713 κοίτην
571 2638 725 2716 μοναχικήν
748 2637 872 2698 παιδείαν
901 2635 1131 2718 παιδοτριβεῖοθαι
1153 2633 1314 2716 προσέταξε,
1338 2639 1390 2695 κάν

96 2760 176 2831 αθτδς
199 2759 278 2821 οθδέν
298 2781 323 2820 τι
345 2765 394 2836 τῆς
409 2757 557 2839 ίσαγγέλου
578 2761 720 2834 πολιτείας
743 2761 847 2822 ἐκείνου
861 2780 892 2821 τε
907 2759 953 2821 καὶ
977 2759 1120 2838 διαγωγῆς
1141 2758 1278 2834 ἠδυνήθην
1302 2776 1390 2832 μεσα-

96 2881 204 2956 λαβεῖν.
250 2880 392 2961 συνδιῆγον
413 2887 553 2962 τοιγαροῦν
577 2881 648 2961 αύτῷ
670 2881 716 2942 καί
739 2882 778 2960 τῷ
801 2885 880 2944 αῦτοῦ
902 2883 982 2962 όχλῳ
1003 2881 1173 2962 παρήδρευον
1195 2879 1391 2954 παιδευόμενος

95 3004 160 3084 παρ’
177 3003 257 3064 αθτοῦ
285 3001 333 3064 καὶ
362 3003 497 3082 ἀγόμενος
526 3005 554 3064 ἐν
580 3025 610 3064 τε
637 3011 670 3088 τῇ
697 3010 751 3064 τῶν
780 3004 860 3086 ἱερῶν
889 3006 1058 3086 γραμμάτων
1089 3005 1187 3080 μυήσει
1212 3001 1259 3062 καί
1281 3007 1315 3084 τῆ
1337 3007 1390 3060 τῶν

96 3126 170 3202 ἠθῶν
194 3125 326 3207 εθκοσμίᾳ
346 3123 394 3184 καί
415 3131 448 3208 τῆ
471 3125 549 3208 ἄλλῃ
571 3129 735 3186 καταστάσει
757 3133 810 3186 τῶν
834 3133 974 3204 μοναχῶν.
1006 3124 1066 3187 ἐπεὶ
1081 3125 1113 3186 δέ
1127 3123 1175 3186 καί
1189 3124 1229 3196 είς
1245 3125 1390 3203 ἱερωσύνης

97 3249 241 3327 προήχθην
264 3247 380 3326 βαθμόν,
404 3247 442 3319 ιθς
464 3249 514 3307 οῦκ
537 3247 603 3326 ἔδει,
628 3245 674 3308 διδ
694 3249 726 3308 τό
748 3248 853 3325 ὑψηλόν
869 3243 1006 3334 μένιείναι
1020 3249 1050 3307 τό
1065 3252 1115 3323 τῆς
1138 3246 1277 3318 διακονίας
1291 3247 1391 3320 ταύτης

97 3369 286 3450 λειτούργημα
307 3367 355 3428 καὶ
377 3369 458 3444 μόλις
487 3371 591 3448 πρέπον
614 3369 713 3450 ἁγίοις,
744 3370 813 3430 όδέ
835 3371 969 3450 ἡμέτερος
992 3369 1051 3442 βίος
1072 3369 1253 3446 ἠμελημένος
1274 3366 1322 3427 καί
1344 3367 1392 3426 οῦκ

98 3486 186 3568 ἄξιος,
211 3485 271 3550 εἶτα
292 3488 339 3550 καί
358 3488 399 3563 είς
422 3490 595 3551 ἐπισκοπικδν
610 3489 729 3566 ἠξίωσεν
751 3490 844 3561 όθεδς
866 3492 1028 3570 ψηφισθῆναι
1051 3493 1154 3571 θρόνον.
1199 3491 1392 3570 όπρομνημο-

97 3610 202 3684 νευθεὶς
233 3611 337 3685 ἐκεῖνος
359 3613 431 3685 θεῖός
455 3633 506 3688 μου
528 3610 577 3674 καὶ
597 3613 686 3692 πατὴρ
708 3614 757 3674 οῦκ
777 3611 904 3692 ἠνείχετο
927 3613 983 3673 οὔδ’
996 3613 1132 3689 ἠβούλετο
1154 3616 1241 3692 τοῦτο,
1264 3611 1332 3672 ἀλλ’
1345 3609 1392 3670 έν-

98 3731 255 3815 σιατικδςέ)
278 3729 312 3811 ἠν
334 3735 399 3794 λίαν
421 3733 468 3796 καὶ
497 3735 548 3796 οῦκ
576 3733 727 3815 ἐνδόσιμος,
759 3733 900 3814 δεδοικώς,
929 3737 1028 3810 μήπως
1049 3736 1068 3812 ῆ
1089 3732 1152 3816 περὶ
1173 3734 1222 3811 τὴν
1245 3732 1393 3806 ἐπισκοπὴν

99 3856 134 3916 δι’
145 3857 214 3916 όλου
243 3853 348 3935 φροντὶς
378 3855 465 3937 ἀργὴν
487 3855 533 3918 καί
558 3858 693 3937 άπρακτον
716 3855 764 3932 τῆν
788 3856 858 3932 ἐμὴν
884 3859 985 3940 ποιήση
1011 3857 1165 3939 προαίρεσιν
1188 3853 1228 3928 είς
1249 3856 1280 3914 τδ
1302 3858 1392 3915 πάσαν

98 3979 225 4058 πρόνοιαν
256 3975 400 4056 έχεινκαί
431 3978 591 4053 ἐπιμέλειαν
614 3977 675 4060 περὶ
696 3979 745 4057 τήν
776 3981 870 4056 μονήν.
916 3976 1014 4054 ότιδὴ
1044 3981 1121 4038 τοῦτο
1150 3977 1284 4054 ἠβούλετο
1306 3977 1325 4050 ἡ
1347 3977 1394 4034 τοῦ

98 4101 229 4181 γέροντος
256 4098 387 4180 ἔνστασις,
418 4098 505 4175 δῆλον
533 4099 667 4162 ἐντεῦθεν·
700 4103 730 4162 οῦ
756 4102 811 4182 γάρ
837 4103 968 4182 πρότερον
993 4103 1027 4160 δν
1056 4095 1146 4182 staff)
1167 4105 1216 4176 τῆς
1244 4099 1394 4168 ἐνστάσεως

99 4220 146 4280 καὶ
169 4227 204 4302 τῆ
225 4226 278 4279 τῶν
302 4221 438 4281 ἑλκόντων
460 4223 535 4297 ἡμᾶς
558 4219 613 4295 ἔξω
635 4221 759 4302 θελήσει,
791 4225 891 4304 μέχρις
912 4225 945 4282 ἂν
967 4223 1110 4301 ύιτόοχεοιν
1138 4221 1274 4302 ἔγγραφον
1296 4218 1394 4294 λαβεῖν

100 4339 255 4423 παρ’ἠμῶν
277 4345 323 4404 τοῦ
345 4341 391 4402 καί
414 4343 515 4415 ζῶντος
538 4343 642 4405 ἐκείνου
657 4339 704 4406 καί
719 4348 749 4405 τό
771 4346 863 4427 χρείυν
885 4347 1129 4426 λειτουργήσαντος
1145 4345 1183 4420 μὴ
1206 4341 1330 4424 παριδεῖν
1344 4347 1394 4416 τῆς

101 4469 211 4560 μονῆς,Ι
228 4464 306 4524 ἀλλὰ
335 4464 468 4536 παντοίως
494 4467 664 4546 προνοεῖσθαι
686 4466 733 4526 καὶ
754 4469 953 4547 προσηκόντως.
999 4468 1067 4528 ούτω
1089 4469 1229 4546 τοιγαροῦν
1252 4470 1301 4540 τῆς
1323 4483 1394 4542 γρα-

101 4620 308 4631 -ᾁ--ι

208 4725 228 4792 ¹)
246 4719 285 4773 ίνα
303 4723 328 4775 S.
383 4724 403 4790 ²)
423 4721 514 4775 ἑαυτῶν
533 4724 557 4776 S.
613 4721 634 4789 ἐ)
652 4741 694 4792 μοι
712 4727 793 4777 otiam
811 4727 881 4777 infra
900 4727 925 4778 S.
979 4729 1000 4794 ⁴)
1021 4725 1140 4786 ἐντατικός
1160 4726 1186 4778 S.
1240 4727 1261 4790 ί)
1280 4721 1355 4774 roam
1370 4727 1396 4778 S.

1139 4829 1188 4882 28⁸
