3240 5286
1308 325 1371 392 303

66 525 82 594 ῆ
105 521 276 602 λαμβάνων,
300 520 323 582 εί
347 524 386 598 μή
410 521 457 584 δύο
480 529 611 602 μοναχῶν
634 520 730 603 χρείαν
754 519 800 582 καὶ
822 522 919 602 κριθῆς
942 521 1053 597 μοδίους
1076 523 1173 582 ἑκατόν
1188 523 1371 597 πεντήκοντα·

66 650 117 704 τῶν
140 645 200 724 γὰρ
232 646 440 724 περιττευόντων
464 644 534 720 μετὰ
556 643 605 715 τὰς
635 643 747 716 τυπικὰς
776 642 911 716 διαδόσεις
934 642 980 704 καὶ
1008 641 1128 724 ἐξόδους,
1158 643 1191 702 τό
1215 641 1264 718 μὲν
1287 643 1371 718 ήμίση

66 765 107 824 ἵνα
130 764 316 827 ότοστίθωνται
324 765 347 848 ¹)
371 764 411 837 εἰς
432 768 463 826 τό
486 770 531 826 τοῦ
552 765 771 846 πτωχοτροφείου
793 767 972 845 μοναστήριον
995 765 1030 826 δι’
1042 763 1196 844 ἀναγκαίας
1219 761 1315 842 αἰτίας,
1338 759 1372 824 τὰ

68 885 96 945 δὲ
127 887 220 948 λοιπὰ
249 887 431 964 διανέμωνται
453 890 509 960 τοῖς
532 889 561 948 ἐν
584 886 691 968 Χριστῷ
714 887 845 966 ἀδελφοῖς
869 907 921 962 μου
943 889 999 959 τοῖς
1022 887 1176 963 δεομένοις·
1207 884 1255 946 καὶ
1278 887 1371 946 ἔκτοτε

67 1003 137 1090 ᾖτό
167 1011 351 1089 μοναστήριον
374 1006 413 1087 τῷ
439 1008 649 1088 πτωχστροφείιρ
670 1029 723 1085 μου
750 1009 984 1088 συναπαγόμενοι·
1014 1009 1044 1068 τό
1067 1008 1120 1088 γὰρ
1143 1013 1192 1084 τῆς
1216 1007 1372 1068 Ῥαιδεστοῦ

68 1133 290 1211 πτωχοτροφεῖον
317 1132 504 1205 συνηνωμένον
526 1129 612 1208 τούτῳ
634 1127 704 1188 ἐστὶν
728 1129 762 1188 ἐκ
783 1135 832 1205 τῆς
853 1115 1085 1208 προηγησαμένης
1108 1134 1264 1210 συγγραφῆς
1287 1129 1371 1212 ἐντῆ

68 1253 183 1334 τοιαθτη
211 1271 263 1328 μου
294 1250 410 1334 διαταγῇ
440 1251 488 1312 καί
518 1251 676 1332 ἀμφοτέρων
699 1257 753 1312 τῶν
784 1251 891 1331 εῐιαγῶν
921 1251 1004 1312 οίκων
1025 1255 1072 1312 τοῦ
1094 1271 1125 1312 τε
1157 1251 1235 1324 ἐκτός
1257 1249 1372 1312 καὶτοῦ

70 1375 297 1455 σογκεκραμένου
319 1373 358 1452 τῷ
388 1372 570 1454 μοναστηρίῳ,
601 1373 645 1433 ἵνα
666 1373 802 1434 τελῶνται
823 1372 857 1434 τὰ
879 1373 981 1452 ψυχικόι
1003 1372 1075 1434 κατὰ
1096 1373 1126 1433 τό
1149 1372 1278 1446 ἀνενδεές
1298 1375 1373 1452 παρσί

69 1499 167 1554 τετοῦ
191 1496 402 1574 καθηγουμένου
424 1493 546 1556 καὶτῶν
569 1493 700 1574 μοναχῶν
723 1493 839 1556 καὶτοῦ
861 1495 932 1556 κατὰ
953 1496 1035 1572 γένος
1056 1496 1241 1576 προσήκοντός
1264 1516 1310 1571 μοι
1324 1493 1372 1554 καί

71 1623 118 1692 τῆς
146 1616 275 1698 ἐφορείας
305 1617 481 1697 λογιοθέντος
508 1613 584 1690 ἀξίου
612 1617 647 1677 δι’
661 1611 698 1678 ῶν
729 1615 880 1692 δεδήλωκα
911 1618 1026 1698 τρόπων.
1073 1617 1127 1688 ἕως
1150 1616 1181 1678 δὲ
1204 1617 1219 1676 ό
1242 1616 1298 1689 υἱός
1321 1637 1373 1694 μου

71 1744 150 1818 περιῇ
174 1737 222 1800 καὶ
245 1737 271 1800 οί
295 1739 329 1800 ἐκ
349 1745 399 1816 τῆς
422 1740 518 1819 όοφόος
541 1739 620 1800 αίποῖι
642 1739 813 1820 κληρονόμοι
833 1737 881 1798 καὶ
903 1735 1024 1814 καθεξῆς
1047 1736 1087 1812 είς
1109 1738 1270 1819 ἀπέραντον,
1294 1740 1373 1810 αὖτός

72 1858 194 1919 κάκεῖνοι
219 1862 404 1942 πρωτεύοντες
432 1861 537 1922 ἔσονται
564 1858 672 1921 πάντων
698 1858 746 1920 καί
772 1867 827 1920 τῶν
855 1863 977 1938 ψυχικῶν
999 1856 1121 1920 καὶτῶν
1144 1860 1251 1937 είιαγῶν
1279 1857 1371 1938 οίκων,

73 1979 118 2040 καὶ
138 1981 167 2042 σί
190 1981 308 2060 μοναχοὶ
331 1981 370 2064 τῷ
399 1983 499 2042 τούτων
529 1981 665 2058 θελήματι
695 1983 945 2060 ουνυπαχθήσονται
976 1980 1096 2054 εθοεβῶς
1120 1981 1210 2059 ἔχοντι
1232 1979 1279 2040 καί
1301 1981 1373 2041 κατὰ

73 2103 118 2174 εἠν
142 2099 264 2176 διάταξίν
288 2125 340 2179 μου
362 2103 558 2183 ρυθμιζομένῳ,
590 2102 668 2163 οὺδὲν
691 2103 723 2164 δὲ
745 2109 860 2184 πρᾶγμα
890 2101 953 2162 ουδὲ
984 2105 1164 2184 μοναστήριον
1186 2102 1302 2162 καλοῖτο
1324 2100 1372 2162 καὶ

75 2227 116 2282 νῦν
138 2225 170 2284 εδ
194 2225 451 2303 ἐγκατοικιζόμενον
473 2229 530 2297 τοῖς
553 2227 686 2303 μοναχοῖς
706 2226 790 2306 μέρος
810 2227 856 2286 τοῖι
877 2225 905 2284 ἐν
920 2231 953 2306 τῇ
970 2223 1057 2284 Πόλει
1071 2223 1289 2303 πτωχοτρσφείου
1304 2242 1370 2298 μου·

75 2345 102 2402 τό
126 2345 255 2426 μὲνγὰρ
283 2349 353 2406 ίίπαν
380 2353 429 2422 τῆς
457 2351 642 2428 προσαγωγῆς
668 2351 722 2406 τῶν
745 2366 775 2406 τε
797 2350 913 2421 κινητῶν
936 2344 983 2406 καί
1005 2345 1138 2422 ἀκινήτων
1167 2344 1207 2424 τῷ
1228 2343 1372 2426 παρ’ἐμοῦ

77 2469 194 2539 συστάντι
217 2467 427 2548 πτωχοτροφείῳ
451 2468 658 2547 ἐγκαθιέρωτοι,
685 2469 716 2528 τό
740 2467 764 2528 δ’
778 2467 854 2539 ἐντός
876 2471 923 2528 τοῦ
944 2471 994 2542 τῆς
1017 2467 1134 2538 Πόλεως
1155 2467 1372 2548 πτωχοτροφείου

77 2586 143 2646 τουτί
160 2592 341 2670 μοναστήριον
357 2589 400 2650 ὑπ’
410 2587 482 2668 οιίτῷ
499 2590 583 2670 ἔσται,
606 2586 653 2650 καί
668 2590 802 2666 λήψονται
818 2587 844 2648 οί
859 2585 978 2667 μοναχοὶ
994 2587 1099 2648 ἐκεῖθεν
1114 2587 1188 2670 παρὰ
1203 2593 1249 2650 τοῦ
1264 2589 1372 2670 κληρο-

77 2708 156 2782 νόμου
179 2731 231 2785 μου
253 2709 301 2772 καὶ
322 2711 514 2792 πτωχοτρόφου
536 2711 571 2770 τὰ
592 2711 770 2786 τετυπωμένα
792 2710 894 2782 τούτοις
914 2709 1008 2786 ἐτήσια
1028 2708 1075 2770 καί
1090 2711 1141 2770 όσα
1157 2711 1237 2790 ἕτερα
1251 2707 1373 2786 καθεξῆς

79 2827 204 2908 δηλῶσω,
235 2833 271 2892 τόι
299 2835 490 2914 πρέπονταιῆ
522 2838 660 2914 μοναχικῇ
683 2830 810 2913 πολιτείᾳ
833 2833 1045 2910 μετερχόμενοι·
1077 2831 1106 2890 έν
1129 2829 1208 2892 παντί
1231 2831 1262 2892 δὲ
1285 2829 1371 2912 καιρῷ

79 2952 121 3010 καὶ
149 2956 242 3034 χρόνῳ
264 2951 312 3014 καί
333 2955 407 3036 πόση
435 2953 566 3028 διαιτήοει
594 2952 640 3014 καὶ
668 2953 800 3028 διοικήσει
827 2951 964 3028 βούλομαι
991 2947 1060 3012 εἶναι
1087 2953 1121 3012 τὰ
1148 2957 1257 3012 τοιαῦτα
1285 2955 1370 3031 εὐαγῆ

78 3070 278 3162 [οἱκήματα]ῖ),
302 3077 333 3136 τό
354 3097 385 3136 τε
407 3077 624 3155 πτωχοτροφεῖον
647 3073 693 3134 καί
716 3077 746 3136 τό
769 3075 813 3134 ὑπ’
826 3075 889 3134 αὺτδ
912 3077 1102 3154 μοναυτήριον,
1126 3073 1310 3134 αθτοδὲσποτα
1324 3073 1371 3134 καὶ

80 3194 247 3270 αθοεξοίσια·
271 3197 318 3258 καί
339 3199 479 3278 περιόντος
501 3197 552 3272 μὲν
568 3197 621 3258 ἀπό
635 3203 685 3272 τῆς
700 3203 799 3275 γενεαῖς
815 3217 866 3272 μου
881 3201 927 3257 τοῦ
942 3198 990 3270 τήν
1007 3197 1129 3276 ἐφορείαν
1146 3198 1232 3256 αὐτῶν
1248 3197 1371 3276 ἔχοντος,

79 3315 120 3374 ἶνα
149 3318 303 3380 διοικῶνται
323 3319 387 3399 παρ’
400 3321 480 3378 αὐτοῦ
501 3317 548 3378 καί
570 3325 624 3378 τῶν
646 3319 776 3397 λογάδων
800 3324 941 3396 μοναχῶν,
972 3320 1010 3390 ῶς
1032 3318 1199 3398 προείρηται,
1229 3318 1316 3378 πλέον
1340 3317 1371 3378 δὲ

81 3435 169 3521 εἰπεῖν,
193 3439 241 3500 καί
262 3445 308 3500 ταῶ
331 3442 548 3521 καθηγουμένου,
575 3425 639 3500 όταν
662 3442 680 3515 ή
703 3447 753 3516 τῆς
774 3440 957 3519 ήγουμενείας
980 3439 1053 3521 ἀρχὴ
1076 3442 1171 3520 χῶραν
1193 3441 1276 3515 λάβοι
1298 3461 1371 3520 παρ-

81 3564 230 3639 ερχομένης
251 3567 300 3638 τῆς
324 3563 356 3622 ἐκ
378 3567 432 3622 τῶν
454 3565 600 3622 κατιόντων
624 3583 674 3637 μου
696 3568 795 3640 γενεᾶς
819 3563 936 3640 όπσίσης,
960 3563 998 3634 ῶς
1019 3561 1236 3643 προδιείληππαι.
1273 3561 1372 3644 ἀπορίᾳ

82 3678 110 3739 δὲ
129 3682 177 3742 καί
203 3681 305 3766 ἐρημίᾳ
327 3689 486 3763 συγγενικοῦ
509 3706 561 3760 μου
587 3685 771 3764 κληρονόμου,
801 3686 862 3744 τότε
885 3683 924 3764 τῷ
947 3684 1043 3764 δικαίῳ
1065 3690 1114 3760 τῆς
1137 3681 1372 3760 αδτεξουσιόπητος

81 3801 123 3861 καί
145 3803 339 3866 αίιτοδεσπότου
361 3805 511 3886 προνομίας
534 3805 687 3866 διοικῶνται
709 3809 798 3866 πάντα
820 3805 867 3866 καί
889 3807 1099 3886 καταρτίζωνται
1122 3805 1169 3866 καί
1192 3805 1371 3886 διεξάγωνται

82 3927 148 4003 πυροί
168 3947 200 3986 τε
221 3931 267 3987 τοῦ
289 3928 497 4005 καθηγουμένου
520 3925 567 3986 καί
589 3931 635 3987 τοῦ
657 3925 801 4004 οἰκονόμου
823 3948 875 4003 μου
897 3927 944 3987 καὶ
966 3932 1018 3986 τῶν
1034 3928 1137 3988 λοιπῶν
1153 3934 1285 4006 μοναχῶν
1300 3928 1371 3990 κατὰ

83 4045 124 4118 τῆν
145 4047 293 4128 περίληψιν
314 4051 361 4108 τοῦ
382 4052 493 4110 τυπικοϋ
516 4068 568 4124 μου
591 4049 737 4128 ἀνενδεῶς,
761 4055 814 4108 τῶν
837 4053 961 4128 ψυχικῶν
984 4045 1014 4121 ἐξ
1037 4050 1156 4122 ἅπαντος
1177 4051 1276 4130 τρόπου
1298 4048 1371 4126 μηδὲ

83 4169 147 4227 κατὰ
169 4169 258 4250 βραχὺ
279 4170 526 4250 καθυστεροόντων
551 4169 611 4232 οὔτε
633 4171 687 4251 γὰρ
710 4169 864 4246 βασιλικοῖς
887 4170 1010 4250 δικαίοις,
1033 4168 1093 4230 τότε
1115 4173 1329 4252 πατριαρχικοῖς,
1351 4174 1370 4244 ῆ

85 4287 205 4373 βασιλικῇ
234 4291 362 4376 σακέλλῃ
385 4295 402 4368 ῆ
425 4299 606 4374 πατριαρχικῇ
629 4295 646 4366 ῆ
671 4294 756 4372 ἑτέρῳ
778 4290 828 4352 τινί
852 4293 970 4373 οεκρέτῳ
992 4291 1116 4370 κοσμικῷ
1138 4312 1169 4352 τε
1190 4295 1209 4367 ῆ
1234 4291 1369 4369 ἐκκλησι-

85 4412 215 4493 αστικῷῆ
246 4415 455 4494 μητροπόλειῆ
486 4415 659 4498 έπισκοπῆή
690 4413 773 4494 ἄλλῳ
795 4413 844 4476 τινί
868 4420 920 4474 τῶν
951 4416 1074 4476 ἁπάντων
1104 4400 1316 4496 προσ-κυροῦσθαι
1339 4417 1368 4476 τό

180 4669 365 4738 1>οἰποτίθενται
383 4674 409 4725 S.
482 4673 503 4737 ²)
522 4673 720 4740 Supplevimus.
795 4694 799 4700 ’
