<?xml version="1.0" encoding="UTF-8"?>
<!DOCTYPE html PUBLIC "-//W3C//DTD XHTML 1.0 Transitional//EN"
    "http://www.w3.org/TR/xhtml1/DTD/xhtml1-transitional.dtd">
<html xmlns="http://www.w3.org/1999/xhtml" xml:lang="en" lang="en">
 <head>
  <title>
</title>
<meta http-equiv="Content-Type" content="text/html;charset=utf-8" />
  <meta name='ocr-system' content='tesseract 3.04.00' />
  <meta name='ocr-capabilities' content='ocr_page ocr_carea ocr_par ocr_line ocrx_word'/>
</head>
<body>
  <div class='ocr_page' id='page_1' title='image "./actaetdiplomata00miklgoog_0099.png"; bbox 0 0 3166 5298; ppageno 0'>
   <div class='ocr_carea' id='block_1_1' title="bbox 241 355 282 419">
    <p class='ocr_par' dir='ltr' id='par_1_1' title="bbox 241 355 282 419">
     <span class='ocr_line' id='line_1_1' title="bbox 241 355 282 419; baseline -0.024 0"><span class='ocrx_word' id='word_1_1' title='bbox 241 355 282 419; x_wconf 75' lang='lat'>78</span> 
     </span>
    </p>
   </div>
   <div class='ocr_carea' id='block_1_2' title="bbox 239 537 1532 1715">
    <p class='ocr_par' dir='ltr' id='par_1_2' title="bbox 239 537 1532 1715">
     <span class='ocr_line' id='line_1_2' title="bbox 242 537 1529 626; baseline -0.004 -18"><span class='ocrx_word' id='word_1_2' title='bbox 242 547 290 608; x_wconf 90' lang='grc' dir='ltr'>καὶ</span> <span class='ocrx_word' id='word_1_3' title='bbox 312 541 343 608; x_wconf 80' lang='grc' dir='ltr'>οὗ</span> <span class='ocrx_word' id='word_1_4' title='bbox 366 547 443 608; x_wconf 83' lang='grc' dir='ltr'>πάντ’</span> <span class='ocrx_word' id='word_1_5' title='bbox 452 547 543 626; x_wconf 82' lang='grc' dir='ltr'>ἔγωγε</span> <span class='ocrx_word' id='word_1_6' title='bbox 565 545 659 606; x_wconf 80' lang='grc' dir='ltr'>τᾶλλα</span> <span class='ocrx_word' id='word_1_7' title='bbox 682 543 711 606; x_wconf 79' lang='grc' dir='ltr'>εὖ</span> <span class='ocrx_word' id='word_1_8' title='bbox 734 546 814 622; x_wconf 85' lang='grc' dir='ltr'>μάλα</span> <span class='ocrx_word' id='word_1_9' title='bbox 834 547 971 626; x_wconf 90' lang='grc' dir='ltr'>πρόθυμος</span> <span class='ocrx_word' id='word_1_10' title='bbox 985 545 1115 626; x_wconf 87' lang='grc' dir='ltr'>πριαίμην</span> <span class='ocrx_word' id='word_1_11' title='bbox 1131 545 1175 626; x_wconf 79' lang='grc' dir='ltr'>ἄν,</span> <span class='ocrx_word' id='word_1_12' title='bbox 1199 545 1277 606; x_wconf 77' lang='grc' dir='ltr'>ἀλλὰ</span> <span class='ocrx_word' id='word_1_13' title='bbox 1292 545 1347 620; x_wconf 80' lang='grc' dir='ltr'>μὴν</span> <span class='ocrx_word' id='word_1_14' title='bbox 1362 544 1440 606; x_wconf 83' lang='grc' dir='ltr'>οῦδὲν</span> <span class='ocrx_word' id='word_1_15' title='bbox 1454 537 1529 620; x_wconf 76' lang='grc' dir='ltr'>ἧττον</span> 
     </span>
     <span class='ocr_line' id='line_1_3' title="bbox 239 665 1529 752; baseline -0.003 -22"><span class='ocrx_word' id='word_1_16' title='bbox 239 669 287 730; x_wconf 88' lang='grc' dir='ltr'>καὶ</span> <span class='ocrx_word' id='word_1_17' title='bbox 309 669 354 730; x_wconf 87' lang='grc' dir='ltr'>ἐπὶ</span> <span class='ocrx_word' id='word_1_18' title='bbox 375 675 429 730; x_wconf 88' lang='grc' dir='ltr'>τῶν</span> <span class='ocrx_word' id='word_1_19' title='bbox 452 667 508 752; x_wconf 83' lang='grc' dir='ltr'>ίδίᾳ</span> <span class='ocrx_word' id='word_1_20' title='bbox 529 668 721 748; x_wconf 81' lang='grc' dir='ltr'>προσηκόντων</span> <span class='ocrx_word' id='word_1_21' title='bbox 742 667 831 745; x_wconf 83' lang='grc' dir='ltr'>ἔμοιγ’</span> <span class='ocrx_word' id='word_1_22' title='bbox 841 667 912 748; x_wconf 79' lang='grc' dir='ltr'>αὐτῷ</span> <span class='ocrx_word' id='word_1_23' title='bbox 928 669 1014 747; x_wconf 86' lang='grc' dir='ltr'>μόνῳ,</span> <span class='ocrx_word' id='word_1_24' title='bbox 1036 665 1084 726; x_wconf 85' lang='grc' dir='ltr'>καί</span> <span class='ocrx_word' id='word_1_25' title='bbox 1098 669 1152 742; x_wconf 80' lang='grc' dir='ltr'>ὅπη</span> <span class='ocrx_word' id='word_1_26' title='bbox 1168 667 1207 742; x_wconf 82' lang='grc' dir='ltr'>μὴ</span> <span class='ocrx_word' id='word_1_27' title='bbox 1222 665 1269 726; x_wconf 91' lang='grc' dir='ltr'>καί</span> <span class='ocrx_word' id='word_1_28' title='bbox 1284 667 1318 726; x_wconf 81' lang='grc' dir='ltr'>τὰ</span> <span class='ocrx_word' id='word_1_29' title='bbox 1332 666 1411 728; x_wconf 87' lang='grc' dir='ltr'>κοινόι</span> <span class='ocrx_word' id='word_1_30' title='bbox 1425 686 1529 726; x_wconf 89' lang='grc' dir='ltr'>συνεισ-</span> 
     </span>
     <span class='ocr_line' id='line_1_4' title="bbox 241 785 1531 870; baseline -0.003 -20"><span class='ocrx_word' id='word_1_31' title='bbox 241 793 352 870; x_wconf 87' lang='grc' dir='ltr'>άγεται·</span> <span class='ocrx_word' id='word_1_32' title='bbox 375 787 421 850; x_wconf 88' lang='grc' dir='ltr'>καί</span> <span class='ocrx_word' id='word_1_33' title='bbox 443 789 529 850; x_wconf 81' lang='grc' dir='ltr'><strong>τοίνυν</strong></span> <span class='ocrx_word' id='word_1_34' title='bbox 552 786 575 848; x_wconf 86' lang='grc' dir='ltr'>εί</span> <span class='ocrx_word' id='word_1_35' title='bbox 598 787 669 848; x_wconf 83' lang='grc' dir='ltr'>κατὰ</span> <span class='ocrx_word' id='word_1_36' title='bbox 690 787 752 860; x_wconf 80' lang='grc' dir='ltr'>τοῦς</span> <span class='ocrx_word' id='word_1_37' title='bbox 775 787 876 866; x_wconf 96' lang='grc' dir='ltr'>λόγους</span> <span class='ocrx_word' id='word_1_38' title='bbox 897 785 992 858; x_wconf 86' lang='grc' dir='ltr'>τοῦςδε</span> <span class='ocrx_word' id='word_1_39' title='bbox 1014 786 1061 848; x_wconf 90' lang='grc' dir='ltr'>καί</span> <span class='ocrx_word' id='word_1_40' title='bbox 1083 787 1131 864; x_wconf 82' lang='grc' dir='ltr'>τὴν</span> <span class='ocrx_word' id='word_1_41' title='bbox 1154 787 1239 869; x_wconf 92' lang='grc' dir='ltr'>κρίσιν</span> <span class='ocrx_word' id='word_1_42' title='bbox 1260 786 1308 848; x_wconf 91' lang='grc' dir='ltr'>καὶ</span> <span class='ocrx_word' id='word_1_43' title='bbox 1329 787 1361 847; x_wconf 89' lang='grc' dir='ltr'>τδ</span> <span class='ocrx_word' id='word_1_44' title='bbox 1384 787 1531 866; x_wconf 77' lang='grc' dir='ltr'>ὑπόδειγμα</span> 
     </span>
     <span class='ocr_line' id='line_1_5' title="bbox 241 904 1530 989; baseline -0.003 -20"><span class='ocrx_word' id='word_1_45' title='bbox 241 913 271 970; x_wconf 88' lang='grc' dir='ltr'>ἐν</span> <span class='ocrx_word' id='word_1_46' title='bbox 285 912 404 983; x_wconf 78' lang='grc' dir='ltr'>πολλοῖς</span> <span class='ocrx_word' id='word_1_47' title='bbox 417 911 499 986; x_wconf 81' lang='grc' dir='ltr'><strong>ἡμεῖς</strong></span> <span class='ocrx_word' id='word_1_48' title='bbox 520 909 708 989; x_wconf 84' lang='grc' dir='ltr'>ἐχρησάμεθα,</span> <span class='ocrx_word' id='word_1_49' title='bbox 728 909 866 989; x_wconf 82' lang='grc' dir='ltr'>παρείσθω</span> <span class='ocrx_word' id='word_1_50' title='bbox 881 908 976 986; x_wconf 84' lang='grc' dir='ltr'>λέγειν</span> <span class='ocrx_word' id='word_1_51' title='bbox 993 904 1105 989; x_wconf 80' lang='grc' dir='ltr'>ἄλλοις,</span> <span class='ocrx_word' id='word_1_52' title='bbox 1125 910 1193 988; x_wconf 88' lang='grc' dir='ltr'>πρός</span> <span class='ocrx_word' id='word_1_53' title='bbox 1207 911 1316 984; x_wconf 83' lang='grc' dir='ltr'>νέμεσιν</span> <span class='ocrx_word' id='word_1_54' title='bbox 1333 908 1530 984; x_wconf 86' lang='grc' dir='ltr'>δἐῦλαβητέον</span> 
     </span>
     <span class='ocr_line' id='line_1_6' title="bbox 240 1027 1530 1111; baseline -0.004 -19"><span class='ocrx_word' id='word_1_55' title='bbox 240 1035 314 1110; x_wconf 79' lang='grc' dir='ltr'>ἡμῖν.</span> <span class='ocrx_word' id='word_1_56' title='bbox 348 1031 416 1092; x_wconf 79' lang='grc' dir='ltr'>ἀλλ’</span> <span class='ocrx_word' id='word_1_57' title='bbox 430 1033 496 1111; x_wconf 83' lang='grc' dir='ltr'>δπερ</span> <span class='ocrx_word' id='word_1_58' title='bbox 522 1030 682 1106; x_wconf 79' lang='grc' dir='ltr'>ἠβοῦλεθό</span> <span class='ocrx_word' id='word_1_59' title='bbox 704 1028 800 1109; x_wconf 92' lang='grc' dir='ltr'>λόγος,</span> <span class='ocrx_word' id='word_1_60' title='bbox 829 1030 868 1100; x_wconf 87' lang='grc' dir='ltr'>ὡς</span> <span class='ocrx_word' id='word_1_61' title='bbox 890 1029 944 1109; x_wconf 76' lang='grc' dir='ltr'>ἄρα</span> <span class='ocrx_word' id='word_1_62' title='bbox 965 1031 1033 1110; x_wconf 81' lang='grc' dir='ltr'>πρός</span> <span class='ocrx_word' id='word_1_63' title='bbox 1054 1028 1136 1105; x_wconf 73' lang='grc' dir='ltr'>τόνδε</span> <span class='ocrx_word' id='word_1_64' title='bbox 1158 1030 1207 1104; x_wconf 83' lang='grc' dir='ltr'>τὴν</span> <span class='ocrx_word' id='word_1_65' title='bbox 1230 1029 1314 1110; x_wconf 91' lang='grc' dir='ltr'>κρίσιν</span> <span class='ocrx_word' id='word_1_66' title='bbox 1337 1027 1385 1090; x_wconf 86' lang='grc' dir='ltr'>καί</span> <span class='ocrx_word' id='word_1_67' title='bbox 1405 1030 1437 1088; x_wconf 82' lang='grc' dir='ltr'>τ“ο</span> <span class='ocrx_word' id='word_1_68' title='bbox 1458 1027 1530 1108; x_wconf 88' lang='grc' dir='ltr'>εἰρη-</span> 
     </span>
     <span class='ocr_line' id='line_1_7' title="bbox 241 1148 1531 1230; baseline -0.005 -17"><span class='ocrx_word' id='word_1_69' title='bbox 241 1155 324 1229; x_wconf 85' lang='grc' dir='ltr'><strong>μένον</strong></span> <span class='ocrx_word' id='word_1_70' title='bbox 355 1152 508 1230; x_wconf 81' lang='grc' dir='ltr'>ὑπόδειγμα</span> <span class='ocrx_word' id='word_1_71' title='bbox 533 1149 580 1210; x_wconf 89' lang='grc' dir='ltr'>καί</span> <span class='ocrx_word' id='word_1_72' title='bbox 607 1151 655 1226; x_wconf 82' lang='grc' dir='ltr'>τὴν</span> <span class='ocrx_word' id='word_1_73' title='bbox 680 1153 727 1210; x_wconf 87' lang='grc' dir='ltr'>τοῦ</span> <span class='ocrx_word' id='word_1_74' title='bbox 753 1149 895 1226; x_wconf 79' lang='grc' dir='ltr'>βελτίστου</span> <span class='ocrx_word' id='word_1_75' title='bbox 921 1152 1048 1230; x_wconf 87' lang='grc' dir='ltr'>πρόνοιαν</span> <span class='ocrx_word' id='word_1_76' title='bbox 1072 1148 1116 1210; x_wconf 81' lang='grc' dir='ltr'>ιἰεί</span> <span class='ocrx_word' id='word_1_77' title='bbox 1141 1152 1187 1212; x_wconf 80' lang='grc' dir='ltr'>τόν</span> <span class='ocrx_word' id='word_1_78' title='bbox 1210 1153 1310 1210; x_wconf 83' lang='grc' dir='ltr'>σκοπόν</span> <span class='ocrx_word' id='word_1_79' title='bbox 1333 1151 1531 1223; x_wconf 86' lang='grc' dir='ltr'>ἀπευθῦνοντες,</span> 
     </span>
     <span class='ocr_line' id='line_1_8' title="bbox 242 1268 1531 1352; baseline -0.004 -20"><span class='ocrx_word' id='word_1_80' title='bbox 242 1271 290 1332; x_wconf 85' lang='grc' dir='ltr'>καί</span> <span class='ocrx_word' id='word_1_81' title='bbox 310 1277 355 1333; x_wconf 89' lang='grc' dir='ltr'>νῦν</span> <span class='ocrx_word' id='word_1_82' title='bbox 378 1272 481 1348; x_wconf 82' lang='grc' dir='ltr'>ἀμέλει</span> <span class='ocrx_word' id='word_1_83' title='bbox 502 1275 597 1351; x_wconf 92' lang='grc' dir='ltr'>καιροῦ</span> <span class='ocrx_word' id='word_1_84' title='bbox 619 1270 770 1343; x_wconf 76' lang='grc' dir='ltr'>καλοῦντος</span> <span class='ocrx_word' id='word_1_85' title='bbox 791 1271 961 1352; x_wconf 79' lang='grc' dir='ltr'>παραπλήσι’</span> <span class='ocrx_word' id='word_1_86' title='bbox 974 1268 1102 1347; x_wconf 80' lang='grc' dir='ltr'>ἀξιοῦμεν</span> <span class='ocrx_word' id='word_1_87' title='bbox 1125 1270 1201 1352; x_wconf 83' lang='grc' dir='ltr'>δρᾶν.</span> <span class='ocrx_word' id='word_1_88' title='bbox 1225 1272 1281 1332; x_wconf 82' lang='grc' dir='ltr'>ἔστι</span> <span class='ocrx_word' id='word_1_89' title='bbox 1304 1271 1336 1330; x_wconf 86' lang='grc' dir='ltr'>δὲ</span> <span class='ocrx_word' id='word_1_90' title='bbox 1358 1273 1389 1332; x_wconf 80' lang='grc' dir='ltr'>τό</span> <span class='ocrx_word' id='word_1_91' title='bbox 1410 1269 1472 1350; x_wconf 86' lang='grc' dir='ltr'>περὶ</span> <span class='ocrx_word' id='word_1_92' title='bbox 1487 1272 1531 1344; x_wconf 79' lang='grc' dir='ltr'>τὴν</span> 
     </span>
     <span class='ocr_line' id='line_1_9' title="bbox 245 1391 1532 1475; baseline -0.003 -21"><span class='ocrx_word' id='word_1_93' title='bbox 245 1394 375 1475; x_wconf 87' lang='grc' dir='ltr'>Ἤπειρον</span> <span class='ocrx_word' id='word_1_94' title='bbox 399 1393 473 1472; x_wconf 81' lang='grc' dir='ltr'>ἄστυ,</span> <span class='ocrx_word' id='word_1_95' title='bbox 495 1391 584 1467; x_wconf 78' lang='grc' dir='ltr'>όνομιί</span> <span class='ocrx_word' id='word_1_96' title='bbox 604 1411 663 1463; x_wconf 85' lang='grc' dir='ltr'>πως</span> <span class='ocrx_word' id='word_1_97' title='bbox 685 1391 782 1453; x_wconf 82' lang='grc' dir='ltr'>οῦτωσί</span> <span class='ocrx_word' id='word_1_98' title='bbox 805 1392 955 1471; x_wconf 69' lang='grc' dir='ltr'>’ίωάννινη</span> <span class='ocrx_word' id='word_1_99' title='bbox 979 1393 1092 1471; x_wconf 79' lang='grc' dir='ltr'>μεγέθει</span> <span class='ocrx_word' id='word_1_100' title='bbox 1114 1393 1165 1468; x_wconf 73' lang='grc' dir='ltr'>μέν</span> <span class='ocrx_word' id='word_1_101' title='bbox 1188 1392 1244 1452; x_wconf 80' lang='grc' dir='ltr'>ἐστι</span> <span class='ocrx_word' id='word_1_102' title='bbox 1265 1399 1319 1452; x_wconf 90' lang='grc' dir='ltr'>τῶν</span> <span class='ocrx_word' id='word_1_103' title='bbox 1341 1391 1457 1452; x_wconf 80' lang='grc' dir='ltr'>πολλῶν</span> <span class='ocrx_word' id='word_1_104' title='bbox 1473 1391 1532 1450; x_wconf 91' lang='grc' dir='ltr'>δια-</span> 
     </span>
     <span class='ocr_line' id='line_1_10' title="bbox 241 1511 1532 1595; baseline -0.002 -23"><span class='ocrx_word' id='word_1_105' title='bbox 241 1515 331 1595; x_wconf 85' lang='grc' dir='ltr'>φέρον,</span> <span class='ocrx_word' id='word_1_106' title='bbox 354 1515 457 1584; x_wconf 84' lang='grc' dir='ltr'>θέσεως</span> <span class='ocrx_word' id='word_1_107' title='bbox 479 1511 509 1571; x_wconf 83' lang='grc' dir='ltr'>δὲ</span> <span class='ocrx_word' id='word_1_108' title='bbox 533 1511 656 1594; x_wconf 84' lang='grc' dir='ltr'>εῦκαιρίᾳ</span> <span class='ocrx_word' id='word_1_109' title='bbox 677 1511 724 1571; x_wconf 88' lang='grc' dir='ltr'>καί</span> <span class='ocrx_word' id='word_1_110' title='bbox 739 1515 833 1593; x_wconf 87' lang='grc' dir='ltr'>κράτει</span> <span class='ocrx_word' id='word_1_111' title='bbox 848 1511 968 1588; x_wconf 85' lang='grc' dir='ltr'>μάλιστα</span> <span class='ocrx_word' id='word_1_112' title='bbox 983 1511 1030 1572; x_wconf 86' lang='grc' dir='ltr'>καὶ</span> <span class='ocrx_word' id='word_1_113' title='bbox 1047 1513 1214 1592; x_wconf 83' lang='grc' dir='ltr'>ἐρυμνότητι,</span> <span class='ocrx_word' id='word_1_114' title='bbox 1236 1512 1339 1591; x_wconf 84' lang='grc' dir='ltr'>πολλῷ</span> <span class='ocrx_word' id='word_1_115' title='bbox 1354 1513 1386 1572; x_wconf 85' lang='grc' dir='ltr'>δὲ</span> <span class='ocrx_word' id='word_1_116' title='bbox 1400 1513 1532 1572; x_wconf 87' lang='grc' dir='ltr'>πλειόνων</span> 
     </span>
     <span class='ocr_line' id='line_1_11' title="bbox 243 1631 1532 1715; baseline -0.003 -19"><span class='ocrx_word' id='word_1_117' title='bbox 243 1636 367 1715; x_wconf 74' lang='grc' dir='ltr'>διαφέρον</span> <span class='ocrx_word' id='word_1_118' title='bbox 391 1635 445 1694; x_wconf 84' lang='grc' dir='ltr'>ἔτι·</span> <span class='ocrx_word' id='word_1_119' title='bbox 469 1635 640 1709; x_wconf 84' lang='grc' dir='ltr'>μεμὲστωται</span> <span class='ocrx_word' id='word_1_120' title='bbox 664 1632 695 1692; x_wconf 86' lang='grc' dir='ltr'>δὲ</span> <span class='ocrx_word' id='word_1_121' title='bbox 711 1631 869 1714; x_wconf 86' lang='grc' dir='ltr'>οἰκητόρων,</span> <span class='ocrx_word' id='word_1_122' title='bbox 893 1631 1010 1710; x_wconf 78' lang='grc' dir='ltr'>ἀκμάζει</span> <span class='ocrx_word' id='word_1_123' title='bbox 1027 1634 1058 1694; x_wconf 84' lang='grc' dir='ltr'>δὲ</span> <span class='ocrx_word' id='word_1_124' title='bbox 1072 1634 1183 1714; x_wconf 88' lang='grc' dir='ltr'>πλοῦτῳ</span> <span class='ocrx_word' id='word_1_125' title='bbox 1197 1633 1244 1694; x_wconf 87' lang='grc' dir='ltr'>καί</span> <span class='ocrx_word' id='word_1_126' title='bbox 1258 1640 1338 1694; x_wconf 83' lang='grc' dir='ltr'>πᾶσιν</span> <span class='ocrx_word' id='word_1_127' title='bbox 1354 1633 1455 1705; x_wconf 76' lang='grc' dir='ltr'>ἄλλοις</span> <span class='ocrx_word' id='word_1_128' title='bbox 1471 1633 1532 1692; x_wconf 84' lang='grc' dir='ltr'>ἐνα-</span> 
     </span>
    </p>
   </div>
   <div class='ocr_carea' id='block_1_3' title="bbox 242 1746 1533 1838">
    <p class='ocr_par' dir='ltr' id='par_1_3' title="bbox 242 1746 1533 1838">
     <span class='ocr_line' id='line_1_12' title="bbox 242 1746 1533 1838; baseline -0.003 -23"><span class='ocrx_word' id='word_1_129' title='bbox 242 1757 366 1838; x_wconf 87' lang='grc' dir='ltr'>βρῦνεται</span> <span class='ocrx_word' id='word_1_130' title='bbox 389 1760 436 1816; x_wconf 91' lang='grc' dir='ltr'>καί</span> <span class='ocrx_word' id='word_1_131' title='bbox 459 1755 572 1830; x_wconf 86' lang='grc' dir='ltr'>δόκιμόν</span> <span class='ocrx_word' id='word_1_132' title='bbox 595 1755 660 1836; x_wconf 80' lang='grc' dir='ltr'>ἐστι,</span> <span class='ocrx_word' id='word_1_133' title='bbox 684 1746 777 1835; x_wconf 77' lang='grc' dir='ltr'>οἷσπερ</span> <span class='ocrx_word' id='word_1_134' title='bbox 799 1756 853 1834; x_wconf 77' lang='grc' dir='ltr'>ἄρα</span> <span class='ocrx_word' id='word_1_135' title='bbox 873 1760 928 1814; x_wconf 89' lang='grc' dir='ltr'>τῶν</span> <span class='ocrx_word' id='word_1_136' title='bbox 949 1755 1060 1816; x_wconf 88' lang='grc' dir='ltr'>πόλεων</span> <span class='ocrx_word' id='word_1_137' title='bbox 1083 1756 1266 1836; x_wconf 88' lang='grc' dir='ltr'>εῦαρίθμιητοι.</span> <span class='ocrx_word' id='word_1_138' title='bbox 1289 1757 1305 1814; x_wconf 90' lang='grc' dir='ltr'>ό</span> <span class='ocrx_word' id='word_1_139' title='bbox 1327 1755 1359 1816; x_wconf 86' lang='grc' dir='ltr'>δὲ</span> <span class='ocrx_word' id='word_1_140' title='bbox 1379 1754 1414 1830; x_wconf 84' lang='grc' dir='ltr'>δὴ</span> <span class='ocrx_word' id='word_1_141' title='bbox 1429 1763 1533 1835; x_wconf 83' lang='grc' dir='ltr'>πρῶτος</span> 
     </span>
    </p>
   </div>
   <div class='ocr_carea' id='block_1_4' title="bbox 243 1863 1532 1956">
    <p class='ocr_par' dir='ltr' id='par_1_4' title="bbox 243 1863 1532 1956">
     <span class='ocr_line' id='line_1_13' title="bbox 243 1863 1532 1956; baseline -0.005 -18"><span class='ocrx_word' id='word_1_142' title='bbox 243 1875 315 1956; x_wconf 73' lang='grc' dir='ltr'>αἰτῷ</span> <span class='ocrx_word' id='word_1_143' title='bbox 336 1880 439 1954; x_wconf 80' lang='grc' dir='ltr'>κόσμος</span> <span class='ocrx_word' id='word_1_144' title='bbox 462 1876 506 1937; x_wconf 83' lang='grc' dir='ltr'>ἐπί</span> <span class='ocrx_word' id='word_1_145' title='bbox 527 1882 592 1938; x_wconf 83' lang='grc' dir='ltr'>πᾶσι</span> <span class='ocrx_word' id='word_1_146' title='bbox 614 1876 652 1956; x_wconf 83' lang='grc' dir='ltr'>τῷ</span> <span class='ocrx_word' id='word_1_147' title='bbox 674 1877 823 1952; x_wconf 86' lang='grc' dir='ltr'>πολίσματι</span> <span class='ocrx_word' id='word_1_148' title='bbox 844 1875 892 1936; x_wconf 86' lang='grc' dir='ltr'>καὶ</span> <span class='ocrx_word' id='word_1_149' title='bbox 907 1878 1045 1956; x_wconf 79' lang='grc' dir='ltr'>μέγιστος,</span> <span class='ocrx_word' id='word_1_150' title='bbox 1067 1875 1115 1936; x_wconf 88' lang='grc' dir='ltr'>καί</span> <span class='ocrx_word' id='word_1_151' title='bbox 1134 1869 1166 1938; x_wconf 83' lang='grc' dir='ltr'>οῦ</span> <span class='ocrx_word' id='word_1_152' title='bbox 1187 1863 1276 1938; x_wconf 82' lang='grc' dir='ltr'>πάντα</span> <span class='ocrx_word' id='word_1_153' title='bbox 1298 1876 1394 1938; x_wconf 76' lang='grc' dir='ltr'>τᾶλλα</span> <span class='ocrx_word' id='word_1_154' title='bbox 1407 1877 1532 1952; x_wconf 70' lang='grc' dir='ltr'>ἣττηται·</span> 
     </span>
    </p>
   </div>
   <div class='ocr_carea' id='block_1_5' title="bbox 241 1995 1539 4741">
    <p class='ocr_par' dir='ltr' id='par_1_5' title="bbox 241 1995 1539 4741">
     <span class='ocr_line' id='line_1_14' title="bbox 241 1995 1535 2080; baseline -0.002 -23"><span class='ocrx_word' id='word_1_155' title='bbox 241 1999 375 2073; x_wconf 71' lang='grc' dir='ltr'>πολιατλς</span> <span class='ocrx_word' id='word_1_156' title='bbox 396 1998 450 2080; x_wconf 80' lang='grc' dir='ltr'>γὰρ</span> <span class='ocrx_word' id='word_1_157' title='bbox 473 1998 545 2078; x_wconf 78' lang='grc' dir='ltr'>ουίτῷ</span> <span class='ocrx_word' id='word_1_158' title='bbox 566 1996 614 2060; x_wconf 88' lang='grc' dir='ltr'>καὶ</span> <span class='ocrx_word' id='word_1_159' title='bbox 635 1998 785 2076; x_wconf 76' lang='grc' dir='ltr'>πολιοῦχος</span> <span class='ocrx_word' id='word_1_160' title='bbox 807 1995 854 2058; x_wconf 89' lang='grc' dir='ltr'>καὶ</span> <span class='ocrx_word' id='word_1_161' title='bbox 875 2001 964 2058; x_wconf 87' lang='grc' dir='ltr'>πάντα</span> <span class='ocrx_word' id='word_1_162' title='bbox 977 1998 1075 2069; x_wconf 85' lang='grc' dir='ltr'>καλῶς</span> <span class='ocrx_word' id='word_1_163' title='bbox 1087 1999 1213 2078; x_wconf 78' lang='grc' dir='ltr'>πρόπαν</span> <span class='ocrx_word' id='word_1_164' title='bbox 1227 2000 1381 2078; x_wconf 73' lang='grc' dir='ltr'>προστάτης</span> <span class='ocrx_word' id='word_1_165' title='bbox 1396 1999 1535 2076; x_wconf 86' lang='grc' dir='ltr'>κράτιστος</span> 
     </span>
     <span class='ocr_line' id='line_1_15' title="bbox 245 2118 1535 2198; baseline -0.003 -20"><span class='ocrx_word' id='word_1_166' title='bbox 245 2119 261 2178; x_wconf 92' lang='grc' dir='ltr'>ό</span> <span class='ocrx_word' id='word_1_167' title='bbox 283 2121 373 2198; x_wconf 84' lang='grc' dir='ltr'>μέγας</span> <span class='ocrx_word' id='word_1_168' title='bbox 394 2125 448 2178; x_wconf 90' lang='grc' dir='ltr'>τῶν</span> <span class='ocrx_word' id='word_1_169' title='bbox 470 2121 527 2180; x_wconf 88' lang='grc' dir='ltr'>όίνω</span> <span class='ocrx_word' id='word_1_170' title='bbox 548 2121 596 2180; x_wconf 91' lang='grc' dir='ltr'>τοῦ</span> <span class='ocrx_word' id='word_1_171' title='bbox 618 2120 681 2178; x_wconf 85' lang='grc' dir='ltr'>θοοῦ</span> <span class='ocrx_word' id='word_1_172' title='bbox 702 2121 849 2198; x_wconf 74' lang='grc' dir='ltr'>ταγμάτων</span> <span class='ocrx_word' id='word_1_173' title='bbox 871 2119 1031 2198; x_wconf 81' lang='grc' dir='ltr'>άγγελικῶν</span> <span class='ocrx_word' id='word_1_174' title='bbox 1052 2121 1244 2197; x_wconf 79' lang='grc' dir='ltr'>πρωτοστάτης</span> <span class='ocrx_word' id='word_1_175' title='bbox 1266 2119 1397 2196; x_wconf 82' lang='grc' dir='ltr'>Μιχαήλ,</span> <span class='ocrx_word' id='word_1_176' title='bbox 1421 2118 1450 2176; x_wconf 85' lang='grc' dir='ltr'>ἐν</span> <span class='ocrx_word' id='word_1_177' title='bbox 1472 2123 1535 2178; x_wconf 80' lang='grc' dir='ltr'>πᾶσι</span> 
     </span>
     <span class='ocr_line' id='line_1_16' title="bbox 242 2235 1536 2320; baseline -0.004 -22"><span class='ocrx_word' id='word_1_178' title='bbox 242 2242 347 2320; x_wconf 86' lang='grc' dir='ltr'>καιροῖς</span> <span class='ocrx_word' id='word_1_179' title='bbox 368 2238 416 2299; x_wconf 87' lang='grc' dir='ltr'>καί</span> <span class='ocrx_word' id='word_1_180' title='bbox 436 2237 515 2300; x_wconf 89' lang='grc' dir='ltr'>παντὶ</span> <span class='ocrx_word' id='word_1_181' title='bbox 536 2241 676 2319; x_wconf 76' lang='grc' dir='ltr'>πράγματι</span> <span class='ocrx_word' id='word_1_182' title='bbox 697 2239 819 2318; x_wconf 78' lang='grc' dir='ltr'>χορηγός</span> <span class='ocrx_word' id='word_1_183' title='bbox 841 2239 947 2318; x_wconf 88' lang='grc' dir='ltr'>καλῶν,</span> <span class='ocrx_word' id='word_1_184' title='bbox 970 2240 1067 2318; x_wconf 79' lang='grc' dir='ltr'>βόα-της</span> <span class='ocrx_word' id='word_1_185' title='bbox 1081 2235 1259 2318; x_wconf 79' lang='grc' dir='ltr'>ἀλεξίκακος,</span> <span class='ocrx_word' id='word_1_186' title='bbox 1281 2238 1429 2300; x_wconf 88' lang='grc' dir='ltr'>καλλῦνων</span> <span class='ocrx_word' id='word_1_187' title='bbox 1444 2236 1536 2298; x_wconf 81' lang='grc' dir='ltr'>τεκαὶ</span> 
     </span>
     <span class='ocr_line' id='line_1_17' title="bbox 242 2357 1537 2440; baseline 0 -22"><span class='ocrx_word' id='word_1_188' title='bbox 242 2362 378 2440; x_wconf 88' lang='grc' dir='ltr'>κρατῦνων</span> <span class='ocrx_word' id='word_1_189' title='bbox 407 2362 476 2422; x_wconf 84' lang='grc' dir='ltr'>πάνυ</span> <span class='ocrx_word' id='word_1_190' title='bbox 504 2380 545 2420; x_wconf 87' lang='grc' dir='ltr'>τοι</span> <span class='ocrx_word' id='word_1_191' title='bbox 575 2360 772 2438; x_wconf 78' lang='grc' dir='ltr'>φιλοστόργως,</span> <span class='ocrx_word' id='word_1_192' title='bbox 802 2361 842 2430; x_wconf 81' lang='grc' dir='ltr'>ὡς</span> <span class='ocrx_word' id='word_1_193' title='bbox 871 2357 966 2439; x_wconf 82' lang='grc' dir='ltr'>εἰπεῖν,</span> <span class='ocrx_word' id='word_1_194' title='bbox 995 2362 1027 2420; x_wconf 83' lang='grc' dir='ltr'>τό</span> <span class='ocrx_word' id='word_1_195' title='bbox 1053 2360 1177 2435; x_wconf 89' lang='grc' dir='ltr'>πόλισμα</span> <span class='ocrx_word' id='word_1_196' title='bbox 1198 2359 1245 2420; x_wconf 89' lang='grc' dir='ltr'>καὶ</span> <span class='ocrx_word' id='word_1_197' title='bbox 1268 2358 1483 2434; x_wconf 80' lang='grc' dir='ltr'>ίδιοποιοῦμενος</span> <span class='ocrx_word' id='word_1_198' title='bbox 1506 2359 1537 2418; x_wconf 85' lang='grc' dir='ltr'>ἐκ</span> 
     </span>
     <span class='ocr_line' id='line_1_18' title="bbox 243 2474 1535 2561; baseline -0.002 -23"><span class='ocrx_word' id='word_1_199' title='bbox 243 2486 356 2560; x_wconf 71' lang='grc' dir='ltr'>μακρῶν</span> <span class='ocrx_word' id='word_1_200' title='bbox 378 2485 432 2540; x_wconf 90' lang='grc' dir='ltr'>τῶν</span> <span class='ocrx_word' id='word_1_201' title='bbox 453 2483 561 2561; x_wconf 87' lang='grc' dir='ltr'>χρόνων</span> <span class='ocrx_word' id='word_1_202' title='bbox 583 2479 630 2540; x_wconf 88' lang='grc' dir='ltr'>καὶ</span> <span class='ocrx_word' id='word_1_203' title='bbox 651 2479 712 2560; x_wconf 85' lang='grc' dir='ltr'>πρὶν</span> <span class='ocrx_word' id='word_1_204' title='bbox 733 2483 753 2555; x_wconf 79' lang='grc' dir='ltr'>ἢ</span> <span class='ocrx_word' id='word_1_205' title='bbox 775 2479 822 2542; x_wconf 89' lang='grc' dir='ltr'>καί</span> <span class='ocrx_word' id='word_1_206' title='bbox 837 2480 961 2556; x_wconf 85' lang='grc' dir='ltr'>πόλισμα</span> <span class='ocrx_word' id='word_1_207' title='bbox 981 2481 1028 2540; x_wconf 74' lang='grc' dir='ltr'>τὀν</span> <span class='ocrx_word' id='word_1_208' title='bbox 1042 2486 1136 2560; x_wconf 89' lang='grc' dir='ltr'>χῶρον</span> <span class='ocrx_word' id='word_1_209' title='bbox 1151 2474 1230 2558; x_wconf 81' lang='grc' dir='ltr'>εἶναι,</span> <span class='ocrx_word' id='word_1_210' title='bbox 1251 2480 1339 2561; x_wconf 81' lang='grc' dir='ltr'>βρύων</span> <span class='ocrx_word' id='word_1_211' title='bbox 1355 2481 1479 2542; x_wconf 75' lang='grc' dir='ltr'>ἑκάστοτ’</span> <span class='ocrx_word' id='word_1_212' title='bbox 1491 2481 1535 2538; x_wconf 83' lang='grc' dir='ltr'>ἑν-</span> 
     </span>
     <span class='ocr_line' id='line_1_19' title="bbox 244 2599 1537 2682; baseline 0 -22"><span class='ocrx_word' id='word_1_213' title='bbox 244 2601 337 2681; x_wconf 88' lang='grc' dir='ltr'>ταῦθα,</span> <span class='ocrx_word' id='word_1_214' title='bbox 359 2599 407 2660; x_wconf 86' lang='grc' dir='ltr'>καί</span> <span class='ocrx_word' id='word_1_215' title='bbox 430 2603 490 2660; x_wconf 85' lang='grc' dir='ltr'>όσαι</span> <span class='ocrx_word' id='word_1_216' title='bbox 512 2602 614 2680; x_wconf 82' lang='grc' dir='ltr'>ἠμίραι</span> <span class='ocrx_word' id='word_1_217' title='bbox 636 2601 751 2676; x_wconf 74' lang='grc' dir='ltr'>θαύματ’</span> <span class='ocrx_word' id='word_1_218' title='bbox 761 2601 803 2660; x_wconf 86' lang='grc' dir='ltr'>ἐπ’</span> <span class='ocrx_word' id='word_1_219' title='bbox 811 2601 961 2682; x_wconf 83' lang='grc' dir='ltr'>άνθριίκτων</span> <span class='ocrx_word' id='word_1_220' title='bbox 983 2603 1151 2680; x_wconf 81' lang='grc' dir='ltr'>εὐεργεσίαις</span> <span class='ocrx_word' id='word_1_221' title='bbox 1174 2602 1264 2662; x_wconf 81' lang='grc' dir='ltr'>αῦτόθι</span> <span class='ocrx_word' id='word_1_222' title='bbox 1286 2623 1316 2662; x_wconf 90' lang='grc' dir='ltr'>τε</span> <span class='ocrx_word' id='word_1_223' title='bbox 1338 2605 1396 2674; x_wconf 84' lang='grc' dir='ltr'>τοῖς</span> <span class='ocrx_word' id='word_1_224' title='bbox 1418 2601 1537 2670; x_wconf 78' lang='grc' dir='ltr'>ἐποίκοις</span> 
     </span>
     <span class='ocr_line' id='line_1_20' title="bbox 244 2719 1536 2800; baseline 0 -18"><span class='ocrx_word' id='word_1_225' title='bbox 244 2719 290 2782; x_wconf 89' lang='grc' dir='ltr'>καί</span> <span class='ocrx_word' id='word_1_226' title='bbox 316 2721 443 2794; x_wconf 79' lang='grc' dir='ltr'>πολίταις</span> <span class='ocrx_word' id='word_1_227' title='bbox 468 2723 558 2800; x_wconf 82' lang='grc' dir='ltr'>αῦτοῦ,</span> <span class='ocrx_word' id='word_1_228' title='bbox 587 2720 636 2782; x_wconf 90' lang='grc' dir='ltr'>καί</span> <span class='ocrx_word' id='word_1_229' title='bbox 655 2727 735 2784; x_wconf 79' lang='grc' dir='ltr'>πᾶσιν</span> <span class='ocrx_word' id='word_1_230' title='bbox 758 2723 870 2782; x_wconf 86' lang='grc' dir='ltr'>αῦτόθεν</span> <span class='ocrx_word' id='word_1_231' title='bbox 893 2721 1110 2798; x_wconf 71' lang='grc' dir='ltr'>ἑπικαλοῦμονος</span> <span class='ocrx_word' id='word_1_232' title='bbox 1132 2721 1172 2794; x_wconf 90' lang='grc' dir='ltr'>είς</span> <span class='ocrx_word' id='word_1_233' title='bbox 1195 2719 1278 2794; x_wconf 82' lang='grc' dir='ltr'>δόξαν</span> <span class='ocrx_word' id='word_1_234' title='bbox 1299 2721 1348 2782; x_wconf 83' lang='grc' dir='ltr'>καὶ</span> <span class='ocrx_word' id='word_1_235' title='bbox 1369 2723 1456 2794; x_wconf 88' lang='grc' dir='ltr'>κλὲος</span> <span class='ocrx_word' id='word_1_236' title='bbox 1478 2721 1536 2798; x_wconf 77' lang='grc' dir='ltr'>σῦχ’</span> 
     </span>
     <span class='ocr_line' id='line_1_21' title="bbox 243 2841 1538 2923; baseline -0.001 -20"><span class='ocrx_word' id='word_1_237' title='bbox 243 2843 343 2917; x_wconf 76' lang='grc' dir='ltr'>ἥκιστα</span> <span class='ocrx_word' id='word_1_238' title='bbox 372 2841 567 2922; x_wconf 84' lang='grc' dir='ltr'>άπαράμιλλον</span> <span class='ocrx_word' id='word_1_239' title='bbox 596 2843 685 2904; x_wconf 84' lang='grc' dir='ltr'>αῦτῶν</span> <span class='ocrx_word' id='word_1_240' title='bbox 710 2841 764 2901; x_wconf 77' lang='grc' dir='ltr'>τῶν</span> <span class='ocrx_word' id='word_1_241' title='bbox 786 2845 901 2923; x_wconf 80' lang='grc' dir='ltr'>πρώτως</span> <span class='ocrx_word' id='word_1_242' title='bbox 921 2841 969 2904; x_wconf 86' lang='grc' dir='ltr'>καί</span> <span class='ocrx_word' id='word_1_243' title='bbox 992 2843 1114 2920; x_wconf 77' lang='grc' dir='ltr'>συνεχῶς</span> <span class='ocrx_word' id='word_1_244' title='bbox 1135 2841 1179 2902; x_wconf 83' lang='grc' dir='ltr'>ἀεὶ</span> <span class='ocrx_word' id='word_1_245' title='bbox 1201 2848 1252 2919; x_wconf 71' lang='grc' dir='ltr'>τῆς</span> <span class='ocrx_word' id='word_1_246' title='bbox 1273 2845 1353 2904; x_wconf 83' lang='grc' dir='ltr'>αῦτοῦ</span> <span class='ocrx_word' id='word_1_247' title='bbox 1374 2845 1538 2923; x_wconf 73' lang='grc' dir='ltr'>προστασίας</span> 
     </span>
     <span class='ocr_line' id='line_1_22' title="bbox 243 2958 1538 3046; baseline -0.002 -22"><span class='ocrx_word' id='word_1_248' title='bbox 243 2962 291 3024; x_wconf 88' lang='grc' dir='ltr'>καί</span> <span class='ocrx_word' id='word_1_249' title='bbox 320 2965 424 3039; x_wconf 76' lang='grc' dir='ltr'>σκέπης</span> <span class='ocrx_word' id='word_1_250' title='bbox 450 2963 604 3041; x_wconf 91' lang='grc' dir='ltr'>λαχόντων.</span> <span class='ocrx_word' id='word_1_251' title='bbox 634 2960 682 3022; x_wconf 88' lang='grc' dir='ltr'>καί</span> <span class='ocrx_word' id='word_1_252' title='bbox 710 2958 736 3022; x_wconf 91' lang='grc' dir='ltr'>τί</span> <span class='ocrx_word' id='word_1_253' title='bbox 760 2965 816 3043; x_wconf 76' lang='grc' dir='ltr'>χρὴ</span> <span class='ocrx_word' id='word_1_254' title='bbox 839 2963 928 3024; x_wconf 90' lang='grc' dir='ltr'>πλείω</span> <span class='ocrx_word' id='word_1_255' title='bbox 949 2963 1050 3044; x_wconf 83' lang='grc' dir='ltr'>τρίβειν</span> <span class='ocrx_word' id='word_1_256' title='bbox 1073 2965 1197 3044; x_wconf 73' lang='grc' dir='ltr'>ἐνταῦθα,</span> <span class='ocrx_word' id='word_1_257' title='bbox 1226 2968 1273 3024; x_wconf 88' lang='grc' dir='ltr'>τοῦ</span> <span class='ocrx_word' id='word_1_258' title='bbox 1294 2964 1382 3043; x_wconf 84' lang='grc' dir='ltr'>λόγου</span> <span class='ocrx_word' id='word_1_259' title='bbox 1402 2966 1472 3046; x_wconf 79' lang='grc' dir='ltr'>πρός</span> <span class='ocrx_word' id='word_1_260' title='bbox 1493 2967 1538 3024; x_wconf 79' lang='grc' dir='ltr'>τὀν</span> 
     </span>
     <span class='ocr_line' id='line_1_23' title="bbox 243 3083 1537 3166; baseline -0.001 -20"><span class='ocrx_word' id='word_1_261' title='bbox 243 3086 424 3166; x_wconf 84' lang='grc' dir='ltr'>προκείμενον</span> <span class='ocrx_word' id='word_1_262' title='bbox 451 3087 553 3146; x_wconf 82' lang='grc' dir='ltr'>σκοπόν</span> <span class='ocrx_word' id='word_1_263' title='bbox 580 3083 757 3165; x_wconf 79' lang='grc' dir='ltr'>απείιδσντοςς</span> <span class='ocrx_word' id='word_1_264' title='bbox 778 3085 853 3162; x_wconf 79' lang='grc' dir='ltr'>πλὴν</span> <span class='ocrx_word' id='word_1_265' title='bbox 879 3087 920 3146; x_wconf 86' lang='grc' dir='ltr'>ότι</span> <span class='ocrx_word' id='word_1_266' title='bbox 945 3089 976 3147; x_wconf 79' lang='grc' dir='ltr'>τό</span> <span class='ocrx_word' id='word_1_267' title='bbox 1002 3085 1151 3146; x_wconf 87' lang='grc' dir='ltr'>κάλλιστόν</span> <span class='ocrx_word' id='word_1_268' title='bbox 1178 3107 1212 3164; x_wconf 83' lang='grc' dir='ltr'>γε</span> <span class='ocrx_word' id='word_1_269' title='bbox 1239 3087 1294 3162; x_wconf 83' lang='grc' dir='ltr'>μὴν</span> <span class='ocrx_word' id='word_1_270' title='bbox 1318 3085 1384 3146; x_wconf 84' lang='grc' dir='ltr'>άστυ</span> <span class='ocrx_word' id='word_1_271' title='bbox 1406 3087 1470 3148; x_wconf 88' lang='grc' dir='ltr'>τόδε</span> <span class='ocrx_word' id='word_1_272' title='bbox 1492 3085 1537 3146; x_wconf 80' lang='grc' dir='ltr'>καί</span> 
     </span>
     <span class='ocr_line' id='line_1_24' title="bbox 243 3199 1538 3288; baseline 0 -22"><span class='ocrx_word' id='word_1_273' title='bbox 243 3207 363 3280; x_wconf 85' lang='grc' dir='ltr'>πολλοῖς</span> <span class='ocrx_word' id='word_1_274' title='bbox 392 3203 507 3285; x_wconf 77' lang='grc' dir='ltr'>ἀγαθοῖς</span> <span class='ocrx_word' id='word_1_275' title='bbox 529 3205 625 3266; x_wconf 74' lang='grc' dir='ltr'>ἀνθοῦν</span> <span class='ocrx_word' id='word_1_276' title='bbox 646 3225 677 3266; x_wconf 89' lang='grc' dir='ltr'>τε</span> <span class='ocrx_word' id='word_1_277' title='bbox 699 3205 769 3266; x_wconf 81' lang='grc' dir='ltr'>κατὰ</span> <span class='ocrx_word' id='word_1_278' title='bbox 791 3207 864 3284; x_wconf 84' lang='grc' dir='ltr'>φῦσιν</span> <span class='ocrx_word' id='word_1_279' title='bbox 886 3204 934 3266; x_wconf 89' lang='grc' dir='ltr'>καί</span> <span class='ocrx_word' id='word_1_280' title='bbox 955 3207 1089 3286; x_wconf 73' lang='grc' dir='ltr'>ἀκμάζον,</span> <span class='ocrx_word' id='word_1_281' title='bbox 1121 3207 1172 3266; x_wconf 86' lang='grc' dir='ltr'>οῦκ</span> <span class='ocrx_word' id='word_1_282' title='bbox 1192 3199 1322 3288; x_wconf 75' lang='grc' dir='ltr'>οἷδ’ᾖτινι</span> <span class='ocrx_word' id='word_1_283' title='bbox 1344 3213 1431 3288; x_wconf 81' lang='grc' dir='ltr'>φορᾶς</span> <span class='ocrx_word' id='word_1_284' title='bbox 1453 3205 1538 3287; x_wconf 78' lang='grc' dir='ltr'>ἀωρίᾳ</span> 
     </span>
     <span class='ocr_line' id='line_1_25' title="bbox 245 3323 1537 3410; baseline -0.002 -23"><span class='ocrx_word' id='word_1_285' title='bbox 245 3327 293 3387; x_wconf 89' lang='grc' dir='ltr'>καί</span> <span class='ocrx_word' id='word_1_286' title='bbox 314 3333 361 3388; x_wconf 90' lang='grc' dir='ltr'>τοῦ</span> <span class='ocrx_word' id='word_1_287' title='bbox 382 3331 449 3386; x_wconf 81' lang='grc' dir='ltr'>πᾶσι</span> <span class='ocrx_word' id='word_1_288' title='bbox 469 3327 526 3398; x_wconf 81' lang='grc' dir='ltr'>τοῖς</span> <span class='ocrx_word' id='word_1_289' title='bbox 547 3330 677 3407; x_wconf 86' lang='grc' dir='ltr'>χρηστοῖς</span> <span class='ocrx_word' id='word_1_290' title='bbox 700 3325 895 3406; x_wconf 75' lang='grc' dir='ltr'>ίπηρεάζοντος</span> <span class='ocrx_word' id='word_1_291' title='bbox 917 3327 1000 3386; x_wconf 86' lang='grc' dir='ltr'>σατθιν</span> <span class='ocrx_word' id='word_1_292' title='bbox 1023 3327 1158 3410; x_wconf 84' lang='grc' dir='ltr'>βαοκανίρ</span> <span class='ocrx_word' id='word_1_293' title='bbox 1178 3326 1242 3388; x_wconf 80' lang='grc' dir='ltr'>τόδε</span> <span class='ocrx_word' id='word_1_294' title='bbox 1264 3328 1318 3408; x_wconf 73' lang='grc' dir='ltr'>ἄρα</span> <span class='ocrx_word' id='word_1_295' title='bbox 1336 3331 1463 3408; x_wconf 86' lang='grc' dir='ltr'>πονήρως</span> <span class='ocrx_word' id='word_1_296' title='bbox 1478 3323 1537 3404; x_wconf 82' lang='grc' dir='ltr'>εἶχε</span> 
     </span>
     <span class='ocr_line' id='line_1_26' title="bbox 244 3441 1537 3530; baseline -0.002 -20"><span class='ocrx_word' id='word_1_297' title='bbox 244 3451 373 3530; x_wconf 80' lang='grc' dir='ltr'>πρότερον</span> <span class='ocrx_word' id='word_1_298' title='bbox 395 3451 498 3529; x_wconf 82' lang='grc' dir='ltr'>χρόνος</span> <span class='ocrx_word' id='word_1_299' title='bbox 518 3449 568 3508; x_wconf 85' lang='grc' dir='ltr'>οῦκ</span> <span class='ocrx_word' id='word_1_300' title='bbox 589 3447 694 3526; x_wconf 87' lang='grc' dir='ltr'>δλίγος,</span> <span class='ocrx_word' id='word_1_301' title='bbox 718 3445 751 3519; x_wconf 76' lang='grc' dir='ltr'>ἐξ</span> <span class='ocrx_word' id='word_1_302' title='bbox 772 3441 803 3508; x_wconf 83' lang='grc' dir='ltr'>οῦ</span> <span class='ocrx_word' id='word_1_303' title='bbox 824 3446 874 3508; x_wconf 88' lang='grc' dir='ltr'>καὶ</span> <span class='ocrx_word' id='word_1_304' title='bbox 893 3446 1009 3530; x_wconf 75' lang='grc' dir='ltr'>κακίστη</span> <span class='ocrx_word' id='word_1_305' title='bbox 1031 3454 1112 3523; x_wconf 80' lang='grc' dir='ltr'>συνῆν</span> <span class='ocrx_word' id='word_1_306' title='bbox 1134 3449 1217 3530; x_wconf 84' lang='grc' dir='ltr'>μοίρᾳ</span> <span class='ocrx_word' id='word_1_307' title='bbox 1229 3447 1277 3508; x_wconf 89' lang='grc' dir='ltr'>καὶ</span> <span class='ocrx_word' id='word_1_308' title='bbox 1291 3455 1411 3528; x_wconf 84' lang='grc' dir='ltr'>νοσερῶς</span> <span class='ocrx_word' id='word_1_309' title='bbox 1426 3450 1537 3529; x_wconf 79' lang='grc' dir='ltr'>ἐχρῆτο,</span> 
     </span>
     <span class='ocr_line' id='line_1_27' title="bbox 248 3566 1538 3650; baseline 0.001 -22"><span class='ocrx_word' id='word_1_310' title='bbox 248 3567 337 3644; x_wconf 88' lang='grc' dir='ltr'>βίοτον</span> <span class='ocrx_word' id='word_1_311' title='bbox 360 3569 464 3648; x_wconf 83' lang='grc' dir='ltr'>άνυτόν,</span> <span class='ocrx_word' id='word_1_312' title='bbox 487 3569 651 3646; x_wconf 81' lang='grc' dir='ltr'>ἀπότμητον,</span> <span class='ocrx_word' id='word_1_313' title='bbox 674 3569 713 3640; x_wconf 82' lang='grc' dir='ltr'>ὡς</span> <span class='ocrx_word' id='word_1_314' title='bbox 736 3566 831 3650; x_wconf 85' lang='grc' dir='ltr'>είπεῑν,</span> <span class='ocrx_word' id='word_1_315' title='bbox 852 3575 906 3628; x_wconf 90' lang='grc' dir='ltr'>τῶν</span> <span class='ocrx_word' id='word_1_316' title='bbox 928 3575 1026 3630; x_wconf 78' lang='grc' dir='ltr'>κοινῶν</span> <span class='ocrx_word' id='word_1_317' title='bbox 1048 3569 1171 3645; x_wconf 84' lang='grc' dir='ltr'>νομίμων</span> <span class='ocrx_word' id='word_1_318' title='bbox 1193 3567 1240 3630; x_wconf 88' lang='grc' dir='ltr'>καὶ</span> <span class='ocrx_word' id='word_1_319' title='bbox 1262 3575 1311 3645; x_wconf 85' lang='grc' dir='ltr'>τῆς</span> <span class='ocrx_word' id='word_1_320' title='bbox 1331 3571 1476 3647; x_wconf 88' lang='grc' dir='ltr'>συνεχείας</span> <span class='ocrx_word' id='word_1_321' title='bbox 1491 3575 1538 3644; x_wconf 79' lang='grc' dir='ltr'>τῆς</span> 
     </span>
     <span class='ocr_line' id='line_1_28' title="bbox 246 3688 1539 3773; baseline 0 -23"><span class='ocrx_word' id='word_1_322' title='bbox 246 3691 359 3770; x_wconf 79' lang='grc' dir='ltr'>φῦσῑως,</span> <span class='ocrx_word' id='word_1_323' title='bbox 381 3689 428 3750; x_wconf 89' lang='grc' dir='ltr'>καί</span> <span class='ocrx_word' id='word_1_324' title='bbox 451 3689 509 3764; x_wconf 89' lang='grc' dir='ltr'>βίον</span> <span class='ocrx_word' id='word_1_325' title='bbox 531 3688 615 3759; x_wconf 87' lang='grc' dir='ltr'>όντως</span> <span class='ocrx_word' id='word_1_326' title='bbox 637 3688 711 3760; x_wconf 88' lang='grc' dir='ltr'>βιοῦν</span> <span class='ocrx_word' id='word_1_327' title='bbox 733 3688 863 3764; x_wconf 80' lang='grc' dir='ltr'>ἀβίωτον·</span> <span class='ocrx_word' id='word_1_328' title='bbox 886 3688 941 3750; x_wconf 83' lang='grc' dir='ltr'>οὔτ’</span> <span class='ocrx_word' id='word_1_329' title='bbox 950 3688 990 3762; x_wconf 84' lang='grc' dir='ltr'>εἰς</span> <span class='ocrx_word' id='word_1_330' title='bbox 1012 3691 1060 3764; x_wconf 82' lang='grc' dir='ltr'>τὴν</span> <span class='ocrx_word' id='word_1_331' title='bbox 1079 3691 1201 3750; x_wconf 89' lang='grc' dir='ltr'>καθόλου</span> <span class='ocrx_word' id='word_1_332' title='bbox 1215 3695 1263 3752; x_wconf 86' lang='grc' dir='ltr'>τοῦ</span> <span class='ocrx_word' id='word_1_333' title='bbox 1277 3691 1408 3752; x_wconf 86' lang='grc' dir='ltr'>δεσπόταν</span> <span class='ocrx_word' id='word_1_334' title='bbox 1423 3694 1539 3773; x_wconf 86' lang='grc' dir='ltr'>Χριστοῦ</span> 
     </span>
     <span class='ocr_line' id='line_1_29' title="bbox 244 3809 1538 3892; baseline 0.002 -20"><span class='ocrx_word' id='word_1_335' title='bbox 244 3809 291 3872; x_wconf 88' lang='grc' dir='ltr'>καὶ</span> <span class='ocrx_word' id='word_1_336' title='bbox 313 3815 435 3892; x_wconf 80' lang='grc' dir='ltr'>σωτῆρος</span> <span class='ocrx_word' id='word_1_337' title='bbox 456 3811 558 3888; x_wconf 86' lang='grc' dir='ltr'>άνάγον</span> <span class='ocrx_word' id='word_1_338' title='bbox 581 3809 699 3888; x_wconf 77' lang='grc' dir='ltr'>εὐγινῶς</span> <span class='ocrx_word' id='word_1_339' title='bbox 720 3809 881 3892; x_wconf 81' lang='grc' dir='ltr'>ἐκκλησίαν,</span> <span class='ocrx_word' id='word_1_340' title='bbox 904 3809 958 3871; x_wconf 82' lang='grc' dir='ltr'>οὔτ’</span> <span class='ocrx_word' id='word_1_341' title='bbox 968 3809 1009 3884; x_wconf 87' lang='grc' dir='ltr'>είς</span> <span class='ocrx_word' id='word_1_342' title='bbox 1029 3811 1078 3888; x_wconf 79' lang='grc' dir='ltr'>τὴν</span> <span class='ocrx_word' id='word_1_343' title='bbox 1100 3812 1235 3872; x_wconf 71' lang='grc' dir='ltr'>ῦπάἱιτοῦ</span> <span class='ocrx_word' id='word_1_344' title='bbox 1256 3813 1303 3872; x_wconf 86' lang='grc' dir='ltr'>καί</span> <span class='ocrx_word' id='word_1_345' title='bbox 1321 3818 1372 3889; x_wconf 77' lang='grc' dir='ltr'>τῆς</span> <span class='ocrx_word' id='word_1_346' title='bbox 1387 3813 1538 3890; x_wconf 78' lang='grc' dir='ltr'>ἐκκλησίας</span> 
     </span>
     <span class='ocr_line' id='line_1_30' title="bbox 246 3931 1538 4012; baseline 0 -20"><span class='ocrx_word' id='word_1_347' title='bbox 246 3935 328 4008; x_wconf 68' lang='grc' dir='ltr'>αὑτῆς</span> <span class='ocrx_word' id='word_1_348' title='bbox 352 3933 502 3992; x_wconf 80' lang='grc' dir='ltr'>ἐπιστατεῖν</span> <span class='ocrx_word' id='word_1_349' title='bbox 524 3931 664 4009; x_wconf 86' lang='grc' dir='ltr'>λαχοῦσαν</span> <span class='ocrx_word' id='word_1_350' title='bbox 686 3937 785 4002; x_wconf 80' lang='grc' dir='ltr'>κοινῶς</span> <span class='ocrx_word' id='word_1_351' title='bbox 807 3931 950 4008; x_wconf 89' lang='grc' dir='ltr'>βασιλείαν</span> <span class='ocrx_word' id='word_1_352' title='bbox 971 3936 1018 3993; x_wconf 88' lang='grc' dir='ltr'>τοῦ</span> <span class='ocrx_word' id='word_1_353' title='bbox 1041 3933 1180 4012; x_wconf 74' lang='grc' dir='ltr'>ῥωμαϊκαῦ</span> <span class='ocrx_word' id='word_1_354' title='bbox 1200 3933 1302 4004; x_wconf 82' lang='grc' dir='ltr'>παντός</span> <span class='ocrx_word' id='word_1_355' title='bbox 1316 3932 1437 4011; x_wconf 78' lang='grc' dir='ltr'>λάχους,</span> <span class='ocrx_word' id='word_1_356' title='bbox 1462 3935 1538 3996; x_wconf 76' lang='grc' dir='ltr'>ἀλλὰ</span> 
     </span>
     <span class='ocr_line' id='line_1_31' title="bbox 246 4052 1537 4135; baseline 0.005 -23"><span class='ocrx_word' id='word_1_357' title='bbox 246 4052 375 4114; x_wconf 85' lang='grc' dir='ltr'>δουλεῦον</span> <span class='ocrx_word' id='word_1_358' title='bbox 402 4052 537 4133; x_wconf 87' lang='grc' dir='ltr'>αίοχιστα,</span> <span class='ocrx_word' id='word_1_359' title='bbox 565 4054 596 4114; x_wconf 87' lang='grc' dir='ltr'>οῦ</span> <span class='ocrx_word' id='word_1_360' title='bbox 618 4052 729 4128; x_wconf 71' lang='grc' dir='ltr'>μάλλόν</span> <span class='ocrx_word' id='word_1_361' title='bbox 751 4055 846 4133; x_wconf 79' lang='grc' dir='ltr'>γετῷ</span> <span class='ocrx_word' id='word_1_362' title='bbox 868 4053 951 4133; x_wconf 82' lang='grc' dir='ltr'>κοινῷ</span> <span class='ocrx_word' id='word_1_363' title='bbox 974 4055 1050 4132; x_wconf 83' lang='grc' dir='ltr'>γένει</span> <span class='ocrx_word' id='word_1_364' title='bbox 1070 4057 1089 4129; x_wconf 79' lang='grc' dir='ltr'>ἢ</span> <span class='ocrx_word' id='word_1_365' title='bbox 1113 4054 1210 4134; x_wconf 77' lang='grc' dir='ltr'>ἑαυτῷ,</span> <span class='ocrx_word' id='word_1_366' title='bbox 1238 4055 1354 4128; x_wconf 80' lang='grc' dir='ltr'>ἐκείνοις</span> <span class='ocrx_word' id='word_1_367' title='bbox 1376 4056 1537 4135; x_wconf 76' lang='grc' dir='ltr'>ἀνθρώποις,</span> 
     </span>
     <span class='ocr_line' id='line_1_32' title="bbox 245 4169 1537 4256; baseline 0.002 -22"><span class='ocrx_word' id='word_1_368' title='bbox 245 4169 351 4235; x_wconf 83' lang='grc' dir='ltr'>οἷστισιν</span> <span class='ocrx_word' id='word_1_369' title='bbox 379 4175 442 4254; x_wconf 83' lang='grc' dir='ltr'>σίρο,</span> <span class='ocrx_word' id='word_1_370' title='bbox 472 4174 546 4248; x_wconf 71' lang='grc' dir='ltr'>πλην</span> <span class='ocrx_word' id='word_1_371' title='bbox 572 4195 607 4253; x_wconf 88' lang='grc' dir='ltr'>γε</span> <span class='ocrx_word' id='word_1_372' title='bbox 629 4175 671 4234; x_wconf 86' lang='grc' dir='ltr'>ότι</span> <span class='ocrx_word' id='word_1_373' title='bbox 691 4179 787 4245; x_wconf 84' lang='grc' dir='ltr'>κακῶς</span> <span class='ocrx_word' id='word_1_374' title='bbox 809 4174 909 4234; x_wconf 76' lang='grc' dir='ltr'>ἐκεῖνοι</span> <span class='ocrx_word' id='word_1_375' title='bbox 931 4175 1039 4246; x_wconf 75' lang='grc' dir='ltr'>ἑαυτοῖς</span> <span class='ocrx_word' id='word_1_376' title='bbox 1059 4195 1090 4236; x_wconf 83' lang='grc' dir='ltr'>τι</span> <span class='ocrx_word' id='word_1_377' title='bbox 1112 4177 1244 4256; x_wconf 84' lang='grc' dir='ltr'>ἐχρῶντο,</span> <span class='ocrx_word' id='word_1_378' title='bbox 1274 4174 1321 4236; x_wconf 86' lang='grc' dir='ltr'>καί</span> <span class='ocrx_word' id='word_1_379' title='bbox 1343 4170 1384 4249; x_wconf 84' lang='grc' dir='ltr'>οίς</span> <span class='ocrx_word' id='word_1_380' title='bbox 1406 4178 1445 4248; x_wconf 84' lang='grc' dir='ltr'>ὡς</span> <span class='ocrx_word' id='word_1_381' title='bbox 1469 4179 1537 4252; x_wconf 81' lang='grc' dir='ltr'>όπη-</span> 
     </span>
     <span class='ocr_line' id='line_1_33' title="bbox 245 4293 1538 4377; baseline 0.002 -21"><span class='ocrx_word' id='word_1_382' title='bbox 245 4297 320 4367; x_wconf 86' lang='grc' dir='ltr'>κόοις</span> <span class='ocrx_word' id='word_1_383' title='bbox 343 4295 464 4375; x_wconf 82' lang='grc' dir='ltr'>ἐχρῶντο</span> <span class='ocrx_word' id='word_1_384' title='bbox 478 4293 526 4355; x_wconf 89' lang='grc' dir='ltr'>καί</span> <span class='ocrx_word' id='word_1_385' title='bbox 541 4299 681 4367; x_wconf 82' lang='grc' dir='ltr'>νοσοῦντες</span> <span class='ocrx_word' id='word_1_386' title='bbox 694 4295 883 4373; x_wconf 78' lang='grc' dir='ltr'>χαλεπώτατα</span> <span class='ocrx_word' id='word_1_387' title='bbox 897 4295 1045 4356; x_wconf 87' lang='grc' dir='ltr'>νοσοῦντων</span> <span class='ocrx_word' id='word_1_388' title='bbox 1060 4297 1189 4368; x_wconf 81' lang='grc' dir='ltr'>ῶοαίιτως</span> <span class='ocrx_word' id='word_1_389' title='bbox 1204 4297 1348 4377; x_wconf 78' lang='grc' dir='ltr'>ἄρχοντες,</span> <span class='ocrx_word' id='word_1_390' title='bbox 1369 4296 1417 4358; x_wconf 88' lang='grc' dir='ltr'>καὶ</span> <span class='ocrx_word' id='word_1_391' title='bbox 1431 4299 1538 4377; x_wconf 82' lang='grc' dir='ltr'>φαύλης</span> 
     </span>
     <span class='ocr_line' id='line_1_34' title="bbox 245 4415 1537 4498; baseline 0.005 -24"><span class='ocrx_word' id='word_1_392' title='bbox 245 4415 339 4491; x_wconf 70' lang='grc' dir='ltr'>βιοτῆς</span> <span class='ocrx_word' id='word_1_393' title='bbox 364 4417 416 4494; x_wconf 85' lang='grc' dir='ltr'>σῦχ</span> <span class='ocrx_word' id='word_1_394' title='bbox 444 4417 551 4488; x_wconf 77' lang='grc' dir='ltr'>ἑαυτοῖς</span> <span class='ocrx_word' id='word_1_395' title='bbox 576 4419 669 4496; x_wconf 80' lang='grc' dir='ltr'>μόνον,</span> <span class='ocrx_word' id='word_1_396' title='bbox 699 4415 777 4476; x_wconf 78' lang='grc' dir='ltr'>ἀλλὰ</span> <span class='ocrx_word' id='word_1_397' title='bbox 803 4415 849 4476; x_wconf 90' lang='grc' dir='ltr'>καί</span> <span class='ocrx_word' id='word_1_398' title='bbox 876 4416 977 4488; x_wconf 78' lang='grc' dir='ltr'>α’λλοις</span> <span class='ocrx_word' id='word_1_399' title='bbox 1001 4419 1138 4496; x_wconf 79' lang='grc' dir='ltr'>ἡγεμόνες</span> <span class='ocrx_word' id='word_1_400' title='bbox 1164 4417 1250 4498; x_wconf 88' lang='grc' dir='ltr'>όντες,</span> <span class='ocrx_word' id='word_1_401' title='bbox 1281 4421 1354 4494; x_wconf 83' lang='grc' dir='ltr'>ὅσοις</span> <span class='ocrx_word' id='word_1_402' title='bbox 1380 4441 1422 4480; x_wconf 89' lang='grc' dir='ltr'>τοι</span> <span class='ocrx_word' id='word_1_403' title='bbox 1443 4427 1537 4488; x_wconf 87' lang='grc' dir='ltr'>κοοιῶς</span> 
     </span>
     <span class='ocr_line' id='line_1_35' title="bbox 244 4537 1538 4622; baseline 0.002 -25"><span class='ocrx_word' id='word_1_404' title='bbox 244 4541 321 4598; x_wconf 87' lang='grc' dir='ltr'>τοῦτο</span> <span class='ocrx_word' id='word_1_405' title='bbox 342 4537 390 4598; x_wconf 90' lang='grc' dir='ltr'>καί</span> <span class='ocrx_word' id='word_1_406' title='bbox 413 4537 552 4618; x_wconf 74' lang='grc' dir='ltr'>ἀλογίστῳ</span> <span class='ocrx_word' id='word_1_407' title='bbox 575 4543 735 4620; x_wconf 78' lang='grc' dir='ltr'>συναρπαγῇ</span> <span class='ocrx_word' id='word_1_408' title='bbox 755 4539 932 4618; x_wconf 85' lang='grc' dir='ltr'>προσίτριψιν</span> <span class='ocrx_word' id='word_1_409' title='bbox 954 4539 970 4597; x_wconf 88' lang='grc' dir='ltr'>ό</span> <span class='ocrx_word' id='word_1_410' title='bbox 991 4541 1090 4619; x_wconf 88' lang='grc' dir='ltr'>χρόνος</span> <span class='ocrx_word' id='word_1_411' title='bbox 1111 4538 1159 4600; x_wconf 89' lang='grc' dir='ltr'>καί</span> <span class='ocrx_word' id='word_1_412' title='bbox 1178 4539 1288 4620; x_wconf 80' lang='grc' dir='ltr'>ἀφορμὴ</span> <span class='ocrx_word' id='word_1_413' title='bbox 1302 4548 1398 4613; x_wconf 79' lang='grc' dir='ltr'>κακῶς</span> <span class='ocrx_word' id='word_1_414' title='bbox 1412 4546 1538 4622; x_wconf 88' lang='grc' dir='ltr'>πράττειν</span> 
     </span>
     <span class='ocr_line' id='line_1_36' title="bbox 245 4655 1537 4741; baseline 0.002 -23"><span class='ocrx_word' id='word_1_415' title='bbox 245 4658 316 4737; x_wconf 82' lang='grc' dir='ltr'>σφίσι</span> <span class='ocrx_word' id='word_1_416' title='bbox 337 4679 367 4718; x_wconf 92' lang='grc' dir='ltr'>τε</span> <span class='ocrx_word' id='word_1_417' title='bbox 390 4660 480 4730; x_wconf 79' lang='grc' dir='ltr'>αίιτοῦς</span> <span class='ocrx_word' id='word_1_418' title='bbox 502 4655 571 4719; x_wconf 81' lang='grc' dir='ltr'>εἶναι</span> <span class='ocrx_word' id='word_1_419' title='bbox 593 4657 640 4718; x_wconf 86' lang='grc' dir='ltr'>καί</span> <span class='ocrx_word' id='word_1_420' title='bbox 664 4659 763 4727; x_wconf 79' lang='grc' dir='ltr'>ἄλλοις</span> <span class='ocrx_word' id='word_1_421' title='bbox 785 4657 954 4740; x_wconf 68' lang='grc' dir='ltr'>αζοοῦμινοι,</span> <span class='ocrx_word' id='word_1_422' title='bbox 977 4666 1072 4730; x_wconf 89' lang='grc' dir='ltr'>κακιῦς</span> <span class='ocrx_word' id='word_1_423' title='bbox 1092 4681 1122 4720; x_wconf 85' lang='grc' dir='ltr'>τε</span> <span class='ocrx_word' id='word_1_424' title='bbox 1136 4658 1183 4720; x_wconf 82' lang='grc' dir='ltr'>καὶ</span> <span class='ocrx_word' id='word_1_425' title='bbox 1199 4660 1315 4734; x_wconf 78' lang='grc' dir='ltr'>ἀμαθῶς</span> <span class='ocrx_word' id='word_1_426' title='bbox 1329 4667 1384 4722; x_wconf 89' lang='grc' dir='ltr'>τῶν</span> <span class='ocrx_word' id='word_1_427' title='bbox 1396 4662 1477 4741; x_wconf 81' lang='grc' dir='ltr'>ἱερῶν</span> <span class='ocrx_word' id='word_1_428' title='bbox 1492 4661 1537 4722; x_wconf 86' lang='grc' dir='ltr'>καί</span> 
     </span>
    </p>
   </div>
   <div class='ocr_carea' id='block_1_6' title="bbox 0 0 1593 5298">
    <p class='ocr_par' dir='ltr' id='par_1_6' title="bbox 0 0 1593 5298">
     <span class='ocr_line' id='line_1_37' title="bbox 0 0 1593 5298; baseline 0 0"><span class='ocrx_word' id='word_1_429' title='bbox 0 0 1593 5298; x_wconf 95' lang='lat' dir='ltr'> </span> 
     </span>
    </p>
   </div>
  </div>
 </body>
</html>
