3208 5310
1305 315 1348 384 55

69 519 100 576 έν.
119 519 200 594 ἕτερον
221 515 365 594 χωρὰρων
389 512 418 572 έν
439 518 473 594 τῇ
495 511 639 591 ποποθεσίᾳ
660 517 714 570 τῶν
738 511 919 586 Ποταμιάνων
940 511 971 570 το
993 511 1149 590 λεγόμενον
1171 515 1225 570 τῶν
1250 511 1349 572 Αδλών

68 635 214 712 τὀπλησίον
236 639 284 695 τοῦ
307 633 457 716 Βρουσηίου
481 633 583 708 μοδίων
600 629 624 694 σί
637 629 688 708 ς”.
713 635 804 712 ἕτερον
826 636 872 693 τοῦ
895 629 999 692 Λανίου
1021 633 1052 692 τδ
1073 630 1190 708 πλησίον
1211 633 1350 713 χωραρίου

68 765 106 820 τοῦ
124 757 254 832 Σουπέτζη
279 757 383 832 μοδίων
400 755 436 827 ζ’,
464 758 556 835 ἕτερον
581 755 611 814 ἐν
633 761 666 836 τῇ
689 754 836 835 τοποθεσίᾳ
857 759 907 828 τῆς
929 752 1067 833 Κρανείας
1089 754 1120 813 τδ
1143 754 1350 833 Πυριανοιμὰτον

67 881 137 958 ἤγουν
161 885 209 954 τῆς
232 877 337 949 Γωνίας
360 876 461 952 μοδίων
478 875 514 936 δ’.
546 875 682 951 ἀμπέλων
704 881 754 950 τῆς
778 873 948 955 Παραδείσου
972 874 1067 950 μοδίου
1082 871 1132 949 ς”.
1164 876 1257 954 ἕτερον
1279 876 1351 936 κατὰ

68 1000 153 1076 δυσμὰς
173 1001 204 1060 τδ
225 999 401 1072 καλούμενον
416 996 593 1078 Βαρδουοιάτο
617 995 720 1072 μοδίων
735 995 773 1074 γ’.
798 995 934 1070 ἀμπέλων
958 997 987 1056 έν
1007 995 1199 1078 ιῄτοποθεσίᾳ
1209 1001 1256 1056 τοῦ
1272 997 1351 1074 ἁγίου

67 1123 192 1202 Τρίρωνος
213 1123 245 1181 τδ
268 1119 423 1198 λεγόμενον
446 1122 493 1180 τοῦ
508 1117 634 1194 Είυβάλου
656 1115 703 1178 καί
724 1117 841 1192 πλησίον
864 1121 915 1192 τῆς
939 1115 1003 1177 δδοῦ
1024 1116 1125 1191 μοδίων
1141 1116 1192 1191 ς”.
1216 1118 1350 1194 ἀμπέλιον

65 1249 100 1302 τοί
119 1242 249 1322 ’λγρίλλα
277 1241 380 1318 μοδίων
397 1239 424 1304 ι’.
458 1242 550 1320 ἕτερον
573 1241 603 1299 το
626 1240 780 1316 λεγόμενον
803 1241 834 1298 τδ
852 1239 1052 1318 Λαζαριάτυων
1075 1239 1177 1316 μοδίων
1193 1238 1225 1300 ε’.
1258 1241 1350 1320 ἕτερον

67 1365 184 1438 ἀμπέλων
210 1365 228 1438 ἡ
255 1357 465 1442 Ἁπλοράβάενα
492 1361 593 1438 μοάίων
613 1361 650 1438 γ’.
683 1362 775 1440 ἕτερον
805 1365 852 1420 τοῦ
879 1361 989 1422 Ἀπάνω
1017 1361 1164 1442 Δρυμώνος
1191 1360 1294 1437 μοδίων
1314 1359 1348 1420 δ’.

67 1489 142 1566 ἕτερον
164 1485 300 1561 ἀμπέλων
322 1489 369 1544 τοῦ
385 1485 518 1559 Φαβάτου
540 1483 571 1544 το
595 1483 698 1544 ἀνωθεν
719 1485 859 1558 κομμάτια
875 1479 900 1555 β’
925 1482 1028 1558 μοδίων
1043 1481 1080 1559 η’.
1106 1485 1197 1564 ἕτερον
1213 1483 1350 1559 ἀμπέλων

65 1609 88 1666 το
106 1607 255 1684 λεγόμενον
270 1607 497 1682 Δαμαντζηνάτον
522 1603 624 1680 μοάίων
639 1602 673 1667 ε’.
698 1606 791 1683 ἕτερον
813 1607 860 1664 τοῦ
874 1604 998 1665 Λατιπίου
1013 1606 1044 1664 τ“ο
1058 1605 1174 1680 πλησίον
1190 1609 1236 1666 τοῦ
1251 1605 1350 1674 Λαζα-

67 1731 133 1806 ρίτου
154 1729 246 1804 μσδίου
263 1727 299 1790 α’.
329 1723 434 1814 [ἕτερον
456 1722 604 1811 ἀμπέλων]
632 1725 672 1798 εἰς
698 1726 733 1786 τὰ
755 1727 872 1801 Σπηλεα
895 1725 990 1802 μοδίου
1007 1725 1044 1787 α’.
1074 1721 1179 1811 [ἕτερον
1202 1722 1350 1811 ἀμπέλων]

1331 1847 1338 1868 Ι

1342 1896 1348 1908 ι

65 1849 163 1924 πλησίον
177 1850 318 1930 χωραρίου
337 1853 383 1909 τοῦ
399 1849 570 1924 Ἀλσιμματὰ
586 1848 689 1923 μοδίων
702 1847 738 1922 β’.
763 1849 855 1928 ἕτερον
871 1847 1007 1923 ἀμπέλων
1022 1851 1068 1908 τοῦ
1083 1847 1182 1922 Γλαβὰ
1197 1848 1299 1925 μοδίων
1313 1849 1330 1924 β

220 2058 367 2132 Ὁμοίως
390 2057 442 2117 διὰ
464 2062 527 2116 τών
549 2055 728 2135 χωραρίων
750 2061 812 2114 τῶν
836 2055 939 2134 ἀγίιυν
964 2057 1181 2136 Ἀναργίυρων.

155 2216 298 2295 Χωρὰρων
320 2215 352 2272 τ“ο
376 2211 524 2292 ἁριερωθὲν
547 2211 600 2272 ἀπδ
617 2211 744 2272 Ἰωάννου
767 2215 814 2272 τοῦ
828 2209 961 2287 Σουπίτζη
981 2211 1011 2272 τδ
1028 2212 1057 2272 δν
1071 2232 1102 2272 τε
1116 2211 1163 2272 καὶ
1179 2211 1350 2288 διακείμενον

67 2334 90 2392 ἐν
116 2344 146 2416 πη
173 2341 291 2416 περιοχῇ
326 2339 372 2394 τοῦ
399 2334 539 2410 Βσηάηνοῦ
569 2331 616 2394 οιαὶ
643 2333 758 2408 πλησίον
786 2331 926 2412 χωραρίου
951 2336 998 2392 τοῦ
1026 2332 1103 2410 ἁγίου
1131 2333 1279 2414 Θεοδώρου
1304 2333 1352 2394 καί

66 2455 166 2528 πλησίον
187 2455 328 2537 χωραρίου
350 2459 397 2516 τοῦ
416 2454 547 2529 Σουπίτζη
571 2453 666 2528 μοδίου
683 2453 718 2515 α’.
745 2455 837 2533 ἕτερον
859 2456 998 2532 χωρὰρων
1020 2456 1051 2513 τδ
1074 2453 1127 2515 ἀπδ
1143 2455 1284 2516 Νυιολοίου
1306 2460 1352 2517 τοῦ

66 2700 141 2776 μίρρη
162 2699 247 2776 ἤγουν
273 2699 305 2758 τδ
333 2697 420 2776 τρίτον
449 2699 532 2776 μέρος
559 2697 589 2756 τδ
617 2692 680 2781 μίὴ]
706 2697 902 2773 ἐπιλαγχοίνον.
914 2693 937 2778 1)
969 2699 1060 2778 ἕτερον
1083 2701 1222 2778 χωρὰριον
1244 2701 1275 2758 τ“ο
1298 2700 1351 2759 ἀπδ

67 2819 185 2896 Εὐθυμίου
211 2825 258 2880 τοῦ
281 2821 406 2898 Βεργάτη
435 2817 475 2890 είς
504 2819 552 2894 τὴν
584 2819 743 2880 τοποθεσίαν
770 2824 819 2894 τῆς
841 2819 964 2898 Κρονίοις
991 2821 1021 2878 τίν
1047 2821 1163 2894 πλησίον
1190 2827 1243 2880 τών
1267 2822 1352 2900 ἁγίων

66 2941 273 3022 Τεσσορὰοωντα,
304 2941 395 3001 ἵστατο
420 2941 448 3000 έν
477 2939 549 3018 αίυτῷ
571 2941 690 3000 παλαίον
713 2941 782 3000 σπίτι
805 2945 851 3000 τοῦ
877 2941 1045 3020 Πυρανέμου,
1076 2941 1179 3017 μοδίων
1194 2941 1228 3002 δ’.
1260 2944 1352 3022 ἕτερον

65 3065 188 3142 γωρέρων
209 3065 240 3124 τδ
263 3063 316 3124 ἀπο
333 3062 490 3140 ΙΙαγνιαλῆς
511 3067 561 3136 τῆς
584 3062 696 3137 συμβίου
712 3062 915 3122 Κωνσταντίνου
937 3067 983 3122 τοῦ
1000 3062 1131 3139 Ἰωοοιεὶμ
1152 3065 1182 3122 τδ
1197 3064 1351 3142 λεγόμενον

65 3192 102 3242 ’.οὐ
122 3185 197 3264 ἁγίου
213 3187 344 3262 Λέοντος,
367 3186 397 3244 τδ
419 3183 537 3260 πλησίον
558 3183 697 3264 χωραρίου
719 3189 765 3244 τοῦ
785 3189 864 3244 παπὰ
880 3179 1026 3262 Θεοδώρου
1043 3185 1232 3265 Φωράπουλου
1249 3183 1351 3260 μοδίων

66 3304 143 3378 τ’ς”.
174 3307 267 3384 ἕτερον
296 3308 435 3384 χωράριον
467 3301 519 3364 ἀπο
549 3311 626 3366 παπὰ
653 3305 857 3365 Κωνοταντίνου
884 3309 929 3365 τοῦ
957 3306 977 3364 Γ
980 3307 1036 3385 ρέζι
1065 3305 1112 3366 καὶ
1139 3303 1279 3366 Νικολάου
1305 3311 1351 3366 τοῦ

65 3425 172 3504 ἀδελφοῦ
203 3427 282 3488 αυτοῦ
312 3427 341 3486 ἐν
366 3433 400 3508 τῇ
428 3427 572 3510 τοποθεσίᾳ
598 3431 645 3488 τοῦ
673 3426 751 3506 ἁγίου
773 3426 919 3506 Τρώρωνος
946 3428 976 3486 τδ
1004 3426 1120 3503 πλησίον
1147 3427 1194 3487 καί
1221 3429 1352 3507 σύνεγγυς

65 3547 189 3628 χωρσρίου
211 3553 257 3608 τοῦ
279 3547 438 3624 Κατωπάδη
460 3546 507 3608 καί
530 3548 669 3628 χωραρίου
691 3553 737 3608 τοῦ
762 3549 989 3628 Περιβολωιὰνου
1011 3547 1059 3608 καὶ
1082 3554 1127 3610 τοῦ
1143 3551 1352 3610 Ἐπισνωπιανοῠ

66 3669 155 3739 μοδίων
170 3670 196 3745 β’
208 3669 261 3744 ς”.
293 3670 371 3730 ἀλλὰ
397 3668 444 3730 καί
472 3669 572 3750 δένδρα
595 3670 706 3750 έλαϊιιοί,
734 3669 785 3752 52²)
808 3670 928 3730 ἵστανται
952 3671 980 3730 ἐν
1002 3670 1041 3751 τῷ
1063 3671 1195 3752 χωραφίῳ
1219 3670 1351 3752 Θυρίδων,

67 3793 318 3870 ἁσυμμειρὰζονται
346 3791 417 3866 μετά
442 3796 488 3852 τοῦ
513 3789 628 3864 Μεταξὰ
655 3789 702 3850 καί
730 3796 776 3850 τοῦ
800 3792 966 3871 Ἐγριπιώτη
993 3793 1046 3852 ἀπδ
1069 3793 1103 3852 τὰ
1125 3794 1180 3852 ἀλα
1201 3795 1233 3852 πὀ
1255 3793 1351 3873 τρίτον.

68 3913 134 3992 ἕτερα
155 3913 257 3994 δένδρα
278 3912 326 3972 καί
347 3913 416 3974 οιίυτά
439 3913 550 3992 ἐλαίιιὰ,
580 3913 608 3972 έν
632 3907 654 3992 ᾧ
677 3913 795 3972 ἵστανται
818 3909 923 3974 ἀνωθεν
946 3914 1070 3989 ἀμπέλια
1091 3919 1137 3974 τοῦ
1160 3916 1283 3995 Ζερζηνὰ
1305 3913 1352 3974 καὶ

68 4034 122 4092 ini
143 4037 211 4109 μετὰ
233 4041 280 4094 τοῦ
297 4031 415 4108 Μεταξά
434 4036 520 4113 ἤγουν
542 4034 590 4096 οιαὶ
613 4037 700 4096 αίυτών
722 4037 752 4094 τδ
772 4036 869 4116 τρίτον.
894 4038 985 4117 ἕτερον
1000 4039 1137 4116 χωρὰρων
1152 4038 1183 4095 το
1199 4036 1251 4096 ἀπδ
1268 4037 1352 4095 Κων-

68 4157 186 4218 παντίνου
217 4161 266 4218 τοῦ
287 4158 417 4237 Καθαροῦ
447 4159 475 4217 ἐν
505 4163 538 4239 τῇ
568 4157 713 4240 τοποθεσίᾳ
739 4165 792 4218 τών
816 4157 939 4237 Θυρίδων
961 4160 991 4217 τδ
1014 4158 1130 4232 πλησίον
1152 4157 1199 4217 καὶ
1223 4159 1352 4238 σύνεγγυς

68 4281 104 4334 τοῦ
123 4281 271 4340 τανσέπτου
293 4283 359 4340 ναοῦ
381 4285 428 4340 τοῦ
450 4280 528 4359 ἁγίου
544 4279 747 4340 Κωνσταντίνου
769 4279 854 4359 ἤγουν
877 4280 930 4340 ἀπδ
952 4281 1001 4354 τὴν
1023 4283 1141 4359 κόγχην,
1165 4281 1215 4338 ὅσα
1238 4278 1284 4339 καί
1308 4275 1352 4340 οἷὰ

71 4395 135 4460 ἐστιν.
164 4401 244 4482 έτερα
272 4403 398 4482 χωρὰρια
426 4401 480 4462 ἀπδ
509 4401 655 4482 Θεοδώρου
682 4407 728 4462 τοῦ
753 4401 952 4481 Πλαστοροίγου
980 4399 1019 4472 είς
1044 4403 1094 4476 τὴν
1119 4401 1279 4462 τοποθεσίαν
1306 4406 1352 4462 τοῦ

73 4553 260 4566 -κ--ῌ-

160 4661 176 4725 1)
192 4663 292 4728 Apogr.
313 4657 517 4730 έπιλαγχὰνοντα.
589 4661 609 4726 ²)
627 4661 726 4728 Apogr.
746 4657 768 4710 ἐν
787 4654 815 4728 ᾧ.
