3222 5284
258 352 323 418 354

362 546 440 624 Κεφ.
457 543 518 616 κζ’.
544 543 624 625 Περὶ
646 550 709 605 τῶν
733 543 966 626 ἐργοδοτριῶν.
998 543 1055 606 Καὶ
1079 542 1123 606 ἐπὶ
1145 549 1200 606 τῶν
1223 545 1311 626 ἔργων
1335 543 1550 622 δέἡκσύηγου-

259 669 328 745 μένη
345 666 392 728 δύο
408 668 482 740 τινὰς
497 673 550 728 τῶν
567 669 742 744 μοναζουσῶν
756 669 930 747 καταστήσει,
946 669 981 740 άς
996 669 1029 726 ἂν
1044 672 1098 728 τῶν
1113 667 1220 728 λοιπῶν
1234 673 1376 750 προκρινῇ,
1397 666 1550 747 ὀφειλούσας

213 766 214 770 ¹
257 791 306 864 τὴν
328 789 450 870 χρειώδη
480 787 520 867 τῷ
550 785 704 869 ἐργοχείρῳ
726 793 780 848 τῶν
811 791 985 865 μοναζουσῶν
1006 788 1076 864 ύλην
1106 788 1260 866 λαμβάνειν
1291 787 1362 863 μετὰ
1383 791 1550 868 προσγράφοι

256 911 328 972 κατὰ
350 913 444 992 καιρόν
467 906 520 970 ἀπό
542 914 588 971 τοῦ
612 909 721 988 δοχείου
743 908 789 970 καί
813 909 968 991 ἐργοδοτεϊν
990 912 1088 988 ταύτην
1110 913 1169 982 ταῖς
1193 911 1392 992 ἐργαζομὲναις
1410 907 1550 991 προστάξει

256 1031 303 1094 καὶ
325 1038 374 1108 τῆς
395 1033 614 1112 κσύηγουμένης.
661 1030 738 1104 οσύθίς
759 1052 789 1091 τε
813 1031 916 1108 εἰδὴοει
938 1034 1037 1109 ταύτης
1062 1032 1294 1114 παραλαμβάνειν
1315 1033 1349 1093 τὰ
1373 1031 1550 1114 ἐργοδοδέντα

256 1153 423 1236 εἰργασμένα
449 1152 496 1214 καὶ
522 1152 703 1234 παραδιδόναι
730 1156 789 1226 ταῖς
816 1153 856 1226 εἰς
881 1156 912 1215 τ“σ
939 1153 1050 1233 δοχεϊον
1075 1159 1123 1215 τοῦ
1151 1155 1257 1231 βεστίου
1285 1117 1461 1234 ἐνεργαύσάις
1487 1153 1550 1228 μετὰ

255 1278 438 1356 προσ-γράφου,
468 1277 506 1348 ώς
529 1277 562 1334 ἂν
584 1273 632 1335 καὶ
660 1280 743 1335 ταῦτα
772 1275 842 1334 κατὰ
865 1275 913 1351 τὴν
939 1281 990 1351 τῆς
1015 1277 1172 1356 ἡγουμένης
1199 1273 1375 1350 ἐξοόιάζοντα
1400 1273 1548 1356 πρόσταξιν.

360 1399 439 1477 Κεφ.
462 1396 522 1472 κη’.
554 1394 635 1478 Περὶ
660 1403 724 1458 τῶν
747 1395 847 1477 ἐντῷ
874 1396 995 1478 βεστίῳ
1022 1397 1237 1479 δοχειαριῶν.
1283 1396 1318 1457 Αἰ
1340 1395 1372 1458 δὲ
1401 1396 1548 1476 δοχειαρίαι

254 1525 301 1582 τού
323 1521 429 1596 βεστίου
450 1525 503 1581 τῶν
527 1519 683 1596 ἐνδυμάτων
705 1525 759 1580 τῶν
782 1522 956 1597 μοναζουσῶν
981 1518 1041 1604 (καί
1063 1517 1141 1580 αύταὶ
1156 1519 1211 1601 γάρ
1227 1517 1378 1599 δοχειαρίαι
1395 1519 1547 1596 ὀνομαούὴ·

256 1639 360 1726 σονται)
385 1641 520 1720 ὀφείλουσι
542 1641 772 1723 παραλαμβάνειν
793 1643 882 1702 πάντα
904 1642 938 1701 τὰ
954 1639 994 1715 εἰς
1017 1641 1176 1717 ἐνδυμενίαν
1192 1646 1245 1704 τῶν
1265 1643 1438 1718 μοναζουσιῖιν
1454 1661 1546 1720 χρησι-

256 1764 347 1840 μεύειν
370 1762 515 1844 ὀφείλοντα
537 1763 607 1840 μετὰ
629 1766 801 1846 προσγράφου
823 1762 871 1824 καί
886 1761 1037 1838 ἐξοδιάζειν
1052 1767 1137 1824 ταῦτα
1152 1763 1197 1824 διὰ
1211 1761 1387 1844 προστάξεως
1400 1768 1450 1839 ιὴς
1465 1763 1545 1839 ἡγου-

256 1887 351 1964 μένης,
375 1885 440 1946 ἐνθα
463 1885 496 1945 ἃν
519 1885 585 1961 αύιὴ
609 1885 751 1960 βούληται.
794 1884 823 1945 αἱ
846 1884 923 1958 αὐταὶ
946 1875 987 1946 δέ1
999 1886 1210 1968 παραλήψονται
1232 1883 1279 1946 καί
1301 1885 1336 1945 τὰ
1357 1885 1444 1944 λοιπὰ
1464 1883 1545 1943 πάντα

254 2007 288 2068 τὰ
312 2005 351 2079 εἰς
373 2006 518 2087 ὑπηρεσίαν
541 2012 594 2067 τῶν
618 2009 800 2087 μοναζουσῶν,
823 2006 908 2086 ἤγουν
931 2005 1024 2087 σαγία,
1047 2007 1175 2087 πηλωτά,
1199 2006 1390 2086 ἐφαπλώματα
1411 2005 1446 2066 τὰ
1466 2003 1505 2078 εἰς
1519 2003 1544 2063 :b

254 2130 368 2210 λουτρόν
394 2128 515 2209 χρειώδη
546 2127 593 2188 καί
623 2128 721 2200 ἁπλῶς
746 2130 835 2189 πάντα
861 2127 908 2188 καί
939 2126 1135 2207 ἐξοδιάσουσιν,
1166 2129 1232 2188 ἔνθα
1253 2129 1327 2204 άνὴ
1356 2127 1543 2207 καύηγανμένι.

253 2247 392 2333 προστάξῃ
425 2249 601 2331 προσγραφδις
629 2248 676 2311 καί
705 2255 755 2327 τῆς
786 2247 882 2322 ἐξόδου
915 2251 1015 2311 τούτων
1048 2250 1208 2326 ποιούμεναι
1235 2247 1284 2312 καὶ
1318 2249 1543 2332 λογαριαζόμεναι

252 2372 422 2453 παράντις.
1589 2459 1590 2484 ,

335 2580 336 2584 γ
358 2495 436 2575 Κεφ.
459 2493 518 2557 κδ’.
543 2492 624 2576 Περὶ
646 2496 889 2577 τὴςπυλωρού.
935 2495 1026 2556 Ἀλλόι
1047 2493 1094 2556 καὶ
1115 2495 1166 2571 τὴν
1186 2495 1237 2568 τόις
1258 2495 1339 2567 κλεῖς
1359 2497 1406 2556 τού
1426 2491 1543 2561 πυλῶνος
1589 2485 1590 2510 ’

253 2617 382 2694 κατέχειν
405 2615 576 2696 ὀφείλουσαν,
606 2618 639 2691 ἡν
662 2614 709 2676 καί
730 2616 858 2698 πυλωρδν
885 2617 1067 2696 ὀνομάζομεν,
1096 2615 1114 2693 ἡ
1137 2617 1332 2696 καύηγουμένη
1355 2613 1458 2695 ὀφείλει
1478 2633 1540 2694 προ·

253 2738 427 2818 χειρίζεσθαι,
457 2732 476 2818 ἡ
498 2729 545 2797 καί
567 2736 673 2819 φροντὶς
697 2737 771 2798 ἔσται
792 2741 837 2798 τού
868 2736 1001 2814 μηδόλως
1027 2731 1142 2818 γνώμης
1168 2737 1233 2820 άτερ
1255 2741 1305 2815 τῆς
1327 2739 1482 2816 ἡγουμένης
1502 2735 1541 2792 τὀν

200 2833 203 2840 ⁴
252 2859 367 2920 πυλῶνα
396 2858 562 2938 ἀνοίγεσθαι,
594 2861 664 2936 μὴτε
687 2861 741 2936 μὴν
764 2857 875 2922 εἰσιέναι
897 2863 915 2935 ἡ
939 2856 1041 2933 ἐξιέναι
1063 2859 1138 2932 τινὰς
1160 2857 1200 2931 εἰς
1222 2861 1252 2920 τδ
1275 2861 1454 2939 μονασπὴριον
1484 2852 1539 2916 ἄνευ

254 2978 387 3055 εἰδὴσεως
416 2986 465 3058 τῆς
490 2982 715 3059 καθηγουμένης·
746 2979 791 3042 διὰ
817 2981 871 3062 γὰρ
898 2985 976 3044 τούτο
1002 2980 1050 3042 καὶ
1075 2984 1106 3042 τδ
1131 2979 1194 3062 περὶ
1220 2981 1320 3040 τούτων
1347 2981 1494 3060 κεφαλαιον
1513 2976 1538 3032 τέ

253 3099 455 3182 διαλαμβάνον,
477 3108 536 3174 πῶς
556 3101 603 3163 καὶ
624 3104 690 3162 πότε
713 3099 760 3162 καὶ
781 3101 853 3174 τίνες
874 3107 928 3162 τῶν
950 3102 1189 3184 παραβαλλύντων
1210 3105 1271 3174 ταῖς
1293 3103 1430 3180 μοναχαῑς
1452 3099 1538 3174 ἐντυγ-

252 3227 347 3302 χάνειν
370 3220 516 3303 ὀφείλουσι,
539 3223 714 3304 μεταγραφέν
738 3222 974 3304 ἐγχειρισύὴσεται
988 3226 1066 3306 αὐτζη,
1090 3224 1128 3297 ώς
1144 3227 1177 3283 δν
1193 3221 1296 3300 εἰόησιν
1311 3229 1365 3284 τῶν
1379 3226 1426 3284 τού
1440 3220 1538 3282 συιιικού

253 3345 382 3424 ῥημάτων
406 3345 516 3424 ἔχουσα,
539 3345 729 3427 ὑπομιμνήσκῃ
751 3346 800 3420 τὴν
822 3346 1031 3425 καθηγουμένην
1052 3343 1099 3406 καὶ
1113 3343 1259 3427 προστάξει
1274 3346 1357 3420 αύτῆς
1372 3343 1400 3404 αί
1417 3340 1538 3413 ἐντεύξεις

252 3463 378 3544 γίνωνται
400 3465 472 3526 κατὰ
493 3465 541 3541 τὴν
563 3469 610 3526 τού
631 3469 740 3526 τυπικού
763 3465 885 3542 δύναμιν.
916 3471 1002 3548 γραῦς
1024 3468 1117 3542 μέντοι
1139 3466 1243 3546 ὀφείλει
1267 3461 1336 3526 εἶναι
1357 3467 1375 3540 ἡ
1397 3463 1436 3537 εἰς
1450 3463 1537 3536 ταύτην

251 3587 301 3661 τὴν
324 3584 462 3646 διακονίαν
484 3584 702 3667 προβαλλομένη
725 3585 772 3648 καί
795 3585 854 3662 βίου
877 3592 976 3664 σεμνοῦ
997 3586 1044 3648 καὶ
1059 3589 1290 3668 μεμαρτυρημένη
1305 3587 1380 3668 παρὰ
1394 3589 1482 3662 πάσης
1495 3587 1536 3656 τῆς

253 3706 449 3787 ὀδελφότητος,
471 3708 532 3782 ἡτις
553 3705 600 3768 καὶ
615 3704 676 3768 καθ’
686 3708 802 3786 ἑκάστην
823 3709 938 3790 ἑσπέραν
953 3708 1004 3784 τὰς
1018 3709 1098 3782 κλεῖς
1114 3707 1303 3786 εἰσκομίζουσα
1319 3709 1394 3770 ἔσται
1409 3714 1442 3791 τῇ
1456 3705 1535 3779 καθη-

251 3829 383 3909 γουμένη.
411 3825 458 3888 καὶ
473 3827 536 3889 ούδέ
552 3827 618 3905 αύτὴ
634 3829 696 3902 τούς
712 3829 757 3890 ἐπὶ
771 3831 837 3891 θέαν
853 3832 936 3908 σώτὴς
952 3831 1116 3912 ἀφιγμένους
1131 3833 1273 3911 συγγενεῖς
1288 3831 1382 3908 ὄψεται
1399 3832 1462 3892 ἄνευ
1475 3847 1534 3908 προ·

250 3953 353 4030 τροπὴς
375 3954 424 4025 τῆς
445 3951 611 4030 ἡγουμένης,
635 3949 765 4034 ἐπιτροπῇ
789 3951 820 4012 δὲ
834 3953 933 4028 ταύτης
948 3953 1075 4014 θεάσεται
1092 3950 1196 4033 αύτούς,
1218 3953 1311 4024 καθώς
1327 3954 1360 4012 ἂν
1377 3945 1533 4032 ἐπιτραπείη.

251 4069 385 4147 διηνεκῶς
414 4073 507 4148 μέντοι
535 4073 696 4153 προσμένειν
726 4072 809 4150 αύτὴν
832 4072 921 4155 ἐντῷ
943 4075 1049 4136 πυλῶνι
1072 4075 1103 4135 ού
1133 4074 1262 4150 βούλεται
1283 4074 1302 4149 ἡ
1326 4072 1456 4148 βασιλεία
1482 4089 1534 4147 μου,

250 4189 328 4252 ἀλλὰ
349 4193 483 4269 καθῆσθαι
505 4191 552 4254 καί
575 4193 657 4269 αὀτὴν
681 4193 710 4254 ἐν
732 4193 771 4274 τῷ
793 4195 964 4276 άφοριομένιρ
991 4194 1102 4278 οἰκίσκῳ
1125 4195 1196 4271 μετὰ
1216 4201 1266 4272 τῆς
1292 4194 1478 4276 ἀδελφότητος
1498 4191 1533 4252 δι-

250 4311 377 4395 ορίζεται,
400 4312 428 4373 εἴ
445 4335 486 4386 τις
501 4313 532 4374 δέ
547 4313 629 4394 χρεία
644 4316 757 4394 γένηται
771 4315 965 4397 παραβαλλειν
984 4317 1082 4393 ταύτην
1099 4317 1128 4377 ἐν
1143 4315 1181 4398 τῷ
1196 4315 1302 4378 πυλῶνι
1318 4316 1532 4396 άναδιδαχύεῑσαν

250 4433 296 4494 διὰ
317 4438 364 4494 τοῦ
392 4435 532 4516 κώδωνος,
565 4436 606 4498 ὅτι
636 4437 750 4498 καλοῖτο
772 4437 841 4518 προς
863 4439 908 4500 τδν
936 4438 1061 4520 πυλῶνα,
1090 4437 1235 4520 προστάξει
1256 4444 1306 4516 τῆς
1335 4437 1532 4518 καύηγουμέτύς

250 4555 431 4616 ἀπελεύσεται
453 4555 500 4617 καί
521 4557 570 4632 ιὴν
593 4556 742 4638 διακονίαν,
773 4557 854 4620 ὁποία
884 4558 949 4640 ἐστὶ,
979 4561 1159 4642 πληρώσασα,
1190 4558 1374 4622 εἰσελεύσεται
1404 4557 1477 4634 αἰύις
1494 4551 1531 4617 καὶ

249 4677 498 4760 ουγκαθεούὴσεται
519 4679 579 4751 ταῖς
601 4677 722 4752 λοιπαῖς.
