3246 5288
1283 399 1285 404 ,
1312 339 1375 406 457

26 521 50 572 [³
65 545 68 550 '
84 557 105 594 υ.
126 541 200 604 219,
224 541 242 593 Ι.
262 541 302 592 17
316 533 411 605 κλέος.
443 540 478 592 Ia
493 539 557 594 αίάίι
572 539 640 593 actia
655 540 773 608 ejusdam
783 539 962 608 patriarchae
979 532 1073 612 ἐλεος;
1096 541 1143 594 τεά
1152 559 1184 610 ρ.
1203 543 1274 612 288,
1298 543 1317 596 Ι.
1336 545 1377 596 26

25 655 183 728 ἐ,·ἰιλεός;
206 661 247 716 ica
263 679 296 730 p.
315 665 386 730 220,
410 662 428 716 Ι.
447 653 506 716 2οί
530 655 596 715 θεῖοι
618 653 664 716 καὶ
683 653 752 735 ἱεροὶ
767 677 794 717 κ.
825 661 843 716 l.
864 665 904 716 14
918 681 987 718 corr.
1004 656 1126 716 πωλῶοι.
1158 664 1177 718 ί.
1196 667 1237 718 28
1251 655 1312 738 περὶ
1326 663 1376 732 τῆς

31 765 58 824 θ’
73 775 120 848 εἰς
143 778 174 836 τό
198 774 272 852 ἑξῆς.
301 801 332 853 p.
351 785 422 853 222,
446 783 465 838 ί.
484 785 525 837 16
546 801 615 838 corr.
634 777 703 855 ἔχοι.
738 784 809 840 Doc.
825 790 914 838 οαεισί
935 785 1016 856 ¹etiam
1038 787 1115 856 apud
1140 785 1175 840 G.
1196 785 1232 840 G.
1249 787 1376 856 Papada·

25 911 42 946 ι’-
72 907 186 978 pulum,
211 899 254 958 Τά
276 899 347 959 κατὰ
369 899 414 959 τόν
431 946 438 960 .
456 943 464 960 .
482 947 489 960 .
510 902 679 980 πατριάρχην
695 899 715 958 Γ
717 900 843 981 ρηγόριον
857 901 903 960 τόν
920 896 952 964 ε’.
983 906 1100 976 Athena,
1128 909 1220 962 1866.
1238 909 1262 962 Ι.
1275 925 1306 978 μ
1328 911 1374 964 77.

240 1193 299 1258 ΙΧ.
324 1192 378 1258 Ad
401 1201 474 1258 acta
496 1195 764 1258 monasteriorum
787 1191 1042 1279 Myrsiniotissae
1066 1203 1098 1258 et
1120 1193 1218 1259 Prati.

187 1395 231 1448 De
253 1397 307 1448 οἰίυ
330 1402 354 1448 ιι
375 1395 489 1448 historia
511 1396 733 1450 ιιιοιιωίενιῦνυαι
755 1395 931 1450 οοιτειιίειιάυο
947 1396 980 1450 A.
998 1395 1197 1464 Ραραάομιιίυε
1218 1369 1376 1450 Καταοναυσ.

23 1537 54 1570 ::.-
78 1509 270 1590 (ΙΙοιράρτημα
297 1506 398 1569 τοῦτο’
423 1510 507 1582 τόμου
533 1513 582 1585 τῆς
607 1506 863 1588 Μαυρογορδατείου
886 1508 963 1583 βιβλ.
1003 1517 1240 1586 &wanemala
1272 1515 1376 1586 1884).

72 1657 105 1707 1²·
126 1639 182 1692 XI.
221 1633 239 1706 ἡ
264 1633 332 1706 μονὴ
348 1632 492 1706 Λειμιῖινος
515 1630 655 1709 ἀπέχουσα
678 1636 727 1706 της
748 1631 935 1710 πρωτευοῦσης
954 1636 1004 1706 τῆς
1023 1633 1103 1706 νήσου
1124 1630 1185 1713 περὶ
1204 1632 1252 1702 τάς
1269 1629 1288 1692 8
1305 1636 1378 1714 ὧρας

18 1799 22 1808 ,
75 1755 197 1829 κειμένη
221 1753 252 1812 δέ
267 1754 314 1812 ΒΑ
339 1759 388 1828 τῆς
410 1753 601 1828 κωμοπόλεως
616 1753 772 1834 Ἀχεριθνας
795 1751 834 1825 είς
858 1753 1002 1814 ἀπόστασιν
1021 1753 1147 1828 ἡμισείας
1162 1753 1275 1834 περίπου
1291 1757 1376 1834 ὥρας,

18 1898 35 1924 -’
74 1871 112 1950 ἧς
139 1873 256 1948 πλησίον
281 1875 308 1934 ἐν
332 1875 376 1956 ἴση
397 1873 510 1955 περίπου
533 1874 678 1934 ἀποστάσει
701 1877 789 1934 κεῖται
812 1876 881 1950 μονὴ
901 1873 1041 1953 γυναικεία
1064 1872 1240 1954 ἐξαρτωμένη
1257 1877 1377 1956 ἀρχῆθεν

27 2059 29 2062 .
75 1998 135 2056 ἀπό
164 2002 213 2072 τῆς
239 2001 284 2056 τοῦ
307 1998 449 2071 Αειμιῖινος
472 2001 544 2070 (vide
567 2001 618 2056 Nr.
640 2003 698 2072 ΙΙΙ,
719 2021 750 2072 μ
773 2002 857 2072 234).
902 1999 920 2072 ἡ
949 1997 1018 2072 μονὴ
1042 1997 1186 2070 Λειμῶνος
1213 1999 1251 2068 ὡς
1276 1997 1378 2077 ἵδρυμα

76 2119 134 2193 μὲν
158 2119 272 2194 κατέχει
295 2118 356 2198 εῦρῦ
370 2123 462 2198 χῶρον
486 2117 515 2176 ἐν
535 2116 725 2197 λεκανοπεδίῳ
748 2119 981 2198 περιστρεφομένῳ
997 2118 1046 2178 ῦπθ
1063 2117 1165 2190 βουνῶν
1181 2119 1377 2198 ἀποληγόντων

15 2311 17 2332 ὲ
77 2239 122 2312 εἰς
146 2243 219 2318 τρεῖς
240 2242 367 2318 κορυράς.
400 2240 541 2318 διαιρεῖται
563 2239 594 2299 δὲ
611 2235 650 2310 εἰς
668 2238 728 2318 τρία
750 2241 926 2315 ουνηνωμένα
949 2242 1019 2320 μέρη
1042 2240 1285 2318 περιλαμβάνοντα
1299 2244 1377 2316 πάμ-

28 2430 31 2436 A
77 2363 181 2422 πολλα
203 2359 305 2422 κελλία
327 2359 373 2420 καί
390 2361 418 2420 ἐν
439 2363 515 2440 μέσῳ
530 2364 576 2421 τοῦ
591 2361 689 2441 κυρίως
710 2363 880 2440 τετραγώνου
904 2363 986 2436 αῦιής
1007 2361 1117 2439 ὑψοῦται
1140 2363 1227 2442 ὡραία
1244 2363 1379 2436 ἐκκλησία

80 2487 187 2562 ἔχουσα
211 2483 310 2563 ῥυθμόν
334 2483 521 2562 όγιορειτικόν,
544 2477 610 2558 ήςή
635 2481 768 2560 οἰκοδομὴ
785 2481 828 2542 ἐπὶ
850 2483 977 2544 παλαιῶν
992 2484 1131 2559 θεμελίων
1147 2481 1249 2564 ήρξατο
1265 2485 1318 2543 ἀπο
1333 2489 1379 2546 τοῦ

84 2616 171 2667 1795
190 2607 274 2677 ἔτους.
286 2631 318 2682 p.
338 2612 406 2666 XII.
432 2607 449 2679 ή
467 2607 537 2680 μονὴ
553 2603 655 2682 όρείλει
671 2605 719 2679 τὴν
734 2605 856 2664 σύστασιν
872 2602 909 2681 τῷ
925 2605 991 2683 όσίῳ
1007 2605 1141 2686 Ἰγνατίῳ,
1158 2609 1229 2678 όστις
1244 2601 1315 2665 κατὰ
1330 2609 1378 2682 τὴν

84 2727 233 2790 ἀνέκδοτον
257 2729 335 2786 αὐτοῦ
360 2727 518 2806 βιογραηίαν
542 2732 635 2803 (quam
658 2733 778 2786 ιάίιιιννια
801 2739 839 2786 eat
862 2751 909 2802 ap.
925 2735 997 2802 Pap.
1015 2731 1064 2800 K.)
1089 2727 1220 2804 ἐγεννήθη
1239 2727 1277 2807 τῷ
1297 2737 1379 2790 1492

13 2899 20 2930 ,
82 2854 148 2930 ἔτει,
173 2851 206 2910 ἐκ
227 2851 328 2928 πατρός
343 2849 529 2923 Ἐμμανουήλ
545 2845 730 2926 Ἀγαλλιανοῦ
752 2847 857 2928 ἱερέως,
889 2847 1046 2926 νυμοευθεὶς
1070 2847 1165 2928 ἐνωρὶς
1184 2853 1379 2929 χειροτονεῖται

82 2975 194 3048 ἀμέσως
224 2971 312 3051 ἱερεὺς
345 2968 392 3030 καὶ
425 2969 582 3029 σακελλίων
610 2975 660 3044 τῆς
690 2969 887 3048 μητροπόλεως
917 2971 1067 3044 Μεθῦμνης
1105 2968 1245 3049 διαμεθεὶς
1276 2971 1378 3049 γίνεται

83 3094 155 3170 μετά
176 3095 274 3173 χρόνον
297 3093 356 3152 τινὰ
377 3093 465 3170 πατὴρ
489 3093 652 3169 μονογενοῦς
674 3091 778 3170 τέκνου,
801 3095 847 3152 τοῦ
869 3091 977 3172 ῦστερον
1001 3091 1137 3152 Μεθοδίου
1161 3097 1293 3170 μοναχοῦ.
1325 3095 1378 3154 θα-

82 3219 181 3291 νοῦαης
199 3215 230 3276 δέ
244 3221 292 3290 τῆς
316 3215 427 3293 συζίιγου
451 3214 528 3272 αὑτοῦ
544 3210 649 3290 γίνεται
671 3211 852 3294 ίερομόναχος
874 3211 920 3273 καὶ
935 3215 1116 3288 πνευματικός
1131 3217 1230 3294 πατήρ,
1247 3213 1379 3292 Ἰγνάτιος

84 3337 309 3416 μετονομασθείς,
334 3335 379 3421 (τό
401 3337 530 3416 πρότερον
554 3335 633 3394 αὺτοῦ
656 3335 743 3410 όνομα
765 3335 918 3414 Ἰωάννης).
950 3331 987 3410 τῷ
1013 3345 1096 3396 1626
1118 3335 1215 3410 λαβὼν
1237 3336 1311 3416 παρὰ
1333 3342 1379 3398 τοῦ

81 3463 185 3542 πατρός
219 3461 359 3540 διαφόρους
383 3456 588 3535 οίκογενειακάς
610 3457 702 3536 γαίας,
733 3457 872 3538 ἀγοράσας
896 3456 995 3517 δὲκαὶ
1018 3459 1114 3538 ἑτέρας
1136 3458 1210 3537 παρὰ
1231 3463 1284 3518 τιῦν
1307 3479 1379 3539 κρα-

83 3585 210 3661 τούντων,
233 3583 297 3662 παρ’
311 3582 391 3642 αυτοῦ
414 3585 458 3640 τοῦ
480 3579 582 3658 πατρός
604 3577 649 3639 καί
664 3580 728 3657 παρ’
745 3575 843 3639 ἀλλων
858 3585 1067 3658 ουμπατριωτῶν
1084 3579 1276 3655 ἀναλαμβάνει
1291 3577 1379 3641 οἰκεία

85 3706 216 3782 βουλήσει
230 3705 279 3778 τὴν
296 3703 470 3762 ἀνασῦστασιν
487 3701 532 3761 δίο
548 3700 759 3781 οἰκογενειακῶν
776 3701 934 3782 μονυδρίων,
955 3697 992 3762 ὧν
1008 3703 1038 3762 τό
1055 3701 1105 3778 μὲν
1120 3699 1154 3780 ἦν
1170 3703 1378 3779 ἀνατεθειμένον

86 3831 143 3899 τοῖς
166 3825 366 3903 παμμεγίστοις
388 3822 566 3904 Ταξιάρχαις,
596 3826 626 3884 τό
658 3823 689 3884 δὲ
718 3829 767 3900 τῆς
790 3823 928 3886 Θοοτόκου
955 3825 1115 3905 ἀναφέρεται
1139 3825 1168 3882 ἐν
1191 3825 1379 3905 πατριαρχικῷ

88 3951 216 4029 ἐγγράφῳ
244 3953 290 4008 τοῦ
316 3958 397 4008 1331
422 3953 503 4022 (Acta
523 3954 678 4008 Ραινίανσίι.
698 3955 721 4019 Ι,
748 3951 830 4022 164),
854 3949 894 4018 ὡς
916 3948 1094 4026 μσναοτήριον
1118 3947 1256 4026 ἐνοριακόν
1280 3947 1379 4007 ἐπονο-

87 4073 240 4148 μαζόμενον
264 4076 341 4148 ,,τοῦ
357 4069 556 4149 Μυρσίνηςίέ,
581 4071 611 4128 ἐν
635 4067 773 4147 ἐξαρχικῷ
797 4069 828 4128 δὲ
848 4073 894 4128 τοῦ
917 4077 1003 4129 1486
1026 4070 1099 4140 έτους
1123 4070 1160 4140 ὡς
1183 4072 1379 4149 σταυροττήγιον

87 4195 147 4272 μέν,
171 4193 249 4252 ἀλλά
271 4193 349 4271 λόγῳ
365 4191 464 4252 τίτλων
480 4193 634 4272 κυριότητος
650 4197 742 4266 κτῆμα
756 4197 806 4266 τῆς
821 4193 934 4268 συζύγου
949 4196 994 4250 τοῦ
1010 4191 1105 4270 ἱερέως
1121 4189 1252 4270 Ξενητοῦ,
1276 4212 1378 4270 συγγε-

86 4319 157 4392 νοῦς,
182 4315 310 4394 φαίνεται,
334 4319 380 4374 τοῦ
397 4314 538 4396 Ὶγνατίου,
561 4315 620 4388 ἥτις
637 4314 797 4394 ἀγοράσασα
814 4314 876 4372 αὑτό
894 4361 899 4373 .
919 4361 925 4374 .
944 4361 950 4373 .
969 4314 1105 4393 ἐπετράπη
1123 4313 1168 4373 διά
1182 4317 1379 4394 πατριαρχικοῦ

87 4439 250 4517 γράμματος
264 4441 310 4496 τοῦ
325 4457 349 4496 κ
363 4437 476 4511 Συμεὼν
488 4441 728 4512 (1472-1476)
740 4435 774 4494 νά
790 4435 907 4516 δεσπόζῃ
922 4439 968 4494 τοῦ
983 4439 1048 4494 ναοῦ
1063 4434 1109 4494 καὶ
1125 4433 1188 4517 νάᾖ
1204 4433 1250 4494 καὶ
1262 4435 1379 4512 λέγηται

87 4559 208 4634 νομίμοις
231 4561 390 4640 κτιτιθρισσα
413 4559 451 4630 ὡς
475 4559 575 4636 ἔχουσα
599 4556 703 4618 δίκαιον
726 4556 885 4636 ἀγορασίας,
929 4557 1069 4636 ἀμφότερα
1089 4557 1122 4615 τόι
1146 4557 1275 4638 μονίδρια
1297 4561 1379 4616 ταῦτα

88 4680 334 4760 ἀνοικοδομηθέντα
364 4681 417 4758 ήδη
443 4678 495 4766 (τῳ
521 4689 603 4742 1526
627 4681 694 4764 ἔτει)
721 4679 771 4738 ῦπό
792 4683 839 4742 τοῦ
868 4679 941 4740 όσίου
964 4677 1095 4758 ’ίγνατίου
1120 4725 1125 4739 .
1146 4725 1151 4738 .
1171 4725 1177 4737 .
1201 4677 1379 4760 ἐχρησὶμευον
