3246 5288
1336 355 1398 422 397

59 550 100 610 δὲ
135 558 236 614 ’πᾶσιν
260 555 314 614 ἀπδ
344 553 407 613 θεοῦ
435 553 654 630 παντοκράτορος
685 550 833 630 ἐλευθέραν
863 551 1001 630 τηρεῖσθαι
1022 547 1070 610 καὶ
1100 549 1328 612 άκαταδοῦλωτον
1350 551 1400 626 τήν

58 673 146 752 παρ’
162 675 239 751 ἡμῖν
264 675 298 734 ἐκ
320 671 429 754 βάθρων
456 673 649 752 ἀνεγερθείσαν
680 671 760 752 ἁγίαν
789 672 887 748 ταῦτήν
911 673 1007 752 μονήν,
1038 670 1235 732 αθτσδὲστοτον
1257 670 1304 731 καὶ
1328 672 1400 746 μηδέ

59 813 148 854 τισιν
187 797 372 872 Ιζιποκειμένην
380 793 404 876 ¹)
435 794 549 868 δικαίοις
578 796 660 873 τυχδν
691 793 844 872 βασιλικοῖς
865 797 884 868 ἢ
907 794 1144 870 ἐκκλησιαστικαῖς
1166 797 1184 870 ή
1206 797 1399 874 τροσωπικοῑς,

62 915 154 977 ἀλλ’
173 918 230 978 {ab
254 918 330 996 μόνῳ
352 915 407 997 θεῷ
429 915 477 977 καὶ
498 921 532 998 τῇ
555 916 683 996 οῖχράντῳ
706 915 786 976 αῦτοῦ
809 913 892 994 μητρὶ
906 913 954 976 καί
968 919 1015 976 τοῦ
1029 913 1101 976 κατὰ
1115 915 1164 990 τήν
1183 915 1291 996 ἡμέραν
1312 916 1399 994 ήγου-

63 1039 261 1113 μενεῦοντσς
292 1037 470 1121 ἐρορᾶσθαιδ)
492 1035 540 1100 καί
569 1035 750 1118 κυβερνᾶσθαι
772 1035 820 1098 καὶ
843 1036 1013 1098 διιθῦνεσθαι.
1059 1034 1083 1096 εί
1106 1035 1138 1098 δὲ
1160 1035 1207 1096 καί
1229 1057 1270 1108 τις
1293 1037 1399 1112 βουλη-

64 1159 145 1238 θείη
178 1161 249 1222 ποτὲ
270 1161 334 1220 καθ’
347 1159 499 1236 οῖονδήτινα
521 1161 618 1240 τρόπον
641 1159 671 1220 ἐν
694 1157 847 1240 οίῳδήπστε
869 1159 961 1239 χρόνῳ
983 1157 1247 1220 καταδουλώσασθαι
1268 1158 1399 1234 ταῦιηνή

67 1283 289 1362 ὑπαγαγέσθαι
311 1285 330 1358 ή
357 1283 400 1342 ὑπ’
415 1275 540 1356 ἐξουσίαν
561 1282 633 1353 τινδς
654 1281 828 1362 ποιήσασθαι,
860 1273 917 1354 οῖος
941 1283 973 1340 άν
995 1281 1042 1341 καί
1065 1280 1121 1340 ἐστι
1142 1285 1196 1340 τῶν
1218 1283 1326 1340 πάντων
1349 1279 1400 1339 ἀν-

68 1403 224 1484 θρώπων,
256 1405 271 1462 ὁ
293 1407 370 1465 τοῦτο
386 1403 543 1480 ,τολμήσας
566 1403 664 1482 ἔνοχος
688 1404 756 1464 ἔστω
778 1401 817 1482 τῷ
839 1403 905 1481 θείῳ
928 1405 1034 1478 σῶματι
1055 1400 1103 1462 καὶ
1125 1401 1220 1478 αἵματι
1241 1405 1288 1462 τοῦ
1309 1401 1401 1480 κυρίου

69 1525 133 1585 καὶ
163 1527 233 1586 θεοῦ
254 1523 301 1586 καὶ
331 1530 455 1606 σωτῆρος
476 1525 557 1600 ήμῶν
580 1526 669 1602 Ἰησοῦ
691 1526 807 1605 Χριστοῦ
829 1523 877 1584 καὶ
898 1525 948 1600 τήν
971 1523 1057 1605 ἁγνήν
1086 1524 1243 1605 θεομήτορα
1266 1522 1400 1584 ἀντίδικον

72 1644 134 1706 καὶ
171 1647 309 1723 πολέμιον
339 1643 396 1719 ἕξει
418 1645 503 1728 ἐντῇ
533 1646 625 1729 ἡμέρᾳ
646 1651 696 1723 τής
726 1645 855 1727 κρίσεως,
887 1647 954 1721 αῦτη
978 1644 1010 1706 δέ
1038 1644 1123 1706 πάλιν
1155 1645 1288 1726 ἐλευθέρα
1310 1647 1402 1721 πάσης

76 1765 225 1842 ἐξουσίας
247 1770 396 1848 ἀνθρώπων
420 1765 555 1850 διαμείνῃ.

206 1888 241 1951 δ’.
264 1889 428 1968 Ἀναγκαῖον
451 1889 482 1950 δέ
503 1889 572 1970 πρδς
593 1889 639 1948 τδν
662 1887 756 1970 είρμδν
771 1887 818 1949 καί
832 1888 881 1964 τήν
904 1887 1068 1950 ἀκολουθίαν
1090 1893 1139 1966 ιής
1162 1887 1316 1966 διηγήσεως
1338 1887 1400 1948 ἐπι-

80 2015 216 2090 συνάψαι
237 2011 271 2072 τθι
304 2011 470 2074 ἐλλείποντα
491 2012 559 2094 προς
581 2013 638 2084 τοῖς
660 2011 788 2092 ἀνωτέρω
812 2011 928 2091 ῥηθεῖσι·
959 2009 1083 2092 καὶγὰρ
1106 2007 1332 2086 έξαπεστάλησαν
1355 2009 1400 2088 ἀρ’

81 2135 180 2210 ἡμῶν
212 2133 326 2214 ἀδελφοὶ
349 2135 418 2214 πρδς
439 2135 484 2194 τδν
515 2134 614 2211 εῦσεβή
638 2134 822 2214 αὐτοκράτορα
844 2137 918 2212 κῦριν
942 2133 1079 2194 Ἰσαάκιον
1101 2133 1147 2192 τδν
1171 2130 1324 2210 Ἄγγελον,
1353 2129 1400 2191 καὶ

83 2261 126 2337 τῇ
155 2256 238 2316 αὺτοῦ
261 2255 389 2338 βασιλείᾳ
409 2253 553 2330 δεηθέντες
574 2254 784 2336 ἑπεκυρῶθησαν
799 2253 833 2314 τὰ
852 2252 1046 2333 χρυσῦβσυλλα
1061 2255 1108 2314 τοῦ
1124 2251 1248 2328 ἀοιδίμου
1264 2252 1401 2328 βασιλέως

88 2371 195 2461 [κυροῦ
218 2376 354 2452 Μανουὴλ
375 2380 422 2436 τοῦ
444 2371 601 2461 Κομνηνοῦ]
610 2371 636 2458 ³)
661 2375 706 2436 διὰ
727 2381 778 2452 τής
800 2373 876 2447 θείας
899 2375 978 2434 αὑτοῦ
1000 2375 1103 2455 χειρός,
1127 2375 1157 2436 οῦ
1180 2374 1235 2450 μὴν
1259 2371 1299 2449 δέ,
1324 2372 1402 2434 ἀλλὰ

88 2496 146 2558 καὶ
171 2503 261 2574 κῆπον
282 2497 468 2578 άπεχαρίσατο
490 2503 524 2579 τῇ
546 2497 670 2578 ἡμετέρᾳ
692 2503 762 2580 μονῇ
786 2497 839 2558 ἀπδ
860 2503 915 2556 τῶν
930 2495 1002 2557 κατὰ
1016 2497 1065 2572 τήν
1081 2495 1233 2558 Λευκασίαν
1250 2495 1402 2570 βασιλικῶν

90 2615 146 2678 καὶ
180 2617 304 2693 ἐκκοπὴν
334 2621 508 2694 νομισμάτων
538 2617 694 2699 ὑπερπὺρων
726 2615 845 2678 δῶδεκα.
892 2617 970 2678 ἀλλὰ
997 2617 1031 2692 δή
1053 2615 1139 2678 καὶὸ
1168 2616 1341 2697 ριλδχριστος
1362 2616 1401 2697 τῷ

90 2738 155 2799 έντι
178 2737 227 2800 καὶ
247 2740 461 2820 χριατσμίμητσς
483 2741 666 2820 αῦτσνράτωρ,
689 2743 764 2819 κῦρις
781 2735 909 2812 Ἀλίξιος
932 2735 1112 2818 δἌγγελσς,
1137 2738 1245 2819 ἑπόριίε
1266 2745 1299 2822 τῇ
1322 2739 1401 2815 ήμῶν

92 2861 167 2942 άγίᾳ
190 2867 261 2942 μονή
285 2860 329 2922 διὰ
352 2861 425 2922 θείου
439 2859 486 2922 καὶ
507 2864 692 2942 προσκυνητοῦ
713 2859 934 2941 χρυσσβουλλίου
955 2863 1064 2922 πάντων
1078 2865 1133 2920 τῶν
1150 2858 1314 2936 δθενδήποτε
1329 2879 1400 2940 προ-

94 2980 239 3042 ελθόντων
261 2987 382 3064 τῇμονή
405 2981 539 3058 ἀκινήτων
561 2984 730 3061 πραγμάτων
752 2981 875 3058 παντελή
899 2982 1028 3042 ἀτέλειαν
1049 2979 1097 3042 καὶ
1116 2979 1274 3062 ἐλευθερίαν
1291 2981 1400 3062 ἐδωρή-

93 3124 166 3164 σατο
190 3101 231 3176 εἰς
252 3103 298 3162 τδν
322 3102 408 3164 αἰῶνα
428 3103 475 3164 τδν
498 3105 604 3164 ἅπαντα
626 3103 673 3164 σθν
694 3104 834 3184 παροίκοις
858 3102 941 3164 είκοοι
964 3101 1012 3164 καὶ
1032 3104 1184 3184 τέσσαρσιν,
1208 3103 1255 3174 οθς
1276 3100 1323 3162 καί
1338 3101 1399 3163 διο-

94 3226 210 3306 ρίζομαι
233 3225 309 3304 ἔχειν
330 3227 361 3286 τδ
393 3227 564 3301 μνημόσυνον
586 3226 617 3286 σθ
638 3225 709 3286 κατὰ
731 3227 763 3286 τδ
786 3223 818 3298 ἐξ
841 3225 918 3298 ἔθους
940 3225 1095 3302 λεγόμενον
1117 3227 1161 3284 τά·
1194 3224 1255 3305 „Eu
1278 3223 1400 3301 δεόμεθα

94 3347 166 3426 ὑπὲρ
185 3319 244 3406 τῶν
266 3347 499 3426 εῦσεβεστάτωνίί,
523 3345 590 3447 ἀλλ’
604 3345 678 3418 ἰδίως
702 3347 731 3406 έν
754 3349 812 3420 ταῖς
834 3347 954 3418 άπάσαις
976 3346 1066 3418 λιταῖς
1088 3351 1137 3423 τής
1159 3345 1308 3428 ἀγρυπνίας
1330 3347 1401 3421 μετὰ

14 3505 18 3512 ·
94 3470 127 3527 τδ
152 3466 252 3527 εἰπεῖν·
298 3473 416 3548 ,,σῶσον,
440 3465 463 3528 ὦ
486 3469 559 3546 θεὸς,
582 3469 629 3528 τδν
651 3468 722 3528 λαόν
745 3467 826 3528 σου“·
851 3468 889 3528 ἔτι
913 3467 1034 3544 δεόμεθα
1056 3468 1122 3548 ὑπὲρ
1138 3470 1184 3528 τοῦ
1206 3467 1402 3544 εὐσεβεστάτου

95 3587 145 3650 καὶ
176 3588 350 3668 ριλοχρίοτου
379 3590 458 3666 ἡμῶν
489 3589 628 3664 βασιλέως
659 3590 754 3671 ,,κῦριε
779 3589 894 3666 ἐλέησον
918 3587 970 3649 κ’“
1001 3587 1048 3650 καὶ
1071 3589 1141 3666 μετὰ
1162 3591 1193 3650 τδ
1216 3589 1399 3670 μεσσνῦκτισν,

96 3711 194 3781 καθὼς
216 3712 363 3792 κατωτέρω
387 3710 587 3788 δηλωθήσεται.
620 3709 679 3770 ἐπεὶ
702 3708 794 3771 δὲκαὶ
813 3710 888 3791 παρὰ
909 3715 1009 3772 πιστῶν
1029 3709 1076 3771 καί
1098 3710 1279 3792 ριλοχρίστων
1295 3710 1401 3792 ἀνδρῶν

98 3833 181 3911 έτερά
203 3851 264 3890 τινα
294 3832 407 3908 ἀκίνητα
437 3832 625 3914 δριερῶθησαν
648 3837 681 3914 τῇ
705 3837 784 3914 μονῇ,
815 3830 877 3914 περὶ
909 3831 1029 3909 αῦτῶνί)
1052 3832 1113 3892 κατ’
1126 3827 1201 3904 είδος
1222 3833 1240 3908 ἡ
1264 3830 1401 3905 ἰδιάζουσα

96 3955 208 4024 πάντως
230 3955 398 4033 παραστήσει
420 3957 521 4035 γραρή.

205 4075 239 4136 ε’.
264 4075 322 4156 Πρδ
338 4078 447 4135 πάντων
469 4073 537 4155 ρημὶ
556 4079 609 4135 τῶν
631 4075 728 4136 ἄλλων
750 4077 780 4135 τδ
803 4075 954 4136 κάλλιστον
976 4073 1023 4136 καὶ
1045 4075 1216 4154 ὑψηλότατον
1238 4075 1399 4156 κεφάλαιον,

97 4195 178 4275 λέγω
203 4195 239 4273 δή
261 4191 369 4282 [τήν]5)
391 4202 441 4275 τῆς
463 4197 544 4277 ἁγίας
568 4196 728 4277 ἐκκλησίας,
752 4196 924 4276 ρωταλαμπή
949 4197 1095 4280 δᾳδουχίαν
1119 4196 1301 4278 δισρισέμεθα,
1324 4199 1401 4258 κατῶ

96 4337 176 4398 τερον
199 4317 232 4378 δὲ
254 4320 422 4400 τρανῶτερον
444 4316 659 4400 σαρηνίσομενθ)
682 4316 745 4400 περὶ
766 4317 935 4399 ψαλμῳδῖας
957 4315 1004 4380 καί
1017 4324 1068 4396 τῆς
1082 4319 1182 4395 λοιπῆς
1197 4322 1398 4392 καταστάσεως.

205 4604 226 4669 ¹)
239 4599 401 4672 ὑποκειμένοις
415 4603 447 4654 Ε.
501 4603 522 4668 ²)
535 4601 712 4671 άροράαθαιῖῦ.
766 4605 789 4671 ³)
798 4604 988 4672 supplevimus
1001 4604 1276 4656 exantocodantibus.
1330 4607 1351 4671 ⁴)
1364 4597 1399 4655 ὧν

99 4697 135 4759 τά,
155 4697 212 4766 περὶ
233 4699 311 4749 δεεστ
326 4698 358 4748 E.
430 4697 668 4795 5)Βιιρρ1υνῖιιιριιι.
740 4699 761 4764 ⁸)
785 4698 914 4767 διορισῶμ.
933 4727 967 4737 -—
986 4698 1139 4768 σαρηνίσωμ.
1158 4699 1190 4751 Ε.
