3194 5298
256 353 316 420 176

253 551 345 624 βαῖνον
369 550 508 631 ἐπίκρισιν,
525 557 557 634 τῆ
572 553 635 612 καθ’
647 553 722 628 ἡμᾶς
739 553 875 632 ἐκκλησίᾳ
888 558 966 614 τοῦτο
982 554 1171 635 ἀναφέρεσθαι,
1195 557 1234 629 ὡς
1253 561 1286 616 ἀν
1304 557 1424 618 ἐντεῦθεν
1438 560 1554 636 γένοιτό

251 692 291 743 τις
314 674 494 748 συνασπισμὸς
515 671 562 732 καί
585 674 671 746 οθτως
693 676 763 734 ἅπαν
787 673 942 735 σκάνδαλον
966 675 1144 736 ἀπελαόνοιτο
1166 676 1213 736 καί
1236 680 1333 752 μέσαις
1351 682 1410 752 ταῖς
1424 687 1479 741 τῶν
1499 681 1554 741 ἑκ-

251 794 374 869 κλησιῶν
390 795 534 867 πλατείαις
554 795 647 877 εἰρήνη
663 799 880 877 παρρησιάζοιτο.
905 797 1000 873 ἐπειδὴ
1016 799 1030 856 ό
1045 801 1246 879 πανιερῶτατσς
1262 801 1462 879 μητροπολίτας
1480 803 1554 862 Μο-

250 917 411 998 νεμβασίας,
434 917 578 999 ίατέρτιμος
597 917 644 978 καί
660 917 778 999 ἔξαρχος
792 922 882 995 πάσης
899 919 1108 994 Πελοποννήσου
1122 919 1168 980 καί
1183 921 1229 980 τόν
1244 925 1324 982 τόπον
1342 923 1449 1001 ἐπέχων
1459 923 1485 1007 ¹)
1503 929 1555 984 τοῦ

221 1063 226 1074 ·
250 1041 343 1120 Σίδης,
366 1045 416 1122 κόρ
439 1044 594 1124 Μακάριος,
619 1042 691 1119 έχων
715 1043 763 1101 οθκ
787 1040 884 1120 όλίγην
908 1041 1036 1122 διαφορὰν
1059 1041 1105 1102 καί
1128 1041 1241 1116 διένεξιν
1262 1045 1331 1119 μετὰ
1347 1050 1554 1126 τοόπανιερω-

249 1168 329 1225 πάτου
353 1165 551 1245 μητροπολίτου
573 1164 852 1244 Χριστιανσυπέλεως,
876 1169 957 1244 τυροῦ
980 1165 1142 1246 Σωφρσνίου,
1166 1167 1196 1239 δς
1219 1165 1394 1246 διακατέχειν
1418 1169 1554 1244 βαίλεταί

249 1308 323 1360 τινας
345 1293 399 1347 τῶν
423 1287 576 1348 ἐπισκοπῶν
599 1287 780 1368 διαφερουσῶν
802 1292 835 1369 τῇ
852 1288 991 1369 άγιωτάτη
1007 1289 1176 1369 μητροπόλει
1192 1289 1390 1366 Μονεμβασίοις
1407 1292 1476 1367 μετὰ
1493 1298 1552 1351 τῶν

250 1409 311 1491 περὶ
335 1411 416 1482 αίιτάς
439 1411 560 1492 ένοριῶν,
591 1409 755 1490 ἀναδραμὼν
782 1410 849 1490 πρός
871 1411 946 1485 ἡμᾶς
968 1411 1115 1483 συνοδικῶς
1136 1414 1371 1494 προκαθημένους,
1402 1414 1430 1474 οἳ
1451 1415 1552 1494 ἐπιφέ-

251 1551 334 1612 ρομεν
355 1535 386 1592 τδ
408 1535 454 1592 τοῦ
475 1535 680 1611 παναγιωτάτου
702 1533 780 1608 ήμῶν
801 1527 964 1616 [δεσπότου],
988 1535 1068 1612 κυροίι
1084 1533 1290 1614 Μητρσρσίνους,
1313 1537 1386 1594 θεῖον
1401 1539 1551 1616 πρόσωπον

249 1655 296 1716 καί
324 1655 419 1716 ἀδειαν
447 1656 548 1733 ἔχομεν
581 1653 614 1714 τά
642 1653 857 1728 ἐκκλησιαστικά
884 1655 923 1726 ὡς
950 1645 1005 1714 οἷόν
1032 1675 1063 1714 τε
1090 1652 1226 1727 ἐξετάζειν
1253 1655 1299 1716 καί
1322 1657 1475 1738 ἀνακρίνειν
1499 1657 1549 1718 καί

250 1778 289 1850 είς
324 1779 370 1838 τόν
399 1782 446 1838 τοῦ
476 1777 581 1837 δικαίου
609 1780 691 1836 τόπον
721 1776 788 1836 αὺτά
816 1777 955 1854 καθιστάν,
988 1776 1141 1855 ἐνεφάνισεν
1173 1779 1238 1853 ήμῑν
1267 1778 1461 1859 χρυσόβουλλα
1491 1785 1550 1839 τῶν

250 1901 380 1978 ἀοιδίμων
409 1901 457 1962 καὶ
486 1900 641 1979 μακαρίτων
672 1897 811 1972 βασιλέων
841 1901 887 1958 τοῦ
915 1917 946 1957 τε
975 1903 1023 1978 κόρ
1055 1899 1225 1979 Ἀνδρονίκου
1256 1901 1463 1985 ΙΙαλαιολόγου,
1495 1907 1548 1982 κΰρ

249 2028 375 2086 Ἰωάννου
403 2025 636 2101 Καντακσυζηνοίι,
667 2025 716 2101 κίιρ
740 2020 875 2096 Μανουὴλ
900 2021 1094 2100 Παλαιολόγσυ
1120 2019 1167 2081 καί
1193 2027 1243 2102 κάρ
1265 2025 1392 2084 Ἰωάννου
1417 2023 1548 2083 Παλαιο-

248 2149 344 2226 λόγου,
368 2145 581 2227 ἀργυρόβουλλα
603 2144 741 2204 δεσποτῶν
762 2142 888 2222 πολλῶν,
912 2143 1040 2215 ὡσαίτως
1062 2142 1108 2203 καὶ
1132 2145 1255 2223 σιγίλλια
1277 2148 1470 2226 πατριαρχιιιά,
1500 2151 1549 2206 τοῦ

247 2291 278 2329 τε
301 2273 349 2350 κῦρ
366 2269 467 2346 Ἰωσὴφ
489 2269 666 2348 πατριάρχου,
691 2261 749 2350 [καὶ
771 2261 828 2350 τοῦ]
852 2271 902 2346 κῦρ
918 2265 1124 2346 Μητρσφάνους,
1149 2267 1177 2325 ἐν
1200 2259 1241 2339 οἷς
1264 2267 1292 2326 ἐν
1316 2269 1395 2347 μέρει
1418 2267 1546 2343 διαλαμ-

249 2391 357 2465 βάνουσι
386 2390 523 2470 ἐπικυροῦν
545 2391 677 2468 προσήκει
699 2385 746 2448 καὶ
770 2387 942 2462 ἐπιβεβαιοῡν
964 2387 998 2446 τά
1022 2384 1153 2466 εἰρημένα
1174 2393 1227 2448 τῶν
1251 2387 1382 2462 ἀοιδίμων
1406 2388 1547 2463 βασιλέων

247 2511 441 2591 χρυσόβουλλα
467 2509 514 2570 καί
543 2506 577 2569 τά
607 2509 789 2588 πατριαρχικά
818 2509 952 2588 σιγίλλια,
983 2510 1079 2582 καλῶς
1108 2508 1154 2568 καί
1185 2510 1307 2584 νομίμως
1329 2513 1467 2590 γραφέντα
1495 2509 1543 2571 καί

248 2635 447 2714 ἐπικυρωθέντα
464 2678 471 2693 .
487 2633 586 2692 τούτων
611 2631 656 2691 οὖν
678 2630 732 2690 τῶν
755 2632 834 2692 θείων
857 2630 904 2691 καίΙ
926 2637 1030 2691 σεπτῶν
1053 2631 1267 2712 χρυσοβοθλλων
1290 2626 1337 2692 καί
1360 2639 1412 2692 τῶν
1435 2633 1543 2692 λοιπῶν
1592 2625 1593 2629 ¹

247 2757 382 2833 ἀπάντων,
412 2749 449 2816 ὧν
473 2755 600 2834 ἀνωτέρω
632 2755 743 2833 ἔφημεν,
774 2753 988 2832 ἐμφανιοθέντων
1019 2751 1065 2813 καί
1096 2754 1334 2834 ἀναγνωσθέντων,
1367 2753 1468 2830 ἐδεήθη
1493 2753 1542 2814 καί

247 2879 309 2961 παρ’
322 2881 401 2956 ήμῶν
423 2881 514 2956 τυχεῖν
537 2875 677 2936 συνοδικοῡ
704 2875 897 2954 ἐπικυρωτικοθ
923 2877 1086 2955 γράμματος
1112 2877 1281 2956 παρέχοντος
1303 2877 1334 2935 τδ
1358 2876 1469 2956 ἐνεργδν
1494 2875 1541 2936 καί
1591 2895 1592 2900 “

247 3001 359 3076 βέβαιον
381 3003 438 3072 τοῖς
461 2997 614 3080 εἰρημένοις
636 2997 872 3079 χρυσοβοθλλοις·
899 2997 985 3057 τοίνυν
1012 2995 1059 3056 καί
1086 2999 1167 3073 ἡμεῖς
1194 2999 1242 3073 τὴν
1271 2997 1363 3073 δέησιν
1388 2997 1467 3058 αδτοίι
1491 2999 1539 3057 εδ-

247 3129 337 3200 μενῶς
367 3118 568 3197 ἀποδεξάμενοι
595 3115 666 3180 κατά
696 3119 744 3196 τήν
773 3119 920 3200 περίληψιν
950 3125 1003 3178 τῶν
1034 3120 1157 3179 τοιοθτων
1188 3125 1292 3180 σεπτῶν
1321 3119 1538 3200 χρυσοθοθλλων

245 3244 292 3305 καί
314 3246 344 3304 τό
366 3245 452 3324 παρόν
475 3242 632 3320 ἀπολύομεν
654 3245 781 3324 γράμμα,
805 3241 839 3302 δι’
852 3235 883 3302 οὔ
906 3242 1111 3320 ἀποφαινόμεθα
1134 3239 1379 3315 ἐξακολουθοῦντας
1401 3247 1465 3302 πᾶσι
1480 3244 1537 3312 τοῖς

245 3365 472 3446 χρυσοβοθλλοις,
502 3366 575 3443 ἔχειν
598 3365 646 3442 τῆν
670 3365 796 3444 ῥηθεῖσαν
821 3361 973 3442 ἀγιωτοίτην
996 3363 1163 3442 μητρόπολιν
1184 3363 1391 3444 Μονεμήίασίας,
1416 3365 1481 3435 δσας
1506 3363 1537 3437 δή
1589 3433 1590 3445 γ

245 3490 426 3568 προκατείχεν
450 3487 609 3566 έπιοκσιισίς,
632 3486 716 3564 ήγουν
731 3485 779 3562 τήν
794 3492 844 3562 τῆς
860 3485 1007 3566 Κυθηρίας,
1030 3485 1079 3560 τήν
1095 3488 1140 3546 τοῦ
1154 3485 1266 3565 Ἕλους,
1289 3485 1337 3560 τὴν
1353 3491 1403 3560 τῆς
1419 3479 1538 3562 Μαίνης,

245 3611 295 3685 τήν
322 3614 368 3669 τοῦ
389 3603 524 3686 Ῥεόντος,
553 3609 600 3683 τὴν
628 3614 676 3683 τῆς
702 3609 836 3687 Ζεμενᾶς,
863 3608 912 3682 τὴν
939 3613 988 3683 τῆς
1011 3607 1153 3686 Κορώνης,
1181 3607 1229 3684 τὴν
1255 3612 1305 3682 τῆς
1332 3603 1471 3682 Μεθώνης
1493 3603 1538 3666 καί
1588 3685 1589 3692 γ

245 3739 294 3808 τῆς
318 3731 475 3812 Ἀνδροίισης
490 3728 536 3790 καί
552 3731 707 3790 ὑποκεῖσθαι
722 3731 820 3800 ταθτας
835 3735 868 3812 τῇ
885 3730 951 3811 αυτῆ
975 3728 1142 3808 μητροπόλει
1159 3727 1356 3802 Μονεμβασίας
1379 3729 1418 3801 ὡς
1440 3727 1538 3810 γνησίφ

246 3853 415 3933 μητροπόλει
439 3853 525 3912 αὐτῶν
549 3849 588 3924 εἰς
610 3853 640 3911 τδ
664 3849 729 3927 ἑξῆς
751 3849 791 3921 είς
814 3852 919 3910 ἅπαντα
940 3848 987 3910 καὶ
1003 3849 1115 3927 διηνεκῆ
1137 3852 1245 3931 χρόνον,
1269 3847 1400 3928 δέχεσθαί
1422 3871 1453 3910 τε
1479 3851 1536 3910 ἐπι-

245 3979 362 4048 σκόπους
386 3976 415 4034 ἐν
439 3976 541 4054 αὐταῖς,
570 3976 670 4046 οθς“ἀν
693 3974 707 4032 ό
729 3973 801 4034 κοιτά
822 3973 932 4054 καιροὺς
960 3973 1151 4051 εὑρισκόμενος
1173 3972 1316 4054 ἀρχιερεὺς
1338 3971 1536 4048 Μονεμβαοίας
1587 3971 1588 3986 ’

245 4097 393 4173 ἐκλέξηται
422 4097 469 4158 καί
495 4100 681 4178 χειροτονήσει
711 4093 758 4155 καὶ
779 4099 943 4170 καταστήσει
974 4095 1002 4154 ἐν
1033 4096 1134 4174 αδταῐς,
1166 4095 1204 4153 ἔτι
1232 4093 1263 4153 δὲ
1292 4094 1366 4172 ἔχειν
1392 4095 1440 4154 τδν
1469 4095 1537 4154 κατὰ

244 4224 338 4301 καιρόν
360 4221 555 4300 προϊστάμενον
579 4216 777 4293 Μονεμβασίας
799 4215 846 4277 καί
868 4213 963 4276 τᾶλλα
986 4214 1020 4291 δὴ
1042 4217 1186 4298 προνόμια,
1210 4217 1261 4274 όσα
1282 4217 1449 4295 παρέχουσιν
1473 4218 1534 4296 αυιῆ

243 4337 278 4401 τά
300 4340 432 4422 εἰρημένα
454 4338 648 4421 χρυσόβουλλα
669 4337 716 4400 καί
738 4336 772 4398 τά
794 4337 977 4419 πατριαρχικά
999 4337 1132 4418 σιγίλλια,
1161 4337 1280 4414 μηδενός
1301 4336 1464 4413 τολμῶντος
1485 4343 1534 4397 τῶν

245 4463 273 4522 έν
303 4462 430 4543 ίερατιιαξι
460 4463 609 4542 καταλόγῳ
640 4463 723 4522 όντων
754 4459 906 4537 ἀντιστῆναι
936 4463 991 4530 τοῖς
1022 4463 1229 4542 προειρημένοις
1258 4459 1478 4541 χρυσοβοθλλοις
1508 4461 1533 4520 ἐν

348 4727 367 4792 ¹)
387 4725 450 4776 eod.
472 4721 543 4793 έχων.
