3486 5282
1332 373 1392 438 189

115 567 162 637 τοῖς
186 561 255 644 ἆρον,
287 561 363 646 ἆρον,
393 566 545 648 σταύρωσον
573 567 653 628 αὐτόν
675 567 844 648 κραυγάσασι
866 569 1047 647 συγκοινωνδς
1069 567 1116 628 καὶ
1138 568 1316 650 συναρίθμισς.
1361 569 1395 630 τόι

115 683 172 746 αἰπὰ
196 687 227 746 δὲ
250 687 436 780 καταρώμεθα
463 686 510 746 καὶ
537 687 565 747 εί
582 707 622 760 τις
644 693 697 748 τῶν
721 689 891 764 μοναζόντων
913 696 964 766 τῆς
985 689 1135 766 καθ’ἠμσῖς
1158 696 1244 765 μονῆς
1266 691 1395 762 τοιούτοις

115 809 275 890 ἐπτηειρησσι,
300 809 355 868 εἴτε
376 809 530 889 ἡγούμενός
554 810 634 893 ἐστιν,
658 809 713 871 είτε
735 831 775 884 τις
798 810 896 884 ἀλλος.
919 814 1035 892 γινέσθω
1059 812 1089 872 δὲ
1112 811 1158 874 καὶ
1181 813 1215 872 τά
1237 813 1395 888 μνημόσυνα

113 933 179 1006 ἡμῶν
200 937 253 990 τῶν
275 931 405 998 εὐτελῶνΙ
418 933 479 992 κατ’
489 929 619 1014 ἐνιαυτόν,
643 931 672 993 ἐν
694 927 713 1014 ᾖ
735 935 768 992 ἀν
791 935 882 1016 ἡμέρᾳ
904 936 950 994 τόν
973 933 1032 1009 βίον
1053 933 1285 1014 ἀπομετρησωμεν
1301 933 1395 1016 καὶτῇ

113 1053 226 1132 ἐπσίριον
246 1059 300 1114 τῶν
324 1060 480 1134 μοκαριτῶν
503 1056 673 1136 γεννητόρων
696 1075 758 1144 μου,
781 1060 827 1116 τοῦ
849 1077 878 1116 τε
894 1055 1055 1132 Νικοδήμου
1075 1059 1198 1132 μοναχού
1212 1053 1259 1114 καί
1274 1052 1394 1116 Αίκστε-

113 1164 176 1254 ρίτης
197 1181 333 1256 μοναχῆς,
355 1169 403 1234 καί
424 1181 478 1236 τῶν
500 1177 563 1235 καθ’
576 1169 643 1252 αἷμα
667 1177 843 1256 αὐταδέλφων
867 1198 928 1258 μου,
951 1182 997 1238 τσύ
1019 1199 1049 1236 τε
1072 1181 1194 1255 μοναχού
1217 1177 1327 1256 Ἰωσήφ,
1349 1182 1395 1237 τοῦ

112 1301 223 1375 μονοσμού
235 1295 371 1377 Νίκωνος,
394 1299 441 1358 τοῦ
463 1300 586 1376 μοναχσϋ
601 1298 725 1380 Συμεών,
747 1303 793 1358 τσύ
817 1303 939 1378 μσναγσϋ
956 1300 1059 1380 Πέτρου
1081 1297 1128 1359 καί
1149 1305 1199 1374 τῆς
1215 1299 1334 1374 Ἑλένης
1348 1297 1395 1359 καὶ

113 1419 231 1478 ’ίωάννου
254 1419 400 1480 ἐπισκόπου
422 1417 470 1478 καὶ
489 1425 543 1480 τῶν
558 1419 790 1500 ἀναθρεψαμένων
806 1441 841 1495 με
857 1421 903 1480 καί
919 1419 997 1480 θείων
1014 1441 1074 1497 μου,
1097 1425 1178 1501 κυροῦ
1193 1415 1396 1482 Κωνσταντίνου

111 1545 150 1599 τοῦ
164 1538 256 1612 Ἀντίσῖ
274 1538 382 1601 καὶτοῦ
398 1545 521 1619 μοναχού
535 1546 616 1622 κυρού
633 1541 766 1616 Ἰαναθβσυ
782 1540 828 1602 καὶ
844 1543 904 1618 μετ’
914 1543 996 1617 αὐτὴν
1010 1549 1064 1602 τῶν
1079 1544 1292 1619 κεμοιμημένων
1307 1543 1395 1622 ἡγου-

112 1663 201 1740 μένων,
223 1663 316 1734 καθὼς
336 1663 463 1742 εὐπορίας
480 1665 539 1741 ἔχει
555 1667 585 1723 τύ
601 1667 779 1744 μοναοτηρισν
794 1662 841 1724 καὶ
855 1660 931 1736 αὐθις
945 1665 994 1740 τὴν
1010 1664 1070 1740 μετ’
1078 1665 1185 1739 ἐκείνην
1199 1669 1253 1724 τῶν
1268 1664 1396 1744 ἀδελφῶν

110 1786 207 1842 πάντων
227 1791 282 1844 τῶν
303 1785 541 1866 προαπελθόντων,
565 1785 663 1846 καλεῖν
686 1785 718 1846 δὲ
742 1785 785 1846 ἐπί
807 1791 864 1859 τοῖς
887 1785 1067 1862 μνημσσθνοις
1086 1788 1165 1862 ἡμῶν
1181 1786 1242 1858 τούς
1258 1786 1396 1864 μοναχούς

110 1908 204 1978 πάντας
224 1907 286 1980 τούς
310 1906 400 1988 ἐντῷ
422 1908 572 1987 Ναυπλείῳ
596 1907 684 1981 ὄντας.

206 2025 254 2106 ιγ’.
279 2024 460 2108 Ἐ’πίλσγος
481 2028 537 2089 καί
559 2029 755 2108 παραίνεσις
777 2027 834 2089 καὶ
857 2029 937 2108 εὐχὴ
961 2032 1209 2110 συντακτήριος.

202 2151 307 2232 Καιρδς
329 2149 362 2211 δὲ
384 2149 489 2230 λοιπόν,
513 2148 537 2211 ιῖν
558 2151 674 2230 φίλτατα
696 2153 779 2212 τέκνα
801 2149 849 2212 καὶ
867 2151 1055 2230 ποθεινότατα,
1078 2149 1124 2210 καὶ
1138 2151 1206 2230 πρός
1221 2153 1269 2226 τὴν
1286 2149 1395 2230 ἀγάπην

113 2277 155 2347 τῆς
176 2269 322 2348 εὐλαβείας
344 2273 419 2348 ὐμῶν
434 2273 595 2348 ποιήσασθαι
610 2275 686 2350 ἡμᾶς
699 2273 748 2348 τὴν
763 2272 923 2332 τελευταίαν
937 2267 1092 2352 παραίνεσιν
1107 2271 1154 2332 καί
1169 2271 1231 2344 τούς
1248 2271 1396 2354 έξιτηρίους

111 2393 169 2474 αὐτῇ
190 2394 336 2456 ἀποδοῦναι
358 2395 470 2474 λόγους.
495 2390 565 2470 μετὰ
588 2395 712 2474 δακρύων
734 2395 765 2456 δὲ
780 2393 827 2455 καί
841 2395 1045 2476 παρακλήσεως
1061 2395 1228 2474 θερμοτέρας
1244 2393 1396 2474 φθέγξομαι

110 2517 169 2594 τρὶς
188 2517 268 2595 ὑμᾶς,
292 2517 343 2578 ὅσα
366 2515 400 2594 δὴ
423 2516 469 2577 καὶ
492 2514 657 2596 φθέγξομαι·
681 2516 793 2576 κλίνατε
816 2516 848 2578 δέ
871 2537 918 2591 μοι
938 2515 985 2576 καὶ
1001 2515 1075 2576 αὐτοὶ
1089 2516 1124 2576 τὰ
1138 2512 1196 2576 ὦτοι
1210 2521 1260 2592 τῆς
1275 2515 1397 2590 διανοίας

111 2633 152 2694 καὶ
171 2639 307 2717 προσοχὴν
328 2641 419 2698 πᾶσαν
441 2637 593 2718 χαρίσασθε
614 2641 671 2709 τοῖς
694 2639 892 2718 ῥηθησομένοις
911 2635 958 2698 καὶ
973 2637 1012 2717 τῷ
1027 2638 1141 2716 ταμιείῳ
1157 2644 1207 2715 τῆς
1222 2636 1293 2710 ἰδίας
1308 2642 1398 2716 ψυχῆς

112 2759 216 2831 ἕκαστος
241 2760 317 2836 ὐμῶν
342 2764 427 2820 ταῦτα
452 2761 618 2841 περιφερέτω
642 2759 687 2820 διά
707 2760 808 2832 παντός
831 2754 1016 2832 ἀνεξάλειπτα
1037 2762 1093 2832 τοῖς
1114 2756 1200 2832 πλαξὶ
1208 2760 1231 2837 ¹)
1254 2766 1303 2836 της
1325 2782 1397 2842 καρ-

113 2878 165 2950 δίας
186 2879 426 2961 ἀπογραψάμενος.
462 2881 626 2952 σπουδάζετε
647 2883 699 2960 πρό
714 2883 822 2942 πάντων
837 2882 978 2960 φυλάττειν
994 2880 1227 2962 ἀπαρεγχείρητον
1244 2881 1273 2940 ἐν
1287 2886 1353 2942 πάσι
1366 2883 1398 2942 τό

112 3001 187 3078 παρόν
210 3004 330 3083 τυπικόν,
357 3001 510 3082 φροντίζετε
537 3009 586 3080 τἠς
612 3003 747 3084 σωτηρίας
772 3008 826 3064 τῶν
854 3005 1119 3083 ὑμετέρωνψυηῶν,
1148 3004 1322 3080 ἐπιμελεῖσθε
1344 3010 1397 3064 τῶν

114 3123 336 3200 ἐκκλησιαστικῶν
359 3122 497 3198 συνάξεων
521 3124 567 3186 καὶ
582 3131 631 3202 της
648 3125 677 3186 ἐν
692 3129 753 3198 ταῖς
767 3125 886 3198 πέλλαις
901 3124 1076 3202 ἀκολουθίας,
1098 3126 1225 3186 πείθεσθε
1239 3128 1295 3198 τοῖς
1310 3103 1401 3206 ἡγου-Δ

114 3247 195 3319 μένοις
219 3247 295 3322 ὐμιῖιν
316 3244 363 3308 καὶ
386 3245 510 3308 ὑπείκετε
533 3246 603 3308 κατὰ
626 3248 675 3322 τὴν
697 3251 743 3308 τοῦ
766 3247 892 3325 μεγάλου
916 3247 1028 3308 Ποθλου
1049 3247 1216 3327 παραίνεσιν,
1245 3246 1397 3328 εἰρηνεύετε

114 3369 171 3446 πρός
191 3369 345 3448 ἀλλήλους,
368 3369 516 3448 φυλάττετε
531 3369 602 3444 μετὰ
617 3373 725 3430 πάντων
740 3367 850 3446 ἀγάπην
865 3367 911 3430 καὶ
926 3369 972 3430 τόν
987 3370 1131 3448 ἁγιασμόν,
1155 3363 1192 3428 ὧν
1207 3367 1293 3449 χωρίς
1308 3369 1398 3443 οὐδεὶς

115 3489 197 3566 όψεται
217 3493 263 3551 τόν
279 3491 380 3571 κόριον,
403 3494 643 3570 ταπεινοφρσνεῑτε,
665 3492 858 3570 παραχωρεῖτε
873 3496 927 3552 τῶν
941 3489 1080 3571 πρωτείων
1096 3490 1245 3570 ἀλλήλοις,
1268 3491 1397 3570 ὁμογνω-

115 3615 209 3684 μονεῐτε
234 3611 297 3692 περὶ
323 3611 374 3685 τὰς
401 3617 452 3687 τῆς
479 3619 566 3688 μονῆς
593 3611 731 3685 διακονίας
757 3611 804 3672 καί
832 3614 975 3688 συμπνεῖτε
1001 3614 1069 3692 πρός
1096 3613 1220 3672 σθστασιν
1247 3614 1330 3688 αὐτῆς
1351 3611 1398 3674 καὶ

116 3733 238 3811 ὠφέλειαι
258 3731 315 3814 καί,
338 3734 382 3793 ἵνα
397 3735 554 3794 τελευταῖον
571 3733 638 3794 εἴπω
653 3736 682 3794 εὐ
697 3739 814 3812 πρῶτον,
830 3735 955 3813 φοβεῖσθε
970 3736 1000 3794 τό
1016 3736 1055 3810 μὴ
1071 3736 1208 3814 φοβεῖσθαι
1224 3736 1300 3794 θεόν·
1324 3735 1397 3814 ἀρχὴ

116 3857 167 3934 γάρ,
178 3855 249 3936 φησί,
266 3855 361 3934 σοφίας
375 3857 459 3936 φόβος
473 3856 573 3937 κυρίου.
597 3855 644 3916 καὶ
660 3855 735 3926 αὐθις
751 3855 805 3936 ἐρῶ
820 3856 976 3916 τελευταῖον
991 3857 1021 3916 τό
1037 3856 1207 3916 τελευταῖον·
1228 3855 1354 3936 φοβεῖσθε
1367 3857 1398 3916 τό

116 3977 252 4054 φοβηθῆναί
267 3999 292 4037 τι
307 3979 359 4057 πρό
374 3979 452 4038 θεοῖν·
467 3979 550 4050 τέλος
564 3981 628 4058 γάρ,
644 3977 715 4058 φησί,
731 3980 818 4057 λόγου
832 3979 863 4037 τό
877 3984 930 4038 πάν
947 3979 1043 4038 άκουε·
1059 3979 1106 4037 τόν
1119 3979 1180 4038 θεόν
1197 3979 1280 4057 φοβσύ
1290 3977 1337 4038 καὶ
1349 3979 1398 4050 τόις

117 4098 217 4172 ἐντολάς
233 4101 314 4159 αὐτοῦ
329 4101 414 4179 τήρει,
431 4102 471 4160 ότι
487 4104 562 4160 τοῦτο
577 4105 632 4172 πᾶς
647 4094 802 4180 ἅνθρωπος·
820 4099 935 4179 φοβερόν
951 4101 1004 4179 γάρ
1020 4099 1114 4176 όντως,
1131 4099 1256 4179 φοβερόν,
1272 4097 1397 4179 ἀδελφοί,

116 4221 139 4278 το
158 4223 283 4296 ἐμπεσεῖν
307 4219 345 4292 είς
367 4225 464 4302 χεῖρας
487 4224 549 4282 θεοῦ
572 4224 682 4300 ζῶντος,
706 4222 820 4300 φοβερόν
844 4220 874 4280 δὲ
889 4223 920 4280 τό
934 4224 1076 4300 πρόσωπον
1091 4220 1182 4300 κυρίου
1199 4219 1242 4280 ἐπὶ
1257 4226 1398 4293 ποιοῖντας

117 4343 177 4402 κακά
197 4343 244 4404 καὶ
266 4343 443 4426 πανωλεθρίᾳ
466 4345 514 4418 τὴν
537 4343 666 4424 πονηρίαν
682 4339 852 4422 ἐξαφανίζων.
884 4343 1043 4418 ἐβουλόμην4
1054 4340 1102 4402 καί
1116 4343 1231 4403 πλείονα
1245 4345 1312 4422 πρός
1327 4345 1397 4418 ὐμοῖς

119 4462 185 4542 ἐρεῖν,
207 4466 276 4526 ἀλλ’
293 4467 372 4544 ἔχετε
395 4466 444 4537 τάς
466 4474 519 4525 τῶν
542 4465 627 4544 ἁγίων
651 4466 776 4545 πατέρων
800 4463 914 4538 βίβλους
937 4466 1076 4544 ἑκάστοτε,
1099 4467 1187 4525 πάντα
1210 4466 1281 4524 κατὰ
1297 4466 1397 4526 λεπτόν
1463 4515 1488 4552 ᾧ

119 4620 311 4632 'Qun——

208 4727 226 4792 ¹)
245 4727 311 4778 cod.
330 4723 426 4792 πλαγξί.
