3208 5310
1298 363 1334 424 13

60 557 191 632 προάστεια,
215 553 330 635 ἁγρίδια
351 555 399 615 καί
421 556 482 628 τοῦς
505 556 535 614 ἐν
558 556 647 628 αυτοῖς
668 555 910 636 προσκαθημένους
930 555 1076 636 παροίκους
1093 555 1167 614 ἔσται
1182 556 1338 633 κατέχουσα

59 677 183 752 ήττιεῦτη
207 677 279 752 μονὴ
303 683 354 752 τῆς
377 679 527 758 θπεροίγνου
550 679 718 756 θεομήτσρσς
740 672 812 736 κατὰ
833 672 1010 758 ἀναφαίρετον
1026 677 1183 737 δεσποτείαν
1198 675 1245 736 καί
1260 697 1337 758 κυρι-

59 801 123 872 ὶπητα
144 797 340 859 αὐτοδέοποτον
362 797 409 859 καί
433 799 473 879 ἐφ’
487 801 585 859 ἅπασιν
608 797 775 858 ἀδιοίσειοτον
798 796 844 858 καί
868 796 911 858 έπί
934 801 990 870 τοῖς
1009 801 1220 876 γινωσκομένοις
1236 799 1337 858 ἀκατα-

58 921 150 994 ζήιητον
171 918 218 979 καί
243 917 289 980 ἐπὶ
310 923 369 993 τοῖς
391 921 626 999 γνωσθησομὲνοις
649 915 861 1000 ἀνεπίγνωστον·
893 921 997 1000 ἀναιρεῖ
1018 919 1072 1000 γὰρ
1094 921 1113 997 ἡ
1137 919 1265 995 βασιλεία
1286 939 1337 994 μου

58 1047 127 1098 εἰσιν
147 1045 310 1122 προφάσεως
332 1040 504 1120 παρείσδυσιν
515 1040 538 1125 1)
561 1045 617 1115 τοῖς
639 1040 818 1116 ὁπωσδήποτε
841 1041 1020 1122 ἐπηρεάζσυαι
1042 1040 1089 1102 καὶ
1110 1041 1248 1123 πανηρὰή
1265 1041 1337 1123 ἐνερ-

58 1165 152 1236 γοὶ-τιή
175 1161 370 1246 βαυλείνουσιῖ)
393 1167 411 1236 ἢ
435 1162 469 1222 δι’
483 1164 584 1222 ἑαυτῶν
607 1166 625 1238 ἢ
649 1162 682 1222 δι’
696 1164 796 1244 έτέρων
818 1166 836 1237 ἢ
859 1162 893 1222 τὰ
915 1167 960 1223 νῦν
979 1166 997 1238 ἢ
1013 1163 1047 1222 τὰ
1061 1163 1180 1244 ῦστερον.
1205 1162 1268 1222 εἴτι
1282 1163 1336 1243 γὰρ

59 1283 183 1361 είρημένον
205 1283 264 1344 ἐστί
287 1289 345 1357 τοῖς
368 1290 562 1366 κακουργοῦσιν
584 1289 602 1361 ή
626 1285 810 1365 εὑρεθήσεται,
834 1283 888 1344 εἴτε
912 1283 1064 1365 ἀγγαρείας
1088 1285 1222 1361 ἐπινόημα
1237 1289 1255 1360 ἢ
1270 1305 1336 1366 παρ-

58 1406 226 1484 τγγαρείαςή
252 1405 355 1484 ζημίας
377 1410 395 1483 ἢ
418 1405 601 1484 ψωμαζημίας
623 1411 642 1482 ἢ
665 1407 871 1487 καστροκτισίας
892 1405 1150 1485 ήκατεργοκτισίας
1165 1409 1182 1482 ή
1199 1405 1336 1487 σιταρκίας

56 1527 198 1602 ήτλωίμων
220 1531 239 1603 ἤ
256 1531 430 1611 κονταρσίτων
452 1529 626 1604 ἢουνόοσίας
649 1531 667 1603 ἢ
684 1525 843 1602 ἐξελάσεως
864 1531 945 1602 ἢτοῦ
959 1529 1088 1606 παρόντος
1103 1525 1255 1607 κεφαλαίου
1271 1528 1335 1588 όνο-

58 1648 188 1722 μαζομένου
213 1653 233 1724 ἢ
262 1649 528 1730 όνομασθηαομένου,
555 1654 639 1710 ταῦτα
665 1652 753 1709 παίντα
778 1651 913 1730 περιαιρεῑ
939 1651 957 1724 ἡ
986 1648 1114 1723 βασιλεία
1137 1669 1189 1725 μου
1211 1649 1264 1709 ἀπό
1286 1655 1335 1726 τῆς

57 1769 157 1845 τααίτης
178 1777 277 1852 μονῆς,
301 1773 341 1844 ῶς
362 1770 409 1832 καὶ
431 1771 465 1832 τὰ
489 1772 648 1848 ἐπικείμενα
670 1773 737 1852 αὐτῇ
759 1770 821 1852 τρία
840 1772 994 1847 νομίσματα
1002 1771 1025 1848 ³)
1042 1769 1108 1852 ὑπὲρ
1123 1775 1169 1831 τοῦ
1184 1771 1335 1851 κεφαλαίου

58 1895 94 1962 τῆς
119 1893 253 1973 τιταρκίας
282 1896 364 1974 χάριν
386 1899 439 1954 τῶν
461 1889 491 1966 ἐξ
513 1891 666 1974 ἀγορασίας
687 1893 887 1973 περιελθόντων
909 1898 942 1974 τῇ
964 1893 1073 1975 τοιαύτη
1096 1898 1167 1974 μονῇ
1189 1892 1335 1974 χωραφίων

58 2009 78 2068 ἐν
95 2011 127 2090 τῷ
147 2011 271 2094 μετοχίαρ
293 2019 340 2076 τοῦ
362 2014 441 2094 ἁγίου
464 2015 625 2096 Εῦστρατίου
649 2015 807 2093 ἐκκοψάσφς
828 2019 878 2090 τῆς
901 2012 1045 2090 βασιλείας
1060 2035 1121 2090 μου.
1145 2015 1207 2074 όθεν
1226 2014 1334 2076 καὶτοῦ

57 2133 188 2208 μέλλοντος
213 2137 445 2216 ἀσφαλιζομένου,
473 2129 514 2208 οίς
541 2139 559 2212 ή
588 2136 717 2212 βασιλεία
744 2157 795 2211 μου
822 2133 860 2214 τῷ
889 2139 1002 2216 παρόντι
1027 2135 1227 2216 χρυσοβοθλλῳ
1252 2137 1333 2218 λόγῳ

58 2255 120 2330 αἰτής
137 2261 294 2340 κατοχυρσῖ,
319 2261 386 2340 πρός
408 2259 457 2337 τὴν
481 2256 630 2339 σίσφιίλειαν
652 2265 707 2318 τῶν
731 2259 819 2339 ῥητῶς
844 2257 1116 2336 ἐμπεριειλημμένων
1141 2258 1169 2317 ἐν
1192 2258 1265 2338 αὐτῷ
1287 2258 1334 2319 καί

56 2375 80 2432 τί
98 2379 130 2452 μὴ
151 2381 239 2458 ῥητῶς
262 2381 472 2462 περιωρισμένα,
497 2383 534 2452 ῶς
558 2382 685 2460 ἄγνωστα
706 2383 724 2454 ἢ
748 2379 920 2456 ἀνονόματτα
941 2383 959 2455 ἢ
980 2380 1143 2461 ἀνεφεῦρετα
1157 2385 1334 2462 προσαναιρεῑ

57 2495 91 2554 καί
109 2499 246 2581 ἀνατρέπει
270 2501 317 2562 καί
340 2504 379 2579 μὴ
404 2503 604 2581 ἐπιγνωσθέντα
625 2503 644 2578 ή
661 2499 789 2576 βασιλεία
809 2523 870 2582 μου,
894 2503 933 2572 ὡς
955 2503 988 2560 ἂν
1003 2502 1058 2561 κάκ
1072 2507 1122 2578 τῆς
1136 2505 1334 2584 περιποιήσεως

57 2626 93 2692 τῆς
110 2623 256 2697 παντελοῦς
278 2625 479 2703 ἀντνοχλησίας
501 2627 557 2697 τοῖς
580 2628 713 2703 μοναχοῑς
735 2625 830 2700 μισθοῦ
853 2623 926 2694 δόσις
950 2623 1111 2706 έρχηταιτῃ
1129 2623 1256 2708 βασιλείᾳ
1271 2647 1332 2705 μου,

58 2740 86 2812 ὡς
104 2743 252 2824 ἐρρωμένου
274 2745 322 2806 καί
346 2747 481 2828 ἀρραγοῦς
502 2743 550 2806 καί
565 2747 800 2828 ἀπαρεγχειρήτου
816 2745 953 2822 διαμένειν
969 2741 1126 2824 ὀφείλοντος
1141 2750 1187 2807 τοῦ
1201 2749 1334 2826 παρόντος

57 2865 238 2940 γρυτοβοόλλσυ
261 2869 349 2946 λόγου
371 2874 422 2944 τῆς
444 2867 588 2942 βασιλείας
611 2889 662 2943 μου
685 2865 725 2940 εἰς
746 2869 792 2928 τόν
815 2865 902 2928 αἰῶνα
923 2869 968 2927 τόν
992 2869 1097 2928 ἅπαντα
1119 2874 1153 2950 τῇ
1172 2871 1262 2948 χάριτι
1285 2873 1332 2928 τοῦ

59 2982 160 3062 Χριστοῦ.
182 2994 228 3049 τοῦ
254 2990 473 3069 ἐπιχειρήσαντος
495 2993 567 3050 κατσί
589 3011 613 3049 τι
635 2991 842 3070 παρασαλεῦσαι
864 2990 898 3048 τὰ
921 2989 1084 3068 διωρισμένα
1098 2985 1173 3070 παρὰ
1186 2996 1236 3065 τῆς
1251 2991 1331 3065 βασι-

57 3101 119 3178 λείας
138 3114 226 3186 μονή
252 3111 430 3187 όπωσδήποτε
454 3111 585 3172 διασεῖσαι
608 3111 781 3191 ὑφορωμένου
804 3111 873 3186 μετὰ
895 3116 945 3186 τῆς
965 3105 1041 3184 θείας
1056 3111 1269 3189 ἀγανακτήσεως
1285 3111 1331 3172 καί

58 3227 93 3299 τὴν
105 3229 151 3290 ἀπό
164 3238 212 3308 τῆς
228 3231 374 3308 βασιλείας
390 3253 441 3309 μου
456 3233 540 3314 όργὴν
556 3231 602 3292 καί
619 3233 787 3314 ἀποστροφὴν
804 3231 848 3291 ἐπὶ
863 3232 947 3310 τοὺτῳ
960 3227 1096 3316 [ἐκφωνεῖ.
1112 3233 1332 3313 παρακελεύεται

58 3341 117 3430 δἐβ)
130 3351 173 3411 καί
191 3355 278 3424 σθτως
295 3353 486 3436 ἀπερίτρεπτον
503 3356 541 3426 ῶς
557 3353 660 3435 εἴρηται
676 3354 815 3430 διαμένειν
830 3355 875 3414 τόν
889 3355 1010 3433 παρόντα
1024 3352 1231 3433 χρυσόβαυλλον
1245 3355 1332 3434 λόγον

58 3473 94 3542 τίς
113 3471 250 3548 βασιλείας
273 3497 335 3556 μου,
362 3479 549 3556 γεγενημένον
577 3476 661 3536 κατὰ
683 3482 770 3552 μῆνα
792 3473 946 3556 ἀπρίλιον
974 3481 1031 3551 τῆς
1054 3473 1247 3560 δευτέραςὸ)
1273 3475 1331 3540 ίνδ.

58 3595 100 3648 τοῦ
124 3592 415 3675 ἐξακισχιλιοστοῦ
446 3599 705 3658 έπτακοσιοστοῦ
732 3594 916 3672 ἑξηκοστοῦ
943 3595 1091 3673 ἑβδόμου
1118 3598 1221 3680 ἔτους,
1253 3601 1282 3659 ἐν
1310 3595 1332 3680 ᾧ

59 3710 92 3768 καί
108 3715 135 3774 τό
154 3719 288 3798 ήμέτερον
312 3718 424 3794 εὀσεβές
446 3717 493 3779 καί
515 3719 719 3798 θεοπρόβλητσν
741 3718 933 3794 ὑπεσημήνατσ
956 3721 1056 3800 κράτος
1078 3723 1103 3796 ή.

141 3843 156 3914 †
176 3840 323 3918 Μιχαὴλ
350 3840 384 3900 ἐν
406 3839 536 3920 Χριστῷ
562 3841 605 3919 τῷ
631 3841 697 3921 θεῷ
719 3843 834 3912 πιστός
857 3839 1018 3914 βασιλεὺς
1040 3839 1098 3900 καί
1121 3842 1331 3923 αῦτοκρσίτωρ

60 3953 195 4032 Ῥομαίων
218 3961 351 4033 Δοθκας
373 3958 544 4041 Ἀγγελος
567 3963 743 4038 Κομνηνδς
765 3963 780 4020 ό
805 3961 1044 4041 Παλαιολόγος
1067 3966 1093 4038 †.

140 4089 236 4144 Edidit
252 4088 390 4144 Βαθσίίίοα
404 4105 438 4144 σα
452 4089 611 4161 αμοψαροίιο
626 4091 656 4144 in
671 4089 857 4160 Ιθμίιινασσίιίσ,
874 4091 920 4144 σαί
933 4107 1041 4144 nomen:
1058 4083 1204 4165 Πανδώρα,
1221 4091 1331 4146 Αἰθιοπία

63 4189 132 4260 1867,
147 4199 206 4248 tom.
220 4193 253 4249 X
260 4193 336 4264 VH„
349 4212 380 4264 p.
397 4195 576 4248 553—561.
594 4195 666 4249 Pars
678 4195 736 4250 acti
754 4195 818 4249 VII.
832 4201 920 4248 exstat
931 4195 1012 4248 etiam
1023 4195 1053 4248 in
1064 4195 1121 4249 sod.
1135 4195 1334 4268 archiepiscopi

64 4287 184 4367 Gummi,
204 4299 255 4370 φατ’
272 4304 433 4354 asservatur
451 4299 481 4354 τίτ
500 4298 658 4354 ότῦὶίοθιιοα
673 4299 706 4353 σί.
727 4298 1015 4354 α.1ἐίιαόίιζιι1θιιπῶ.
1036 4300 1232 4371 Αφοφταμίιαπτ
1251 4301 1332 4356 huius

58 4392 181 4466 fraymmii
193 4403 319 4458 debemus
334 4403 503 4458 humanitati
516 4404 695 4458 eruditissimi
707 4405 764 4457 viri
779 4403 934 4458 Ζασίιααίασ
950 4422 969 4458 a
983 4404 1155 4476 Linqsniimi.

62 4524 239 4544 Ἢ,-

141 4609 160 4673 ¹)
177 4611 250 4662 Οοττ.
264 4610 328 4662 θείς,
342 4627 390 4677 pro
403 4609 552 4680 παρείδηαιν.
624 4612 646 4679 ²)
665 4610 793 4678 βούλονται
806 4612 867 4663 θεία.
940 4611 962 4678 ³)
975 4612 1024 4662 τῶν
1037 4613 1112 4680 τριῶν
1124 4611 1278 4682 ἐπικειμένων
1292 4629 1330 4664 νο·

62 4700 164 4764 mixtus
181 4707 240 4757 Sak.
316 4707 337 4772 ⁴)
356 4707 418 4758 θείς.
440 4707 541 4758 indicat
552 4707 685 4758 lacunam.
759 4707 779 4767 ’θ
798 4709 841 4758 Sic
860 4705 921 4758 Sais.
942 4724 990 4772 pro
1010 4705 1122 4775 ἑβδόμης.
