3166 5298
1285 323 1345 389 103

60 514 168 590 ινέξεων
192 516 238 578 καὶ
262 516 370 598 ἀγορῶν
393 517 440 578 καί
463 518 644 599 άλλοτράπως
666 519 768 590 τούτοις
789 518 917 598 παρῆλθε
938 517 985 578 καί
1008 516 1047 590 είς
1068 520 1099 578 τ“ο
1122 513 1188 594 έξής
1209 521 1347 598 προσεῖναι

59 643 250 720 προστάττοντά
276 639 376 701 τεκαὶ
399 640 579 720 διοριζόμενα,
611 643 629 700 ά
652 639 686 716 δὴ
708 639 755 702 καὶ
777 641 838 700 κατ’
851 640 938 716 ὄνομα
960 641 988 700 ἐν
1010 640 1112 710 τούτοις
1136 637 1193 700 ἐστὶ
1216 639 1346 715 διειλημ-

59 765 131 840 μένα,
154 763 279 844 άνιύτερα
302 761 438 824 δὲταῦτα
461 761 508 822 καὶ
529 767 579 838 τῆς
600 767 654 822 τῶν
677 763 851 839 δημοσιακῦν
873 762 1030 842 κεφαλαίων
1054 761 1235 840 διατηρεῖσθαι
1259 761 1344 822 άπαι-

60 886 163 964 τήσεως,
187 886 335 965 σιταρκίας,
358 885 562 965 καστροκτισίας
584 882 631 944 καὶ
653 884 757 966 δρικῆς,
782 885 819 944 ἔπ
835 877 929 944 δὲκαὶ
945 882 1068 958 ἐννομίου
1082 880 1129 942 καί
1144 885 1235 958 πάσης
1251 883 1346 959 άλλης

62 1005 222 1082 δημοσιακής
246 1007 377 1088 ἐπηρείας
398 1006 446 1066 καὶ
467 1009 648 1088 συζητήσεως,
671 1003 719 1066 καί
742 1005 873 1082 μηδὸλως
889 1007 1057 1066 ἀπαιτεῖσθαι
1071 1009 1155 1066 ταῦτα
1170 1007 1234 1082 μήτ’
1244 1005 1277 1066 ἐκ
1291 1011 1345 1066 τιῦν

60 1126 195 1209 παροίνιον,
219 1130 283 1206 μήτ’
294 1129 327 1188 ἐκ
347 1135 401 1189 τῶν
424 1128 521 1188 σίλλων
545 1128 573 1188 ἐν
596 1130 728 1203 κτήμασιν
752 1129 839 1188 αύτῦν
861 1128 1104 1208 προσκαθημένων,
1127 1130 1179 1188 κάν
1205 1127 1269 1188 ἔνθα
1292 1127 1345 1208 οῖρα

60 1247 101 1308 καὶ
121 1250 303 1332 εύρῖσκωνται,
326 1250 366 1322 εἰς
388 1253 422 1326 ήν
446 1250 480 1325 δὴ
500 1251 662 1310 κατάστασιν
678 1247 725 1310 καί
741 1251 823 1331 μέχρι
838 1255 884 1310 τοῦ
898 1253 943 1308 νῦν
959 1249 1144 1330 διατηροῦνται
1161 1249 1344 1328 ἀνενύχλητα,

61 1373 178 1445 ύιοούτως
206 1393 236 1432 τε
266 1375 474 1452 προστάττοντα,
507 1371 579 1448 μηδὲ
601 1373 646 1432 τδν
669 1371 740 1432 κατὰ
767 1372 877 1452 καιρούς
900 1372 1097 1453 άρχιερατικιῦς
1119 1377 1170 1448 τῆς
1192 1372 1346 1450 ἁγιωτάτης

61 1496 248 1574 μητροπόλεως
270 1495 380 1575 Σερρῶν
410 1497 598 1574 προεστηκότα
621 1493 656 1554 δι’
668 1493 756 1572 δχλου
785 1496 843 1566 τοῖς
863 1494 993 1565 τοιούτοις
1012 1494 1135 1572 γίνεσθαι
1158 1493 1346 1574 μονασπηρίοις

61 1613 100 1674 καὶ
126 1611 202 1701 [τοῖς]
230 1620 365 1694 μοναχοῖς
391 1619 448 1686 τοῖς
471 1617 499 1676 ἐν
523 1616 612 1687 αύτοῖς
635 1610 880 1699 [ἐνασκουμένοις],
912 1615 990 1676 ἀλλὰ
1012 1618 1104 1690 μάνοις
1125 1614 1165 1694 τῷ
1186 1635 1217 1674 τε
1240 1615 1346 1690 συνήθει

61 1740 212 1818 μνημοσύνιμ
246 1737 294 1798 καὶ
322 1734 361 1814 τῷ
390 1738 576 1816 νενομισμένῳ
606 1738 685 1797 αύτοῦ
714 1734 853 1816 κακονικῷ
883 1736 1059 1817 ἀρκούμενον,
1097 1735 1234 1816 διατηρεῖν
1263 1739 1347 1796 ταῦτα

60 1860 165 1932 τελείως
187 1857 372 1940 ἐνενάχλητα,
403 1859 452 1920 καὶ
480 1863 550 1936 μήτε
572 1861 700 1936 καθιστάν
723 1857 824 1932 ἐξεῖναι
845 1859 931 1939 τούτῳ
954 1859 983 1918 ἐν
1005 1860 1108 1931 τούτοις
1129 1859 1346 1937 καθηγούμενον,

60 1985 122 2055 μήτε
145 1979 253 2062 ἐξάγειν
277 1979 329 2042 ἀπὸ
351 1983 462 2063 τούτων,
486 1981 553 2042 ἀλλ’
566 1981 593 2041 εί
611 2002 677 2042 ποτε
700 1981 757 2042 δέοι
772 1987 936 2056 καταστῆναι
951 1981 1053 2054 τούτοις
1068 1981 1113 2040 τὀν
1130 1978 1174 2040 ἐπὶ
1188 1979 1237 2052 τὰς
1252 1999 1344 2054 σωτη-

60 2103 124 2182 ρίους
146 2105 223 2176 ὁδούς
246 2106 336 2175 οιύτοῖς
358 2105 575 2186 καθηγούμενον,
598 2105 646 2178 τὴν
668 2104 760 2164 τούτου
784 2104 906 2182 ἐκλογήν
928 2103 991 2172 τούς
1006 2103 1035 2162 ἐν
1051 2103 1140 2174 αύτοῖς
1154 2104 1241 2162 ποιεῖν
1257 2103 1345 2176 μονά-

61 2227 156 2306 ζοντας,
183 2225 230 2286 καὶ
253 2228 283 2285 δν
306 2229 339 2286 ἂν
364 2224 532 2304 ἐκλέγωνται
556 2219 607 2310 [εἰς
629 2227 674 2286 τδν
696 2220 777 2310 κατὰ]
788 2223 812 2306 ¹)
835 2225 945 2304 καιρούς
966 2223 1020 2286 τῶν
1042 2229 1091 2299 τῆς
1114 2223 1195 2302 άγίας
1216 2227 1262 2284 τοῦ
1284 2223 1347 2283 θεοῦ

59 2348 177 2425 μεγαλης
200 2347 352 2423 ἐκκλησίας
374 2346 474 2408 οἰάκων
495 2351 699 2428 πατριαρχτκῶς
722 2347 925 2422 ἐπειλημμένον
946 2349 1063 2422 πέμπειν
1082 2350 1185 2426 τοῦτον,
1208 2343 1255 2405 καί
1275 2344 1345 2404 ούτω

59 2468 100 2543 τὴν
121 2474 168 2544 τῆς
189 2469 371 2548 ήγουμενείας
392 2467 439 2530 καὶ
461 2473 646 2546 πνευματικῆς
669 2469 822 2540 ἐπιστασίας
845 2469 980 2550 σφραγῖδα
1000 2469 1076 2549 παρὰ
1094 2469 1187 2530 τούτου
1202 2467 1344 2548 δέχεσθαι,

59 2589 99 2648 καὶ
126 2591 308 2672 πατριαρχικδι
337 2591 371 2651 τδι
399 2595 510 2652 τοιαῦτα
537 2593 704 2671 μοναστήρια
731 2590 868 2651 διατελεῖν
894 2592 1060 2668 ὑπάρχοντα.
1099 2587 1159 2650 ἐπεὶ
1187 2587 1218 2650 δὲ
1245 2589 1344 2649 τούτων

3 2741 4 2770 3
60 2712 121 2771 ούτω
145 2717 346 2792 καταστάντων,
362 2718 410 2794 τῇ
437 2711 498 2792 περὶ
524 2715 608 2772 ταῦτα
635 2711 737 2794 σπουδή
758 2717 805 2772 τοῦ
828 2713 955 2791 ῥηθέντος
978 2711 1122 2793 ἱερωτάτου
1145 2705 1344 2798 μητραττολίτου

3 2847 4 2862 ι
60 2831 155 2910 Ζιχνιῖιν
183 2833 230 2894 καὶ
257 2829 411 2915 ῦπερτίμαυ,
441 2832 489 2894 καὶ
516 2837 608 2914 ἕτερόν
630 2855 653 2892 τι
677 2827 755 2904 οὗτος
778 2831 821 2892 ἐπ’
833 2832 956 2915 ὠφελείᾳ
977 2831 1024 2892 καὶ
1046 2835 1169 2894 συστάσει
1191 2833 1290 2892 τούτων
1314 2829 1344 2892 εύ

3 2935 4 2958 ³
60 2961 134 3014 ποιιῖιν
160 2956 260 3016 ἐπινοεῖ
286 2955 333 3014 καὶ
356 2957 406 3015 ύπδ
429 2957 477 3031 τήν
502 2953 624 3035 ἐφορείαν
646 2953 693 3016 καὶ
717 2956 856 3032 ἐπίσκεψιν
877 2960 924 3016 τοῦ
946 2957 1125 3036 περιποθήτου
1147 2954 1273 3033 γαμβροῦ
1294 2959 1345 3029 τῆς

62 3075 192 3150 βασιλείας
222 3100 284 3158 μου,
315 3082 361 3139 τοῦ
384 3077 510 3157 μεγάλου
537 3077 696 3153 δομεστίκου
726 3082 806 3158 κυροῦ
837 3078 965 3138 Ἰωάννου
995 3081 1040 3136 τοῦ
1071 3077 1268 3152 ΙΙαλαιολύγου
1297 3079 1344 3134 τοῦ

62 3199 286 3280 Καντακουζηνοῦ,
315 3183 365 3272 τάς
386 3199 511 3271 τοιαύτας
533 3198 684 3275 σεβασμίας
706 3199 793 3275 μονὰς
815 3199 900 3274 τίθησι
924 3198 1153 3276 διαγράμματος
1176 3197 1265 3276 αύτσῦ,
1296 3193 1343 3256 καὶ

63 3326 103 3396 τῆς
122 3323 212 3384 τούτου
234 3321 404 3402 προμηθείας
433 3319 480 3380 καὶ
503 3321 671 3398 κηδεμονίας
692 3321 791 3392 ταύτας
814 3319 848 3379 δι’
862 3323 940 3380 αύτοῦ
964 3316 1071 3392 ἐξάπτει
1094 3317 1142 3378 καὶ
1164 3321 1203 3391 ὡς
1225 3319 1343 3398 κτήτορα

64 3442 129 3504 αύτδν
152 3445 263 3504 ἐκείνων
287 3439 355 3504 εῖναι
378 3443 560 3504 διατάττεται·
584 3445 599 3503 δ
622 3443 654 3503 δὲ
676 3445 854 3524 προσιέμενος
875 3442 909 3501 τὰ
930 3441 992 3523 περὶ
1007 3441 1100 3502 τούτου
1115 3439 1163 3500 καὶ
1178 3442 1227 3515 τὴν
1243 3441 1343 3500 τούτων

63 3563 303 3646 ἐναδεδεγμένοςῖ)
325 3566 497 3646 ἐπιμέλειαν,
521 3565 589 3626 αἰτεῖ
610 3567 659 3641 τήν
682 3565 823 3640 βασιλείαν
847 3585 898 3640 μου
920 3563 967 3624 καὶ
990 3563 1102 3624 ἱκετεύει
1127 3561 1170 3622 ἐπὶ
1192 3562 1295 3634 τούτοις
1314 3583 1344 3621 τε

63 3691 108 3760 τοῖς
128 3689 184 3748 άνω
208 3679 371 3768 εἰρημένοις,
394 3687 441 3748 καί
462 3691 480 3747 ά
502 3687 653 3769 παραυτίκα
675 3687 710 3762 δὴ
733 3687 890 3766 ῥηθήσεται,
913 3685 960 3746 καὶ
980 3692 1025 3748 νῦν
1040 3685 1246 3766 χρυσάβουλλσν
1262 3686 1345 3760 οῦτῆς

64 3809 284 3891 ἑπτγορηγηθῆναι
310 3811 432 3881 τούτοις·
470 3811 488 3886 ἠ
517 3809 643 3884 βασιλεία
671 3829 722 3884 μου
748 3809 797 3882 τἠν
824 3808 917 3869 τούτου
944 3807 1035 3884 δέησιν
1061 3807 1199 3888 προσίεται
1226 3803 1273 3868 καί
1298 3809 1344 3867 τδν

62 3935 169 4012 παρόντα
198 3936 291 3992 τοῦτον
321 3931 528 4013 χρυσύβουλλον
558 3932 645 4010 λόγον
676 3931 837 4010 ἐπιχορηγεῖ
867 3929 912 3990 καὶ
937 3929 1109 4011 ἐπιβραβεύει
1131 3933 1190 4000 ταῖς
1211 3931 1345 4001 τοιαύταις

64 4054 210 4130 σεβασμίαις
234 4051 377 4136 μσναῖςί),
412 4054 446 4114 δι’
458 4048 489 4114 ού
510 4053 558 4114 καὶ
578 4056 736 4135 προστάττει
759 4051 805 4112 ναὶ
828 4053 944 4124 θεσπίζει
967 4050 1013 4112 καὶ
1036 4051 1177 4132 διορίζεται
1201 4045 1270 4110 εἶναι
1293 4051 1344 4126 μὲν

64 4173 101 4234 καὶ
121 4175 159 4249 εἰς
180 4177 211 4236 τ“ο
234 4173 300 4252 ἑξῆς
321 4177 420 4248 ταύτας
442 4178 586 4252 ήνωμένας
607 4175 655 4236 καί
676 4174 715 4254 τῷ
739 4173 810 4253 αύτῷ
832 4173 879 4234 καὶ
903 4173 941 4233 ἑνὶ
964 4175 1163 4252 καθηγουμένῳ
1178 4173 1344 4253 ὑποκεῖσθαι,

64 4297 103 4371 τὴν
128 4301 219 4373 μέντοι
247 4299 275 4356 ἐν
297 4306 331 4381 τῇ
353 4297 434 4358 πόλει
457 4299 566 4378 Σερρῶν
591 4293 660 4358 εἶναι
690 4300 729 4368 ὡς
759 4299 886 4375 μετύχιον
908 4301 959 4372 τῆς
982 4295 1072 4372 ἐντῷ
1095 4295 1256 4368 Μενοικέως
1277 4295 1344 4376 δρει,

64 4417 102 4480 καὶ
122 4420 147 4480 εἷ
165 4443 190 4482 τι
213 4421 332 4502 δ’άλλο,
365 4420 398 4480 δι’
412 4414 443 4479 ού
467 4421 625 4495 ἐπεποιήκει
647 4423 755 4480 τυπικοῦ
778 4419 793 4478 δ
816 4416 953 4494 δηλωθεὶς
975 4417 1120 4497 ἱερώτατος
1143 4417 1346 4496 μητροπολῖτης

161 4683 181 4748 ¹)
199 4681 379 4747 Supplevits
451 4680 473 4745 ²)
492 4676 680 4746 άναδεδεγμίνην
699 4647 724 4728 sss
797 4678 818 4744 ³)
838 4677 879 4736 τὰς
902 4675 1014 4734 τοιαύτας
1033 4673 1168 4744 σεβασμίας
1188 4672 1261 4744 μονάς
1280 4677 1305 4728 Β,
