3486 5282
391 531 520 606 Λοίμεια·
542 528 589 589 καί
612 531 705 611 ἕτερον
728 529 767 603 εἰς
789 531 837 608 τὴν
853 530 1041 610 Βλογοκίτζαν
1065 531 1135 608 μετὰ
1153 535 1199 592 τοῦ
1219 531 1417 608 πλησιάζοντες
1434 531 1523 593 ἐκεῖσε
1545 533 1685 613 χωραρίσυ

391 655 437 712 τοῦ
458 649 630 727 καλουμένου
652 655 701 729 τῆς
725 652 923 733 Προυσσαίνης·
968 654 986 728 ἡ
1009 651 1121 729 ἡμίσεια
1148 652 1226 733 μερίς
1247 655 1265 728 θ,
1288 653 1415 729 λατινικὴ
1438 658 1484 715 τοῦ
1509 655 1608 734 χωρίου
1631 662 1685 728 τῆς

392 773 568 848 Ἀβυσσαίνης
591 775 643 854 (ὡς
664 781 713 851 τῆς
736 774 835 852 λοιπῆς
857 776 984 850 ἡμισείας
1009 775 1120 856 μερίδος
1135 777 1328 854 κατεχομένης
1349 779 1424 858 παρά
1446 797 1526 836 τινων
1548 777 1686 856 διαφόρων

392 894 535 971 Ῥωμαίων
562 894 610 955 καί
636 897 686 956 ὑπό
713 867 806 976 χεῖρα.
820 902 870 972 τῆς
893 895 1038 972 βασιλείας
1064 902 1128 976 μου)
1156 896 1203 957 καί
1232 897 1259 957 αἱ
1283 898 1373 958 ἐκεῖσε
1394 897 1590 973 πλησιάζουσα
1611 897 1686 971 ἑξα-

390 1015 570 1094 λειμματικαὶ
593 1018 752 1091 ὑποστάσεις
774 1022 820 1078 τοῦ
842 1039 871 1078 τε
896 1019 1034 1099 Καρβωνη
1057 1017 1172 1080 καὶτοῦ
1195 1019 1340 1098 Νήμωνσς,
1372 1018 1449 1079 ἀλλὰ
1473 1019 1508 1095 δὴ
1531 1019 1578 1079 καί
1598 1021 1627 1079 τό
1656 1019 1686 1078 ἐν

391 1139 458 1219 αθτῇ
480 1139 644 1214 μυλοτόπισν
668 1139 712 1199 οίιν
736 1137 773 1215 τῷ
796 1140 886 1200 ἐκεῖσε
917 1141 1098 1222 εθριοκομένῳ
1126 1139 1238 1219 παλαιῷ
1264 1139 1322 1219 ναῷ
1351 1143 1397 1201 τοῦ
1428 1139 1507 1218 α’γίου
1530 1139 1686 1202 ἀποστόλου
1731 1123 1732 1132 ¹

391 1259 518 1338 Ἀνδρέου
539 1265 585 1320 τοῦ
607 1262 812 1342 πρωτοκλήτου,
836 1265 853 1322 ἃ
876 1263 910 1338 δὴ
932 1261 980 1322 καί
999 1263 1112 1340 κατέχει
1135 1261 1181 1322 καί
1203 1264 1315 1338 νέμεται
1334 1264 1364 1322 τό
1381 1263 1465 1343 μέρος
1487 1267 1538 1340 τῆς
1560 1265 1686 1336 τσιαότης

391 1380 543 1458 σεβασμίας
571 1389 657 1458 μονῆς
684 1383 877 1461 ἀνενοχλήτως
903 1383 951 1444 καὶ
978 1383 1154 1455 ἀδιασείοτως
1177 1385 1259 1464 μέχρι
1282 1389 1328 1445 τοῦ
1350 1389 1404 1446 νῦν.
1450 1385 1627 1466 παρεκάλεσε
1653 1383 1686 1444 δὲ

391 1502 489 1583 ἀρτίως
512 1505 526 1562 ό
550 1502 641 1584 ῥηθείς
663 1507 822 1580 τιμιώτατος
846 1505 1058 1586 ἀρχιμανδρίτης
1078 1503 1124 1566 καὶ
1139 1505 1398 1585 πρωτοσθγκελλσς,
1421 1506 1466 1566 ίνα
1480 1507 1622 1588 πορίσηται
1637 1504 1685 1566 ἐπὶ

390 1626 492 1698 τοθτοις
513 1624 559 1686 καί
581 1625 787 1706 χρυσόβουλλον
809 1633 860 1702 τῆς
882 1626 1026 1702 βασιλείας
1049 1645 1118 1703 μου·
1148 1629 1198 1703 τὴν
1219 1629 1312 1690 τούτου
1335 1628 1427 1704 δέησιν
1450 1629 1574 1703 εὺμενῶς
1594 1647 1684 1708 προσ·
1732 1657 1733 1702 γ

391 1743 528 1825 δεξαμένη
551 1750 569 1824 ἡ
593 1749 720 1823 βασιλεία
744 1769 795 1824 μου
817 1750 862 1808 τ’σν
877 1752 998 1830 παρόντα
1012 1749 1217 1830 χρυσόβσυλλσν
1232 1750 1318 1830 λόγον
1336 1745 1441 1836 [σοίτῆς]
1458 1750 1620 1829 ἐπιχορηγεῖ
1634 1747 1685 1808 καί

391 1869 565 1950 ἑπιβραβεθει
579 1875 612 1952 τῇ
628 1871 688 1931 κατ’
702 1871 781 1931 αὖτὀν
796 1871 904 1952 τοιαθτη
927 1871 1063 1954 σεβασμία
1086 1877 1165 1953 μονῇ,
1191 1871 1224 1932 δι’
1238 1865 1269 1931 οὗ
1290 1869 1453 1953 προστάσσει
1471 1871 1519 1932 καί
1539 1871 1686 1951 διορίζεται

390 1987 460 2053 εἶναι
482 1992 532 2068 μὲν
554 1989 602 2052 καὶ
625 1993 795 2073 εὑρίσκεσθαι
824 1994 869 2052 τόν
900 1993 979 2053 αὑτόν
1007 1995 1166 2069 τιμιώτατον
1192 1964 1440 2074 πρωτοσθγκελλον
1463 1991 1501 2065 είς
1524 1995 1573 2069 τὴν
1595 1995 1685 2074 ἡγου-

391 2115 500 2191 μενείαν
523 2113 570 2175 καί
591 2113 754 2195 προστασίαν
777 2121 826 2190 τῆς
849 2113 1021 2190 δηλωθείσης
1044 2120 1130 2191 μονῆς
1154 2115 1195 2192 ἐρ’
1208 2115 1263 2195 ὅρῳ
1285 2121 1335 2191 τῆς
1350 2115 1430 2174 αθτοῦ
1445 2116 1529 2195 ζωῆς,
1553 2115 1684 2192 κατέχειν
1733 2201 1734 2204 γ

391 2235 491 2296 δὲκαὶ
513 2237 561 2312 τὴν
584 2237 707 2314 τοιαύτην
730 2234 881 2312 σεβασμίου
898 2236 983 2311 μονὴν
1005 2234 1053 2296 καὶ
1075 2237 1204 2312 νέμεσθαι
1225 2235 1273 2296 καί
1295 2234 1335 2310 είς
1357 2238 1388 2298 τό
1410 2233 1476 2312 ἑξῆς
1496 2237 1532 2296 τὰ
1555 2237 1684 2316 ἀνωτέρω

389 2358 461 2418 κατὰ
487 2360 572 2437 μέρος
599 2356 729 2439 εἰρημένα
756 2360 872 2436 μετόχια
899 2357 946 2418 καί
974 2358 1059 2420 λοιπὰ
1084 2359 1257 2433 θποστατικιί,
1285 2360 1412 2434 κτήματά
1437 2379 1468 2418 τε
1490 2357 1537 2418 καί
1559 2357 1684 2433 βελτιώ-

390 2499 473 2560 ματα,
504 2479 697 2559 ἀνενσχλήτως
723 2481 877 2540 παντάπασι
899 2478 946 2540 καί
969 2479 1155 2558 θδιαοείστως,
1184 2480 1224 2540 ἔτι
1245 2499 1275 2540 τε
1298 2479 1483 2560 ἀναραιρέτως
1504 2477 1552 2540 καὶ
1575 2479 1683 2539 ἀναπο-

390 2603 514 2673 οπσίστως
536 2601 608 2661 κατὰ
629 2601 679 2674 τὰς
700 2601 883 2684 περιπληψεις
909 2607 962 2662 τῶν
984 2604 1139 2682 προσόντων
1161 2600 1239 2682 αὐιῗη,
1266 2601 1303 2674 ὡς
1331 2599 1443 2680 εἴρηται,
1466 2599 1682 2681 χρυσοβουλλων

388 2743 419 2784 τε
441 2721 488 2783 καί
509 2725 725 2804 προσταγμάτων
747 2721 794 2783 καί
816 2724 920 2784 λοιπῶν
936 2723 1059 2802 εὺλόγων
1075 2723 1276 2803 δικαιωμάτων,
1299 2716 1348 2784 καί
1368 2723 1408 2794 ὡς
1424 2721 1574 2803 εὑρίσκεται
1596 2725 1682 2782 κατέ·

1734 2837 1735 2888 ί

389 2867 476 2923 χουσα
490 2850 574 2907 ταῦτα
588 2844 636 2907 καί
651 2847 734 2926 μέχρι
748 2850 794 2906 τοῦ
809 2848 863 2926 νῦν,
887 2845 1030 2925 όρειλσντα
1046 2844 1229 2926 διαιηρείσθαι
1244 2845 1367 2924 ἀνώτερα
1382 2841 1472 2920 πάσης
1491 2843 1538 2905 καὶ
1551 2844 1683 2916 παντοίας
1734 2889 1735 2934 γ

389 2967 620 3041 καταδυναστείας
642 2966 689 3028 καὶ
713 2967 841 3047 ἐπηρείας
862 2965 909 3028 καί
931 2967 1097 3047 κατατριβῆς
1111 2966 1158 3028 καὶ
1180 2966 1384 3045 διενοχληοεως
1406 2965 1500 3026 ἀδίκου
1522 2964 1569 3026 καί
1592 2967 1682 3026 πλεο-

389 3097 526 3168 νεκτικῆς.
569 3095 603 3172 τῇ
632 3095 697 3168 γοῦν
728 3088 799 3168 ἰσχύι
829 3087 876 3150 καί
906 3089 1019 3166 δυνάμει
1046 3092 1091 3150 τοῦ
1119 3089 1252 3168 παρόντος
1281 3087 1488 3168 χρυσοβοόλλου
1517 3087 1604 3164 λόγου
1635 3095 1683 3162 τῆς

390 3213 534 3288 βασιλείας
564 3233 616 3286 μου
647 3211 873 3292 διατηρηθήσεται
896 3211 947 3287 μὲν
969 3211 984 3269 ό
1007 3209 1167 3288 διαληφθεὶς
1194 3213 1354 3286 τιμιώτατος
1375 3207 1568 3290 ίερομόναχος,
1600 3207 1682 3288 ἀρχι·

390 3332 537 3414 μανδρίτης
567 3333 613 3394 καί
640 3333 901 3412 πρωτοσθγκελλος,
933 3334 1024 3414 κύριος
1046 3333 1163 3410 Μάρκος
1194 3329 1233 3404 εἰς
1261 3333 1310 3406 τὴν
1339 3330 1520 3409 ἡγουμενείαν
1542 3329 1590 3390 καὶ
1612 3351 1683 3409 προ-

389 3456 499 3516 στασίαν
520 3461 570 3534 τῆς
592 3457 716 3531 τοισιότης
746 3456 896 3532 σεβασμίας
926 3460 1012 3530 μονῆς
1043 3453 1083 3532 ἐφ’
1096 3455 1152 3534 ὅρῳ
1173 3459 1223 3530 τῆς
1245 3455 1324 3514 αἰττό
1347 3455 1429 3530 ζωῆς,
1453 3455 1491 3524 ὡς
1514 3451 1682 3528 δεδήλωται,

389 3576 501 3651 καθέξει
528 3578 559 3638 δὲ
587 3577 634 3638 καὶ
663 3579 846 3652 νεμηθησεται
876 3575 922 3638 καί
951 3579 969 3654 ἡ
1001 3577 1066 3653 αὐτὴ
1096 3576 1231 3652 σεβασμία
1263 3577 1334 3652 μονὴ
1361 3575 1396 3636 τίι
1424 3577 1559 3655 προσόντα
1586 3577 1680 3658 ταίτῃ,

389 3700 481 3772 καθὼς
504 3699 618 3780 εἴρηται,
640 3703 767 3774 κτήματά
789 3719 818 3758 τε
840 3697 887 3760 καὶ
909 3699 1072 3758 θποστατικόι
1092 3680 1164 3774 μετὰ
1193 3704 1242 3774 τῆς
1271 3703 1402 3777 περιοχῆς
1423 3695 1470 3756 καὶ
1492 3703 1546 3756 τῶν
1569 3695 1682 3758 δικαίων

390 3824 476 3882 αὺτῶν
500 3821 547 3882 καί
568 3828 622 3882 τῶν
643 3822 672 3880 ἐν
687 3821 790 3893 τούτοις
812 3821 1008 3896 βελτιωμσίτων
1031 3819 1102 3880 κατὰ
1116 3821 1166 3892 τὰς
1180 3819 1344 3900 περιλήψεις
1358 3825 1411 3880 τῶν
1428 3820 1681 3900 ἀναγεγραμμένων

388 3945 613 4025 χρυσοβοθλλων,
636 3945 853 4024 προσταγμάτων
876 3963 906 4002 τε
928 3941 974 4002 καί
1001 3943 1105 4002 λοιπῶν
1127 3942 1251 4021 εθλόγων
1275 3939 1465 4017 δικαιωμάτων
1487 3937 1683 4018 σίνενσχλήτως

388 4069 476 4144 πάντη
499 4065 546 4126 καὶ
569 4065 754 4144 ἀδιαοείστως,
778 4065 963 4144 ἀναραιρέτως
991 4085 1021 4124 τε
1048 4061 1095 4124 καί
1118 4063 1341 4142 ἀναποσπσίστως,
1370 4061 1463 4134 καθὼς
1491 4063 1607 4140 κατέχει
1637 4059 1682 4122 καί

389 4191 501 4264 νέμεται
522 4192 606 4250 ταῦτα
633 4187 680 4250 καί
711 4189 795 4268 μέχρι
824 4191 870 4248 τοῦ
900 4191 955 4266 νῦν,
987 4187 1126 4264 μηδεμίαν
1155 4187 1230 4266 παρὰ
1256 4184 1374 4262 μηδενός
1396 4190 1449 4246 τῶν
1472 4185 1599 4244 ἁπάντων
1622 4185 1681 4264 θρι-

390 4314 510 4388 σταμένη
535 4309 578 4370 ἐπὶ
600 4317 633 4392 τῇ
655 4311 755 4371 τούτων
778 4315 885 4391 κατοχῇ
908 4307 1138 4369 καταδυναστείαν
1161 4311 1179 4384 η
1203 4307 1331 4387 ἐπήρειάν
1354 4305 1482 4368 τινακαὶ
1505 4305 1680 4386 κατατριβήν,

389 4433 484 4510 ἐπειδὴ
513 4432 560 4493 καί
589 4429 681 4493 τούτου
711 4435 805 4492 ἕνεκεν
835 4433 944 4510 ἐγένετο
966 4429 1013 4490 καί
1036 4431 1051 4490 ό
1073 4429 1167 4510 παρὼν
1189 4428 1398 4508 χρυσόβουλλσς
1420 4427 1506 4508 λόγος
1528 4433 1578 4504 τῆς
1601 4427 1679 4502 βασι-

389 4555 469 4628 λείας
493 4577 544 4630 μου
567 4553 614 4615 καί
638 4555 834 4634 ἐπεχορηγήθη
853 4551 901 4612 καί
919 4551 1108 4632 εἰτεβραβεθθη
1123 4550 1162 4630 τῷ
1178 4551 1285 4631 ῥηθέντι
1305 4553 1458 4631 τιμιωτάτῳ
1472 4552 1680 4631 καθηγουμένιρ,

388 4678 585 4759 ἀρχιμαιδρίτῃ
613 4676 660 4736 καί
686 4674 917 4756 προτοσυγκέλλῳ
943 4673 990 4734 καὶ
1016 4679 1051 4755 τῇ
1077 4674 1138 4734 κατ’
1155 4675 1233 4734 αθτδν
1259 4673 1368 4754 τοιαθτη
1393 4670 1530 4758 οεβασμία
1552 4679 1624 4756 μονῇ
1646 4674 1679 4734 δι’
