3208 5310
1300 363 1341 424 47

65 557 128 618 ἑπιν.
143 557 245 634 ἀμπέλι
260 557 293 618 τὀ
308 557 481 634 καλούμενον
497 555 698 634 Ἄσκαλεβάτο,
714 557 807 628 καθώς
823 555 879 616 ἐστι
893 558 1104 638 περιωρισμὲνον
1119 557 1150 616 το
1164 555 1283 632 πλησίον
1297 554 1345 614 καί

65 679 168 738 κάτωθεν
182 683 229 739 τοῦ
241 679 423 760 Χαρκωματοί
437 683 484 740 τοῦ
499 677 648 758 ἀμπελίσυ,
665 680 728 740 ὅσον
743 676 790 738 καὶ
807 670 862 738 οἷον
879 678 943 738 ἐστι.
961 681 1052 760 ἕτερον
1068 677 1173 754 σίμπέλι
1187 680 1218 738 πο
1228 677 1345 755 πλησίον

63 803 99 860 τοῦ
118 801 220 881 [ίίργου
247 801 294 862 καί
321 802 425 862 ἄνωθεν
451 800 499 861 καὶ
524 771 641 878 πλησίον
668 805 714 860 τοῦ
741 801 897 881 Ὀψοιροίτου
925 799 1027 877 μοδίων
1049 799 1085 874 β’,
1121 799 1226 876 ἀμπέλι
1255 799 1284 858 ἐν
1310 805 1344 882 πῇ

63 929 160 1004 περιοχῇ
181 928 228 984 τοῦ
248 923 407 1004 Ἀχραγέως
429 926 460 984 το
483 923 600 999 πλησίον
616 927 663 984 τοῦ
679 919 822 998 Σουπίτζη.
846 925 939 1002 ἕτερον
953 922 1059 998 ἀμπίλι
1075 922 1104 982 ἐν
1118 929 1152 1006 πῇ
1167 928 1283 1005 περιοχῇ
1298 925 1345 982 τοῦ

63 1045 175 1118 Αὐλῶνος
204 1047 235 1106 τὸ
265 1044 383 1121 πλησίον
412 1051 459 1108 τοῦ
481 1045 664 1122 Κουβαλάτου
695 1045 790 1121 μοδίου
806 1043 843 1106 α’.
875 1047 967 1124 ἕτερον
1000 1044 1105 1122 ἀμπέλι
1127 1051 1177 1121 τῆς
1199 1044 1345 1126 Λακίυθρας

61 1167 85 1225 τί
103 1167 214 1244 πλησίον
237 1167 376 1244 ἀμπελίου
397 1173 443 1228 τοῦ
466 1169 583 1250 Αοιζαρᾶ
606 1169 700 1244 μοδίου
715 1167 767 1243 ς”.
800 1169 893 1248 ἕτερον
915 1168 1022 1244 ἀμπέλι
1044 1169 1074 1228 ἑν
1096 1173 1130 1250 τῇ
1151 1173 1269 1250 περιοχῇ
1290 1173 1345 1226 τῶν

61 1286 193 1368 Κεραμίων
215 1290 247 1350 το
270 1291 394 1350 κάτωθεν
416 1295 466 1366 σῇς
488 1288 592 1364 οἰκείας
614 1295 661 1352 τοῦ
676 1289 803 1367 Καμίτίη
823 1289 871 1350 καὶ
885 1290 1001 1366 πλησίον
1016 1287 1154 1366 ἀμπελίου
1167 1293 1214 1350 τοῦ
1231 1289 1345 1369 Πρωτο-

64 1409 197 1490 βεοτισιρίου
220 1411 324 1486 μοδίων
339 1411 377 1489 γ’.
402 1414 495 1492 ἕτερον
518 1413 622 1489 ἀμπὲλι
644 1418 691 1474 τοῦ
706 1414 856 1493 Δημονισίρι
872 1411 966 1488 μοδίου
982 1412 1015 1472 α’.
1041 1415 1134 1494 ἕτερον
1149 1412 1255 1489 ἀμπέλι
1268 1412 1299 1471 το
1316 1411 1345 1471 ἐν

62 1537 87 1612 τῇ
106 1533 174 1592 θέσει
195 1535 244 1592 τοῦ
267 1533 430 1614 Ἀχράγεως
452 1537 482 1594 τ“ο
504 1533 621 1610 πλησίον
645 1533 783 1611 ἀμπελίου
804 1540 851 1596 τοῦ
872 1535 1036 1596 Γουλολέων
1059 1534 1161 1610 μοδίων
1178 1533 1214 1608 β’.
1240 1533 1345 1608 ἀμπέλι

62 1659 101 1728 τῇς
121 1653 255 1728 Λιβανθοῦ
276 1654 362 1734 ἤγουν
388 1660 434 1716 τοῦ
457 1657 536 1736 άγίου
559 1657 705 1738 θεοδιίνρου
727 1659 758 1717 τὸ
780 1656 896 1733 πλησίον
919 1657 1054 1734 ἀμπελίου
1075 1659 1123 1717 τοῦ
1142 1657 1220 1733 Γαγᾶ
1243 1653 1345 1731 μοδίων

64 1769 92 1848 β’.
112 1775 213 1850 ἀμπέλι
234 1777 265 1836 το
287 1777 405 1853 πλησίον
427 1784 474 1840 ποῡ
488 1780 648 1862 Εὐρυπιιίιτη
671 1779 718 1840 καὶ
741 1781 863 1840 κάτωθεν
885 1785 932 1841 τοῦ
947 1781 1053 1842 Κόννου
1075 1779 1181 1856 ἀμπέλι
1196 1776 1291 1854 μοδίου
1306 1775 1343 1837 α’.

62 1899 182 1976 χυράριον
204 1901 252 1958 τοῦ
268 1900 460 1982 Ἧμερσβίγλη
483 1903 568 1982 ἤγουν
590 1905 621 1962 τὸ
644 1903 705 1981 ἔχει
727 1902 780 1962 ἀπὸ
795 1907 842 1964 τοῦ
857 1901 997 1962 Λεωνίδου
1012 1907 1059 1964 τοῦ
1073 1901 1234 1982 Τραυλοίτου
1251 1897 1290 1982 (ί)
1306 1899 1348 1970 ὡς

64 2025 200 2106 ἀντιλὲγιον
223 2023 320 2102 ροδίσυ
337 2023 374 2087 α’.
398 2023 504 2099 ἀμπέλι
526 2029 572 2086 τοῦ
588 2025 741 2106 Πτερίωνος
762 2025 793 2084 πο
807 2023 925 2101 πλησίον
940 2023 1077 2101 ἀμπελίου
1092 2027 1138 2084 τοῦ
1153 2023 1275 2104 Κουρτὲς
1291 2042 1345 2098 μο-

65 2147 112 2208 &aa
124 2147 171 2223 ς’.
194 2151 335 2231 χωροὶφιον
357 2150 405 2208 τοῦ
419 2147 520 2208 Κιονοῦ
541 2151 588 2207 τοῦ
603 2145 735 2228 Σπηλίου,
757 2148 788 2207 το
811 2147 872 2226 ἔχει
892 2143 946 2208 σἰπδ
960 2150 1007 2208 τοῦ
1021 2148 1168 2223 Κουμανοῦ
1184 2145 1279 2223 μοδίου
1294 2141 1347 2220 ς”.

152 2270 294 2346 Ὁμοίως
316 2271 354 2330 τὰ
368 2272 523 2350 χωράρια
543 2275 603 2346 τῆς
619 2269 809 2349 ἁγιωτάτης
831 2269 1015 2347 ἐπισκοπῇς
1030 2275 1088 2348 τῆς
1105 2267 1343 2341 Λεωνιδιάδυς.

63 2394 184 2472 χωράριον
206 2398 254 2454 τοῦ
277 2393 357 2472 ἁγίου
380 2392 507 2473 Ἀνδρέου
529 2393 560 2452 τὸ
581 2391 698 2469 πλησίον
720 2393 860 2472 χωραρίου
880 2397 928 2452 τοῦ
947 2391 1173 2473 Περιβολισιοίνου
1196 2389 1292 2468 μοδίσυ
1308 2387 1344 2450 α’.

61 2517 184 2594 χωριίριον
209 2517 241 2576 το
269 2514 441 2591 καλούμενον
463 2517 510 2574 τοῦ
532 2515 724 2594 Κουρουμένου
746 2515 777 2574 το
799 2513 915 2590 πλησίον
938 2514 1077 2596 χωραρίου
1099 2517 1146 2574 τοῦ
1170 2514 1346 2594 Περιστιάνου

61 2634 101 2694 καί
119 2639 161 2698 τοῦ
181 2637 330 2714 Κουλόνδη
354 2636 450 2712 μοδίου
464 2633 516 2711 ς’.
546 2639 685 2717 χωράριον
707 2639 754 2696 τοῦ
776 2637 948 2712 Κολυμπηπῇ
971 2638 1002 2696 τὸ
1023 2637 1207 2716 καλούμενον,
1229 2634 1346 2710 πλησίον

60 2759 184 2838 χωρορίσυ
209 2761 258 2820 τοῦ
280 2758 422 2839 Κλουδοίρι
449 2757 545 2834 μοδίου
561 2757 587 2818 α’
616 2758 663 2820 καὶ
691 2760 784 2840 ἕτερον
810 2762 949 2839 χωράριον
978 2759 1072 2836 μσδίσυ
1088 2757 1124 2821 α’.
1154 2760 1293 2840 χωρίριον
1315 2757 1346 2817 τὸ

60 2881 120 2940 κατὰ
144 2881 284 2955 ἀνατολὰς
313 2880 441 2956 κείμενον
469 2885 515 2941 τοῦ
536 2879 593 2942 υἱοῦ
615 2876 823 2966 Ἀναστασία[ς]
846 2881 876 2941 τίο
902 2881 1019 2958 πλησίον
1040 2883 1087 2942 τοῦ
1108 2879 1269 2942 Μανδακίσυ
1292 2899 1345 2956 μο-

61 2999 108 3060 eivs
120 3001 169 3077 ς”.
194 3005 288 3082 ἕτερον
310 3008 360 3078 σῇς
380 3001 584 3083 Ἀναδηδράδος
605 3005 637 3064 τἰι
658 3003 774 3079 πλησίον
797 3004 936 3084 χωραρίσυ
957 3009 1004 3064 τοῦ
1028 3003 1208 3083 Περεστιοίνου
1230 3001 1277 3062 καί
1299 3007 1346 3063 τοῦ

61 3123 126 3202 ίγίου
147 3124 291 3186 Νικολάου
322 3123 419 3200 μσδίου
435 3124 472 3185 α’.
502 3127 641 3206 χωρσίφιον
670 3127 701 3186 τὸ
727 3124 883 3204 λεγόμενον
904 3131 951 3186 τοῦ
973 3126 1156 3204 Μεγουλοίτου
1177 3126 1208 3185 το
1230 3123 1346 3200 πλησίον

60 3247 183 3328 χωραρίυυ
209 3251 257 3308 τοῦ
280 3246 507 3328 Περιβολισιιίνου
535 3247 636 3323 μοδίων
653 3246 689 3320 β’.
723 3247 843 3308 ἵστανται
871 3247 902 3307 δὲ
930 3245 970 3320 εἰς
993 3249 1057 3308 αὐτὸ
1079 3244 1267 3328 γλυκσξυλεαὶ
1289 3245 1345 3308 δίο.

59 3373 184 3450 χωρίοισν
207 3372 239 3430 τὸ
262 3369 415 3450 λεγόμενον
437 3373 484 3431 τοῦ
500 3371 616 3442 Φονέως
637 3371 668 3430 το
688 3370 804 3448 πλησίον
819 3370 958 3453 χωραρίου
971 3374 1018 3431 τοῦ
1032 3371 1175 3452 Κλουδοίρι
1190 3369 1293 3446 μαδίων
1307 3369 1345 3449 γ’.

59 3494 184 3572 χωράρισν
207 3495 255 3554 τοῦ
277 3491 357 3570 ἁγίου
372 3491 545 3554 Ἀναστασίου
567 3493 597 3552 το
620 3493 738 3570 πλησίον
759 3493 898 3575 χωραρίου
920 3497 966 3554 τοῦ
980 3493 1167 3572 Κουσκουρίδη
1185 3491 1280 3569 μοδίου
1294 3490 1346 3566 ς”.

59 3616 186 3695 χωράρυον
218 3615 249 3675 τὸ
279 3615 434 3694 λεγόμενον
455 3614 597 3696 Χρυσάτον
622 3617 654 3676 τὸ
674 3615 791 3692 πλησίον
813 3616 953 3696 χωραρίου
975 3621 1021 3677 τοῦ
1045 3614 1270 3697 Περιβολισιιίνσυ
1292 3634 1347 3691 μο-

60 3733 114 3795 ίίων
129 3735 166 3812 β’.
191 3739 274 3818 ἕτερα
296 3737 420 3817 οίρμοίκια
443 3735 468 3812 β’
492 3737 526 3796 τὰ
548 3739 691 3816 λεγόμενα
705 3738 888 3819 Κερβιράδου,
911 3738 940 3798 ἐν
964 3731 987 3818 ᾧ
1008 3737 1113 3798 ίσπαται
1135 3738 1153 3812 ἠ
1176 3735 1248 3797 οἰκία
1263 3738 1347 3797 Κων-

59 3976 138 4054 W.
162 3983 246 4061 ἔτερα
268 3981 390 4060 ἁρμοίκια
405 3979 432 4054 β’
454 3986 503 4056 σῇς
528 3981 683 4061 Λαγγάδας
705 3981 739 4042 τὰ
759 3981 877 4060 πλησίον
898 3983 1038 4064 χωραρίου
1060 3987 1107 4044 τοῦ
1123 3979 1348 4063 Περιβολισιυίνου

58 4099 97 4160 καί
122 4107 170 4163 τοῦ
197 4103 277 4182 Γαγᾶ
306 4101 400 4178 μοδίου
420 4102 457 4163 σι’.
490 4104 583 4184 ἕτερον
613 4105 746 4184 ἁρμαίκιον
774 4109 821 4164 τοῦ
848 4105 1022 4183 Κολυμπηπῇ
1049 4106 1204 4184 λεγόμενον
1230 4105 1347 4181 πλησίον

58 4225 184 4304 χωραρίου
206 4227 254 4285 τοῦ
270 4223 496 4304 Περιβολισιάνου
519 4223 677 4302 μοδίους”.
699 4228 840 4306 χωρσίριον
861 4234 911 4303 τῇς
927 4228 1035 4309 Πέτρας
1056 4229 1087 4288 'cb
1109 4225 1226 4304 πλησίον
1248 4248 1347 4307 χωροι-

58 4345 108 4422 ρίσο
127 4353 172 4408 τοῦ
196 4345 316 4421 Μεταξᾶ
343 4347 447 4424 μοδίων
464 4347 500 4422 β’.
531 4351 657 4428 χωροίρια
678 4349 713 4411 τὰ
735 4349 878 4428 λεγόμενα
899 4357 950 4426 τῆς
971 4352 1072 4431 Χώρας
1086 4348 1135 4434 (ί),
1163 4353 1181 4410 ἃ
1204 4345 1348 4426 ἑδὼθησοιν

59 4467 235 4550 ἀντάλλαγμα
243 4469 268 4547 ¹)
295 4471 343 4531 τοῦ
369 4470 506 4546 ἀμπελίσυ
534 4475 588 4531 τῶν
611 4469 735 4552 Θυρίδων
762 4471 857 4548 μοδίου
873 4472 910 4552 α’,
939 4476 1104 4552 κατέχοντες
1133 4473 1178 4534 διὰ
1205 4475 1349 4549 θελησεως

152 4735 172 4799 ²)
190 4735 291 4800 Apogr.
312 4728 474 4800 ἀντίλλαγμα.
