3208 5310
1278 364 1321 428 43

46 561 110 638 έγίου
122 557 223 634 Νικήτι
246 558 288 632 εἰς
309 559 359 636 τἠν
381 559 513 640 περιοχὴν
535 564 584 635 τῆς
605 555 764 640 θηνὶας(Ἰ)
781 529 818 617 το
840 557 1013 633 καλούμενον
1035 561 1082 617 τοῦ
1097 558 1203 638 Σκύφον
1227 558 1322 634 μοθίου

46 681 65 740 ι’
91 683 129 742 τον
148 687 198 742 τῶν
226 683 318 743 ἐκεῖσε
346 682 474 762 δένδρων.
499 683 593 762 ἕτερον
624 681 730 756 ἀμπέλι
751 681 783 741 τ“ο
805 681 929 742 κάτωθεν
951 677 1045 740 τοθτου
1067 678 1114 742 καὶ
1135 679 1254 758 πλησίον
1276 683 1323 741 τοῦ

45 801 157 875 ‘Pagina
182 802 286 879 μοδὶων
302 803 339 879 β’.
375 807 467 885 ἕτερον
494 803 600 880 άμπέλι
628 804 658 865 ἐν
684 811 718 887 τῇ
745 811 862 886 περιοχῇ
889 808 936 866 τοῦ
957 805 1070 865 Σκινέου
1096 803 1128 864 τὸ
1149 803 1322 880 καλούμενον

44 930 81 985 τοῦ
102 927 182 987 Λθκου
213 926 317 1002 μοδίων
332 925 368 985 α’.
398 929 490 1006 ἕτερον
512 927 543 986 τ“ο
565 925 626 988 κατ’
639 927 737 1008 άρκτον
759 931 806 988 τοῦ
827 925 966 1008 χωραφίου
988 923 1128 986 καὶκατὰ
1150 925 1323 1006 μεσημβρίαν

44 1051 80 1107 ταᾶ
98 1048 270 1128 διερχομένου
292 1049 445 1130 χειμάρρου
467 1047 562 1124 μοδίου
578 1049 615 1110 α’.
641 1052 733 1130 ἕτερον
757 1047 797 1122 εἰς
818 1051 849 1110 τθ
864 1049 1012 1128 Σουγιάνου
1033 1049 1065 1109 τ“ο
1086 1047 1202 1125 πληοθον
1217 1044 1323 1124 ἆμπέλι

44 1173 80 1230 τοῦ
98 1177 170 1230 παπαῖ
190 1172 276 1248 Μηνᾶ
298 1169 394 1247 μοθίου
408 1169 459 1246 ς”.
481 1174 609 1252 χωράφια
631 1170 734 1248 μοδίων
749 1171 773 1231 ε’
781 1169 832 1247 ς”.

130 1289 201 1352 Εἰσὶν
223 1291 250 1354 οἱ
273 1292 419 1373 ἅνθρωποι,
450 1294 498 1366 οθς
520 1295 634 1372 κατέχει
655 1295 674 1370 ἡ
698 1295 836 1373 άγιωτάτη
860 1294 995 1370 ἐπιοκοπὴ
1018 1293 1072 1354 ἀπὸ
1094 1299 1149 1354 τῶν
1171 1293 1322 1354 ὑποτελῶν.

45 1414 225 1488 Κυναταντῑνος
246 1414 335 1496 ἱερεὺς
357 1415 542 1496 θνΒυρθιάνης
564 1415 611 1476 σὺν
632 1419 770 1495 γυναικός,
801 1417 862 1495 ἔχει
883 1415 985 1488 παῖδας
1007 1417 1124 1496 άροενας
1140 1414 1177 1500 6',
1200 1415 1324 1494 θηλονὰς

45 1535 102 1608 μίαν.
123 1539 196 1617 χηρα
216 1539 235 1614 ἡ
257 1538 346 1617 νύμφη
369 1537 450 1598 αἰποῦ
473 1538 575 1616 ἔχοντα
597 1539 733 1620 θυγατέρα
755 1539 829 1616 μίαν.
859 1540 990 1614 Ἰωάννης
1013 1537 1100 1620 ἱερεὺς
1122 1539 1138 1598 6
1160 1537 1217 1610 υἱθς
1240 1539 1324 1614 αἰτης

44 1657 79 1716 τίν
97 1661 217 1738 γυναικὸς
241 1661 315 1738 έχων
336 1661 437 1732 παῖδας
452 1659 478 1735 β’
502 1661 628 1742 άροενας.
650 1662 715 1742 παρ’
728 1661 832 1722 ἐκείνου
854 1660 979 1737 Νικήτας
1002 1661 1090 1742 ἱερεὺς
1111 1665 1159 1722 τοῦ
1181 1661 1323 1741 Βαρδιάνη

46 1781 102 1857 ἔχων
122 1781 174 1842 υΐον
196 1781 223 1842 α’
246 1779 296 1842 καὶ
310 1783 461 1864 θυγατέρας
477 1782 513 1857 β’.
537 1784 615 1844 τελεῖ
637 1783 666 1844 ἐν
682 1783 845 1866 ἀμφοτέροις
860 1783 984 1863 γκελλία
1000 1782 1033 1843 6'.
1060 1783 1156 1864 Μαρία
1170 1785 1188 1860 ἡ
1204 1785 1324 1864 θυγάτηρ

45 1901 131 1964 εκεὶνου
150 1907 196 1966 τοῦ
217 1909 296 1966 παπᾶ
317 1905 427 1981 Νικήτοι
449 1906 551 1984 ἔχοντα
573 1905 645 1979 υἱοθς
659 1903 701 1986 ς’,
733 1901 779 1966 ἀπ’
793 1905 889 1978 αθτοὶις
916 1907 1088 1986 τυγγθναικοι
1109 1903 1136 1966 οἱ
1156 1903 1195 1984 γ’.
1225 1904 1325 1978 παῖδες

46 2024 79 2082 ἑτ
89 2025 170 2100 αἰτοῑς
191 2025 328 2108 ἁρσενινιοὶ
349 2029 489 2109 τέσσαρες,
512 2027 630 2106 θηλυκαὶ
647 2029 703 2090 660.
728 2023 800 2090 οὗτοι
817 2031 881 2090 ἄνευ
894 2029 1001 2102 τέλους.
1019 2029 1099 2089 Λέων
1114 2027 1129 2088 6
1146 2027 1203 2101 υἱθς
1219 2027 1324 2089 ἐκείνου

46 2146 116 2226 ἱερυις
139 2153 184 2211 τοῦ
204 2156 284 2212 παπᾶ
305 2151 414 2227 Νικήτα
441 2150 519 2212 τελεῖ
541 2151 570 2212 ἐν
593 2150 666 2231 αὐτῷ
688 2150 811 2231 γκελλία
825 2151 864 2229 η’.
888 2152 1019 2226 Ἰωάννης
1043 2149 1130 2232 ἱερεὶις
1152 2152 1168 2210 6
1189 2149 1324 2226 Τιμοθέου

47 2269 102 2341 μετὰ
121 2273 249 2354 θυγατρὸς
273 2271 309 2333 α’.
337 2275 353 2333 ὁ
375 2271 432 2347 υἱος
454 2273 534 2335 αὺτοῦ
556 2274 602 2336 οὺν
624 2275 752 2355 γυναικθς
775 2275 845 2350 μετὰ
866 2275 965 2348 παιδος
986 2275 1110 2352 θηλυκῆς
1133 2274 1170 2334 α’.
1200 2273 1325 2351 Νικητας

48 2387 199 2472 ὶντμάνοτης
227 2393 276 2456 καὶ
297 2397 371 2468 θεῖος
393 2397 474 2458 ου’ντοῦ
495 2397 541 2457 σὺν
563 2399 691 2477 γυναικὸς
714 2399 787 2476 ἔχων
809 2397 911 2471 παῖδας
932 2397 1049 2479 ἄρσενας
1072 2395 1109 2478 β’,
1139 2395 1263 2472 θηλυκθς
1286 2395 1324 2460 α’.

47 2513 108 2574 τελεῖ
132 2515 171 2576 ἐπ’
189 2518 281 2591 α’ντοῑς
312 2518 436 2597 γκελλία
450 2518 477 2598 γ’
489 2518 541 2594 ς”.
573 2521 779 2594 Κωνσταντῑνος
808 2522 825 2581 6
853 2521 988 2597 Γαϊτάνης
1016 2520 1064 2580 σὺν
1092 2521 1221 2599 γυναικὸς
1251 2520 1324 2598 ἔχων

47 2637 160 2719 θυγατέρα
188 2639 253 2714 μίαν
283 2639 361 2701 τελεῖ
390 2639 420 2700 ἐν
449 2639 522 2721 αὐτῷ
544 2641 666 2722 γκελλία
682 2642 708 2703 α’
720 2638 771 2718 ς”.
809 2643 932 2720 Νικητας
956 2639 1135 2720 ἀναγνώστης
1156 2643 1172 2702 6
1196 2641 1324 2718 Ἄνθιμος

49 2757 84 2816 ολν
105 2762 225 2838 γυναικὸς
253 2761 328 2840 ἔχων
355 2761 427 2836 υἱοὺς
448 2761 475 2838 β’
503 2762 550 2824 καὶ
575 2765 729 2846 θυγατέρας
751 2765 788 2841 β’.
819 2759 891 2826 οὗτοι
919 2765 983 2825 ἄνευ
1004 2763 1112 2837 τέλους.
1144 2764 1170 2824 οἱ
1191 2765 1325 2846 Τιθναρες

49 2880 88 2940 υἱοὶ
106 2883 203 2946 ἐκείνου
224 2888 272 2946 τοῦ
293 2891 371 2946 παπαῖ
393 2887 522 2967 Λαζάρου
545 2888 727 2968 ουγγύναικοι,
761 2889 834 2966 ἔχων
856 2889 871 2948 6
898 2889 1055 2969 Δημήτριος
1080 2886 1183 2958 παῖδας
1205 2882 1324 2967 ἄρσενας

50 3001 77 3080 θ’,
95 3006 209 3081 θηλυκθς
225 3005 251 3080 β’
274 3005 322 3068 καὶ
344 3009 360 3067 6
382 3009 464 3068 Λέων
486 3008 603 3089 άρσενας
618 3005 643 3086 β’
667 3007 714 3070 καὶ
736 3011 751 3068 6
772 3009 955 3092 πρεοβθτερος
978 3011 1079 3090 άροενα
1101 3011 1160 3091 ἕνα,
1183 3008 1230 3069 δύο
1245 3029 1323 3088 γαμ-

51 3123 112 3203 ἓρθις
130 3133 174 3190 τοῦ
196 3132 277 3190 αὐτοῦ
298 3131 346 3190 σὺν
367 3133 495 3210 γυναικὸς
518 3131 602 3214 ἔχων,
624 3133 640 3192 6
662 3133 690 3213 γ’
704 3132 822 3212 Ἐφραὶμ
843 3132 899 3192 υθον
915 3131 941 3192 α’
965 3129 1011 3190 σὺν
1034 3132 1163 3209 γυναικὸς
1178 3128 1225 3190 καὶ
1241 3131 1322 3210 ἕτερα

50 3249 123 3310 τιιθία
143 3251 270 3333 ἀρσενικὰ
292 3253 339 3314 θθο
362 3251 409 3313 καὶ
431 3255 446 3312 6
471 3253 608 3330 Μανουὴλ
630 3255 766 3336 θυγατέρα
790 3255 854 3332 μίαν
876 3252 922 3314 καὶ
937 3252 994 3314 υθον
1010 3255 1069 3325 ἕνα,
1092 3252 1170 3314 τελεῖ
1185 3252 1214 3312 ἐν
1230 3251 1321 3332 ἀμφο-

51 3373 118 3448 τέροις
140 3373 262 3454 γκελλέα
277 3374 314 3435 δ’.
345 3375 470 3453 Νικητας
493 3375 580 3456 ἱερεὺς
603 3377 617 3434 6
640 3377 816 3456 Καταλάχης
839 3376 883 3437 οὶιν
906 3377 1034 3456 γυναικὸς
1058 3375 1131 3453 έχων
1154 3373 1226 3447 υἱοὺς
1241 3369 1278 3456 γ’,
1309 3376 1324 3434 6

51 3483 79 3564 ἐξ
101 3495 142 3555 τὐν
168 3501 306 3576 γυναικός.
335 3497 414 3559 τελεῖ
436 3499 465 3558 ἐν
488 3495 560 3577 αθτῷ
583 3495 807 3578 γκελλίαγ’ς”.
839 3501 971 3575 Ἰωάννης
993 3499 1008 3558 6
1031 3495 1152 3578 ἀδελφὸς
1177 3499 1257 3558 αυτοῦ
1279 3498 1325 3558 σὐν

49 3621 152 3692 Υναυίυς
178 3619 296 3699 ἐχοθσης
322 3619 378 3682 υἱον
398 3620 425 3680 α’
448 3617 496 3681 καὶ
517 3621 653 3702 θυγατέρα
670 3621 696 3681 α’
727 3621 851 3700 γκελλθα
866 3618 900 3697 β’.
928 3621 1009 3680 Λέων
1032 3621 1048 3680 6
1072 3619 1256 3697 Θαλαοσηνθς
1278 3620 1325 3680 σὺν

50 3743 150 3815 ρινοικθς
177 3743 253 3821 ἔχων
280 3742 351 3816 υἱοὺς
366 3742 403 3822 γ’.
437 3743 462 3804 οἱ
489 3743 535 3804 θθο
558 3743 604 3804 σὺν
626 3745 756 3824 γυναικθς
777 3743 825 3804 καὶ
846 3742 944 3816 παιδὀς
966 3742 1108 3824 ἀρσενικοῦ
1124 3739 1161 3804 α’.
1195 3741 1325 3819 ’Ἰωάννης

50 3862 180 3945 ἑάὲελφθς
201 3865 281 3926 αὺτοῦ
302 3865 349 3926 οθν
368 3868 497 3944 γυναικὸς
519 3866 592 3945 ἔχων
606 3865 678 3938 υθοὶνς
694 3863 731 3948 β’,
754 3868 769 3925 6
785 3857 825 3939 εἷς
840 3865 886 3926 σὺν
900 3866 1029 3944 γυναικὸς
1048 3864 1096 3925 καὶ
1111 3865 1244 3946 θνγατρθς
1259 3869 1325 3941 μιᾶς

49 3983 106 4043 πλεῖ
116 3987 236 4064 γιελλία
249 4035 255 4048 .
270 4035 277 4049 .
293 4035 299 4050 .
316 3985 466 4061 Θεοδόσιος
479 3985 520 4073 (1²)
536 3989 551 4049 6
567 3988 750 4066 ’Υακυνθηνθς
765 3987 812 4049 ουν
827 3990 956 4068 γυναικθς
972 3988 1045 4066 ἔχων
1064 3987 1136 4058 υἱοὺς
1153 3985 1187 4067 θ’,
1212 3986 1237 4047 οἱ
1251 3991 1325 4068 τρεῖς

50 4104 83 4162 τῦν
94 4111 219 4189 γυναικές,
235 4107 335 4183 παῖδες
352 4107 394 4170 ἐπ’
404 4111 494 4182 αυτοῖς
510 4111 624 4192 ἄρσενες
636 4109 673 4190 α’,
690 4108 808 4184 θηλυκαὶ
821 4109 857 4184 β’.
874 4109 1017 4186 Λυκοθδης
1037 4109 1051 4169 6
1065 4108 1176 4188 ἀνεψιὸς
1188 4109 1267 4170 αὺτοῦ
1279 4109 1325 4169 σὺν

52 4233 149 4304 γυναικὸς
169 4233 248 4292 τελεῖ
271 4232 301 4292 ἐν
325 4231 487 4312 ἀμφοτέροις
502 4231 624 4310 γκελλία
640 4230 665 4292 θ’
676 4229 727 4307 ς”.
751 4235 827 4313 χήρα
845 4235 892 4292 τοῦ
907 4231 1085 4308 Ὑακινθηνοῠ
1101 4225 1171 4306 μετὰ
1185 4229 1249 4289 υἱῶν
1265 4229 1322 4292 δύο.

128 4353 244 4430 Ὁμοίως
267 4355 293 4415 οἱ
318 4354 438 4414 ἔκπαλαι
462 4355 688 4436 άρχαιοπάροικοι
705 4355 836 4430 Ἰωάννης
858 4353 947 4434 ἱερεὺς
962 4354 977 4412 6
993 4353 1107 4434 Κραοᾶς
1123 4353 1170 4413 σὺν
1184 4355 1323 4432 γυναικός.

55 4467 223 4550 Ἰυνοτοντῖνος
253 4478 269 4536 6
293 4477 409 4558 Κρααᾶς
440 4476 486 4536 σὺν
512 4477 640 4554 γυναικθς
670 4476 744 4553 ἔχων
767 4475 839 4547 υἱοὺς
853 4473 881 4554 γ’
903 4472 951 4534 καθ
973 4475 1108 4555 θυγατέρα
1124 4469 1159 4535 α’.
1192 4471 1326 4550 Ἰωάννης

56 4589 150 4674 ὅὶερεθς
180 4599 196 4658 6
227 4602 323 4680 ἕτερος
354 4597 410 4669 υθος
438 4599 519 4658 αὺτοῦ
541 4597 587 4657 σὺν
609 4597 747 4676 γυναικός.
785 4595 931 4666 Βαοιλειος
954 4597 968 4656 6
990 4597 1106 4678 Κραοᾶς
1128 4595 1174 4656 σὺν
1196 4596 1325 4674 γυναικος

54 4713 103 4789 ἔχων
119 4719 167 4782 νθον
183 4721 211 4783 α’
237 4719 287 4782 καὶ
310 4721 446 4801 θυγατέρα
463 4719 499 4780 α’.
527 4723 603 4800 χήρα
625 4721 644 4796 ἠ
666 4719 753 4797 νθμφη
778 4720 856 4778 αὐτοῦ
880 4719 983 4796 ἔχουσα
1005 4715 1101 4777 παιδία
1117 4713 1153 4796 γ’.
1177 4716 1211 4777 τὰ
1227 4715 1254 4790 β’
1271 4717 1323 4798 ἀρ-
