3240 5286
1299 375 1363 440 299
1409 471 1411 474 ,

60 575 88 631 ού
112 565 171 646 μηνί
196 572 228 631 δὲ
252 567 329 630 ἀλλὰ
351 571 399 630 καί
421 569 548 650 εύπορίας
572 570 720 649 αύτάρκους
742 567 854 644 ἠξίωσε,
877 569 911 626 τά
934 569 1114 648 διαρκέστατα
1137 569 1299 650 συναγείρας
1321 571 1363 632 ἐπ’

62 693 122 768 ἐμαί
150 699 209 752 τῶν
238 692 392 770 ἐγκοσμίων
420 693 499 750 αιίτού
522 691 633 770 ἀγαθῶν
645 689 677 770 ¹).
723 689 765 751 σαὶ
789 687 844 770 ούν,
876 690 1002 764 δέσποτα,
1034 695 1118 752 ταίτα
1138 694 1293 772 προσάγων,
1324 695 1364 754 ὅτι

60 819 105 875 σού
130 814 258 886 διδόντος
280 817 369 872 πάντα
391 811 548 892 συνείλσχα,
572 807 628 871 τίεν
652 809 691 884 είς
714 811 860 892 ὑπηρεσίαν
882 817 932 888 τῆς
954 812 1143 893 φιλανθρώπου
1164 833 1212 873 σου
1233 813 1362 891 ἐντολῆς·

61 938 89 997 σύ
111 936 169 1016 γὰρ
194 935 396 1016 παραδέδωκας
418 935 456 1004 ῶς
479 934 668 1013 φιλάνθρωπος
689 935 746 1005 τοῖς
776 932 898 1006 εύσεβεῑν
923 933 1047 993 ἐθέλουσι
1069 933 1117 1011 τὴν
1140 935 1271 1015 σωπῆριον
1292 939 1363 1016 πρύ-

61 1079 148 1138 ρασιν,
180 1057 228 1117 τδν
260 1057 374 1130 ἑκάστου
403 1045 520 1116 πλούτου
550 1055 648 1136 λύτρον
680 1059 771 1132 ψυχῆς
800 1031 963 1114 καθεστάναι
991 1055 1208 1134 ἀποφηνάμενος.
1255 1057 1364 1134 έστωῆ

61 1181 177 1258 μεγάλη
202 1199 249 1239 σου
271 1176 319 1239 καί
339 1177 545 1252 παντσδύναμσς
568 1175 645 1250 δεξιά
668 1179 816 1254 συνέχουσα
831 1176 864 1234 τὰ
878 1179 1121 1256 προσενηνεγμένα
1137 1176 1184 1238 καί
1200 1182 1364 1259 συντηρούσα

63 1301 99 1373 είς
122 1299 213 1360 ἀίδιον
236 1300 376 1376 διαμονήν.
412 1298 450 1374 μὴ
474 1297 540 1376 δῷς,
563 1299 637 1379 κύριε
658 1302 705 1358 τού
728 1298 835 1378 ἐλέους,
860 1296 944 1377 άνδρα
968 1297 1106 1371 βάσκανον
1129 1303 1212 1360 ταῦτα
1236 1293 1361 1380 κεραίααι

63 1421 108 1483 καί
138 1423 350 1502 διασπάσασθαι,
379 1420 482 1496 ῆτούς
509 1418 570 1500 περὶ
592 1419 641 1492 τὰς
671 1422 780 1495 κτήσεις
811 1420 995 1496 ἐπτοημένους
1026 1419 1157 1493 δυνάστας
1187 1421 1294 1499 λίχνοις
1316 1419 1365 1481 καὶ

63 1547 271 1616 πλεονεκτικοῑς
291 1539 627 1622 ύμμασινέπσρθαλμίσαι
642 1543 690 1617 τὴν
706 1541 805 1601 τούτων
820 1540 964 1616 καλλονῆν
980 1544 1171 1624 συγχωρησῃς,
1195 1542 1234 1617 μὴ
1251 1545 1365 1621 γνώμην

67 1665 347 1748 άλλστριοπράγμσνα
377 1663 423 1724 καί
449 1663 593 1745 περίεργον
623 1663 863 1741 γλωττοδεύουσαν
895 1659 929 1723 τά
951 1664 1107 1724 λεπτότατα
1128 1669 1182 1724 τῶν
1204 1667 1365 1743 πρσράσεων

65 1783 110 1848 καί
139 1786 385 1869 προεξεγείρουσαν
415 1787 449 1847 τὰ
472 1787 510 1862 μὴ
535 1787 613 1862 δίκης
636 1783 708 1865 ἀξια,
738 1786 1006 1865 συμπσνηρεύσκσθαι
1029 1784 1076 1845 καί
1099 1783 1259 1866 διαταράξαι
1282 1783 1366 1868 σίνέξη

67 1911 98 1970 τέ
120 1911 296 1987 δικαιώματα
319 1913 416 1990 αύτῶν,
440 1909 478 1985 μὴ
502 1909 643 1988 ἄνθρωπον
660 1909 796 1968 σκοτεινὸν
811 1905 858 1966 καί
874 1907 1030 1982 συμβάλοιτο
1044 1912 1140 1968 κακῶν
1157 1907 1240 1989 ἐάσης
1256 1905 1365 1967 ἔνδοθεν

70 2031 241 2113 είαρθαρῆναι
270 2033 330 2105 ταῖς
358 2031 457 2091 τούτων
488 2029 654 2111 ὑπηρεσίαις,
684 2033 702 2106 ῆ
734 2027 835 2102 ἔξωθεν
866 2029 1021 2104 ἐπιτεθῆναι
1047 2031 1191 2104 πυκνότητι
1212 2029 1311 2110 τρέπου
1333 2029 1367 2087 τά

70 2154 214 2232 δνσχιμαία
235 2161 290 2214 τῶν
311 2150 479 2234 πραγμάτων
504 2151 654 2233 ἐγείροντα,
688 2150 755 2211 ἀλλ’
769 2150 857 2226 αὐτάς,
889 2150 1016 2230 δέσποτα,
1041 2149 1205 2228 διατείχισσν
1230 2150 1297 2210 αύτά
1319 2147 1367 2209 καί

69 2277 292 2356 περιχαράκωσσν
322 2280 355 2355 τῇ
383 2274 501 2354 κραταιᾷ
524 2293 570 2332 σου
592 2273 710 2354 παλάμῃ
732 2271 780 2332 καί
804 2272 924 2332 ἔστωσαν
948 2270 987 2342 είς
1011 2271 1141 2349 εύλογίαν
1163 2275 1209 2332 τού
1232 2272 1367 2347 δνύματύς

71 2417 113 2455 σου
134 2402 181 2458 τού
205 2397 293 2477 ἁγίου.
324 2394 555 2475 ἀπσχωρείτωσαν
578 2391 623 2455 σύν
646 2395 744 2472 ταύτης
765 2400 815 2471 τῆς
836 2393 913 2474 ίερσίς
934 2397 981 2453 τού
1002 2393 1220 2474 πτωχοτρορείου
1240 2395 1365 2470 κτήσεως

71 2524 116 2593 τῆς
146 2517 186 2590 είς
211 2520 382 2599 εύαρέστησιν
405 2523 454 2593 τῆς
483 2515 663 2596 ύπερκσσμίου
686 2537 733 2577 σου
756 2512 839 2592 δύξης
865 2517 1069 2595 συνισταμένης,
1100 2514 1219 2591 καὶτῆς
1243 2515 1271 2575 ἐν
1296 2513 1368 2592 αύτῷ

72 2637 142 2718 ίεράς
172 2639 219 2700 καί
249 2645 402 2718 μοναχικῆς
432 2638 564 2719 μάνδρας,
594 2637 641 2698 καὶ
671 2644 724 2697 τῶν
753 2639 1022 2718 προσκεκυρωμένων
1053 2639 1142 2708 αύτοίς
1171 2639 1289 2718 πάντων,
1320 2633 1367 2695 καί

73 2757 197 2833 βασιλεύς
227 2763 300 2834 άπας
328 2759 375 2822 καί
407 2763 499 2841 άρχων
529 2759 576 2820 καὶ
607 2760 738 2835 δυνάστης
767 2757 815 2819 καὶ
846 2761 903 2820 ὅσοι
929 2762 975 2819 τοῦ
998 2757 1070 2838 ίερσύ
1101 2758 1227 2834 βήματος
1248 2738 1368 2834 καὶτῆς

74 2881 261 2963 ἀρχιερατικῆς
282 2903 313 2942 τε
334 2881 380 2942 καί
403 2882 540 2964 ίνερτιτικῆς
562 2879 678 2962 τάξεως,
701 2880 748 2940 καὶ
769 2886 825 2953 πᾶς
846 2901 886 2953 τις
908 2886 962 2940 τῶν
986 2881 1014 2940 ἐν
1037 2879 1188 2952 πολιτικοῖς
1203 2877 1250 2938 καὶ
1266 2879 1365 2959 ἀρχιε-

75 3007 188 3079 ρατικοῖς
211 3004 453 3084 ἀναστρεφομένων
475 3005 640 3084 πράγμασιν,
664 3003 703 3075 ῶς
723 3003 906 3078 ἀνακειμένης
922 3001 977 3080 θεῷ
992 3007 1041 3079 τῆς
1056 3003 1181 3077 τοιαύτης
1196 3003 1264 3077 θμσύ
1278 3003 1368 3077 πάσης

73 3126 191 3198 κτήσεως
221 3127 260 3197 ῶς
290 3124 389 3208 ἀσυλίᾳ
418 3127 609 3201 τετιμημένης.
655 3122 702 3183 καί
733 3124 836 3203 ένορκῶ
860 3125 929 3199 ύμάς
951 3127 1055 3194 πάντας
1078 3121 1125 3183 καὶ
1147 3123 1315 3198 καταδεσμῶ
1338 3123 1367 3180 ἐν

74 3244 179 3322 κρίματι
203 3246 388 3326 ἀσυμπαθήτῳ
410 3245 458 3306 καί
480 3245 661 3325 ἀδιαλλάκτῳ
683 3247 751 3326 πρδς
773 3253 822 3320 τῆς
838 3244 920 3324 άγίας
934 3243 981 3304 καί
998 3247 1155 3324 ζωαρχικῆς
1170 3243 1299 3324 Τριάδος,
1322 3246 1368 3303 τού

76 3365 156 3440 μηδέν
178 3389 201 3427 τι
223 3373 277 3428 τῶν
300 3369 364 3449 παρ’
379 3368 445 3443 ἐμυύ
469 3368 690 3446 διατεταγμένων
712 3369 930 3446 παρασαλεύσαι,
963 3365 1035 3442 μηδὲ
1057 3366 1091 3425 τὰ
1114 3365 1222 3444 εύαγῶς
1246 3363 1368 3444 ἀφιερω-

75 3485 148 3547 θέντα
170 3487 217 3549 καί
240 3490 403 3549 ἀνατεθέντα
427 3487 482 3568 θεῷ
496 3491 634 3581 ,συγχύσει
658 3487 707 3549 τινί
730 3487 776 3547 καί
800 3487 919 3570 ἀκοσμίᾳ
939 3487 1100 3567 περιβαλεῖν
1116 3485 1162 3546 καί
1179 3491 1367 3564 μεταποιῆσαι,

75 3606 116 3666 καί
138 3608 195 3670 ἀντὶ
223 3613 346 3686 πενήτων
376 3611 573 3690 καταλυτῆριον
605 3613 690 3669 ποιεῖν
721 3609 840 3669 δυνατῶν
870 3609 984 3691 ἀνδρῶν,
1016 3609 1080 3668 ἄνευ
1104 3613 1156 3667 τῶν
1181 3605 1219 3679 είς
1241 3609 1368 3688 πρδνοιαν

78 3730 155 3790 αύτῶν
177 3734 374 3807 τετυπωμένων
396 3729 443 3792 καί
467 3729 597 3807 διοίκησιν
618 3737 670 3790 τῶν
686 3735 807 3810 ψυχικῶν
822 3729 870 3790 καὶ
885 3732 949 3810 παρ’
964 3730 1030 3806 ἐμοῦ
1047 3729 1273 3807 λεχθησομένων,
1299 3727 1369 3804 μηδέ

77 3869 140 3924 τινος
160 3859 215 3912 τῶν
239 3854 268 3913 έν
292 3853 381 3924 αύτοῑς
404 3853 606 3933 ἀρισρωθέντων
628 3853 761 3912 παντοίων
783 3851 930 3928 κτημάτων
953 3846 1000 3911 καί
1020 3851 1099 3930 ἱερῶν
1115 3849 1268 3926 κειμηλίων
1286 3849 1370 3928 ἀραί-

79 3990 142 4047 ρσσιν
175 3976 224 4049 τὴν
259 3973 363 4034 οίανούν
396 3975 573 4054 ποιήσασθαι,
609 3971 682 4050 μηδὲ
716 3975 781 4053 ύιτέρ
817 3973 928 4049 δύναμιν
959 3971 1006 4032 καὶ
1035 3971 1213 4048 πλεονασμὸν
1242 3971 1370 4032 ἐπιθεῖναι

79 4089 181 4174 ἐξόδων,
204 4097 242 4166 ῶς
265 4097 298 4154 άν
321 4095 358 4170 μὴ
383 4095 505 4155 ἐντεύθεν
528 4097 652 4176 στέρησιν
674 4097 833 4170 ὑπομένοιεν
855 4093 902 4154 καὶ
926 4093 965 4164 είς
989 4094 1102 4174 ἀπορίαν
1118 4091 1370 4175 περιενεχθεῑενί).

80 4209 100 4270 εί
120 4215 148 4275 δέ
170 4237 209 4288 τις
230 4217 305 4296 παρὰ
327 4217 360 4275 τά
391 4215 593 4294 διατεταγμένα
615 4217 761 4296 παρ’ἐμοῦ
785 4217 955 4296 ἐπιχειρήσει
977 4236 1001 4276 τι
1026 4212 1225 4294 διαπράξασθαι
1246 4218 1265 4288 ῆ
1289 4213 1370 4287 βασι-

80 4331 174 4411 λεύςῆ
199 4333 305 4416 ἅρχων,
329 4337 384 4398 είτε
407 4337 572 4418 ἀρχόμενος,
596 4337 650 4398 εἴτε
674 4337 819 4419 ἀρχιερεὺς
841 4341 859 4412 ἡ
882 4335 969 4418 ἱερεὺς
994 4337 1012 4412 ἦ
1035 4357 1059 4396 tt
1074 4342 1128 4394 δῶν
1143 4339 1218 4416 παρὰ
1232 4341 1282 4414 τῆς
1301 4335 1372 4410 ἐμῆς

174 4623 193 4685 ¹)
217 4623 293 4686 Quae
315 4629 473 4688 sequuntur,
503 4626 531 4673 in
555 4623 612 4674 cod.
636 4624 765 4689 inscripta
788 4629 861 4673 sunt:
892 4619 1014 4688 εύκτῆρισς
1037 4619 1119 4688 λόγος,
1191 4619 1211 4686 ²)
1234 4621 1310 4684 Quae
1333 4635 1372 4674 so·

82 4724 198 4783 quuntur,
216 4720 245 4768 in
264 4719 322 4770 eod.
341 4720 470 4784 inscripta
488 4727 563 4770 sunt:
583 4715 629 4785 ἀρά
648 4713 709 4769 κατὰ
727 4719 776 4768 τῶν
795 4715 932 4784 παραβῆναι
950 4713 1133 4784 τολμησάντων.
