3194 5298
1275 357 1336 422 119

153 550 168 620 t
195 541 279 623 Είχε
307 545 364 606 καὶ
395 546 433 608 δι’
451 547 593 628 ἑρυθριῖνν
621 553 828 628 γραμμάτων
858 559 916 628 τῆς
946 549 1128 627 βασιλικῆς
1157 549 1213 611 καὶ
1242 551 1337 622 θείας

65 667 164 746 χειρός
183 670 231 726 το’·
255 666 333 744 μηνὶ
356 664 525 749 άτριλλίῳ
547 668 592 741 κς’
700 675 724 746 η.

152 795 294 850 Ιοιιιιιιάίισ
309 796 361 851 Nr.
380 797 407 852 6.

221 1034 227 1061 λ

326 1047 420 1114 XXI.
444 1045 521 1112 Sine
543 1069 637 1134 anno,
666 1047 695 1111 9.
719 1050 839 1114 mensis
862 1047 1055 1114 decembris.

64 1211 112 1265 Ra
126 1211 275 1282 Stephanus
293 1213 391 1268 Παίου
412 1215 509 1268 iterum
523 1215 616 1270 sentit
631 1215 664 1268 de
678 1213 845 1269 restitutione
860 1215 923 1286 αρνι·
937 1215 1004 1269 dicti
1019 1214 1180 1286 Μασουρίου
1195 1215 1233 1270 ad
1246 1232 1335 1270 ινιοιισ-

626 1318 745 1372 sterium.

341 1485 544 1566 Πρόσταγμα
566 1483 589 1556 ζ’
614 1483 657 1558 εἰς
679 1485 732 1562 τὴν
755 1485 855 1560 αὐτὴν
878 1485 1041 1544 ὑπόθεσιν.

150 1640 283 1720 γΟίκεῑε
307 1646 340 1722 τῇ
363 1640 492 1724 βασιλείᾳ
514 1661 575 1718 μου,
599 1641 742 1718 δομέστικε
762 1645 812 1722 κῦρ
828 1641 942 1715 Ἰωάννη
958 1641 1148 1719 Ταρχανιωτη.
1171 1639 1335 1717 ἠβασιλεία

61 1783 103 1836 μου
117 1761 253 1842 διορίζεταί
275 1783 326 1824 σοι.
349 1764 401 1843 πρδ
423 1764 528 1843 χρόνων
552 1763 597 1822 διὰ
617 1763 824 1842 χρυσοβοίιλλου
847 1762 900 1822 ἀπό
923 1760 1061 1837 μεσιτείας
1081 1767 1132 1838 τῆς
1153 1764 1335 1844 περιποθήτου

60 1885 176 1965 θυγατρός
201 1891 251 1961 τῆς
278 1883 421 1958 βασιλείας
444 1905 505 1964 μου,
527 1890 576 1961 τῆς
599 1885 772 1962 θψηλοτάτης
794 1883 945 1965 κραλαίνης
967 1889 1017 1959 τῆς
1040 1885 1257 1958 αίιθεντοποίιλας
1278 1893 1336 1966 σου,

60 2007 116 2084 πρός
139 2007 186 2082 τἠν
213 2007 285 2068 κατὰ
306 2009 337 2068 τό
364 2007 427 2087 όρος
449 2007 608 2068 Μενσίκεων
635 2006 809 2082 διακειμένην
831 2006 985 2082 σεβασμίαν
1008 2006 1093 2082 μονὴν
1115 2007 1164 2082 τἠν
1187 2004 1227 2080 εἰς
1249 2005 1337 2083 όνομα

60 2131 199 2206 πμωμένην
223 2133 271 2189 τοῦ
297 2128 384 2204 τιμίου
409 2131 544 2208 προφήτου
566 2127 728 2208 Προδρόμου
750 2125 797 2187 καί
819 2128 968 2188 Βαττιιστοῦ
990 2128 1118 2188 Ἰωάννου
1139 2130 1170 2188 τ“ο
1191 2127 1265 2208 παρὰ
1287 2133 1337 2204 τῆς

61 2251 168 2328 τοιαίτης
189 2257 276 2326 μονῆς
297 2251 486 2330 εὑρισκόμενον
509 2251 639 2330 ἀγρίδιον,
662 2251 692 2310 τδ
715 2249 868 2328 λεγόμενον
891 2250 1081 2332 Μονόοπητον,
1105 2251 1171 2330 όπερ
1192 2249 1337 2328 κατείχετο

62 2375 173 2452 πρότερον
195 2373 240 2432 διὰ
260 2380 408 2454 πρακτικοῦ
431 2371 470 2446 εἰς
493 2371 649 2448 οἰκονομίαν
669 2371 745 2451 παρὰ
765 2375 812 2432 τοῦ
834 2370 934 2432 οἰκείου
956 2379 989 2454 τῇ
1010 2372 1138 2454 βασιλείᾳ
1153 2394 1216 2454 μου,
1239 2377 1337 2434 σεπτοίν

61 2493 137 2572 κυρίου
151 2495 305 2574 Νικηράρου
326 2499 372 2556 τοῦ
388 2495 535 2576 Μαρτίνου,
560 2493 616 2554 ἀντὶ
637 2495 785 2570 ποσάτητος
808 2497 980 2570 νομισμάτων
995 2495 1024 2554 λ’
1041 2541 1048 2556 .
1067 2543 1074 2556 .
1093 2543 1099 2555 .
1115 2495 1182 2574 πρός
1204 2495 1283 2554 αὐτδν
1305 2493 1337 2554 δὲ

61 2615 98 2672 τὀν
118 2618 208 2676 σεπτόν
225 2617 362 2698 Μαρτῖνον
386 2615 476 2676 ἐδίδου
497 2618 528 2676 τ“ο
551 2617 602 2692 μὲν
623 2618 753 2696 πρότερον
778 2611 835 2676 ἀντὶ
857 2617 949 2678 τούτου
971 2619 1051 2697 χάριν
1066 2612 1209 2695 προσοδίου
1225 2615 1336 2698 αδτοϋί)

60 2732 221 2824 νομ[ίσμιτια]
251 2787 286 2800 ..
310 2786 318 2802 .
340 2743 392 2820 πρὸ
414 2759 486 2810 τινος
514 2739 604 2814 δ’ἤδη
631 2743 725 2820 καιροῦ
752 2738 894 2820 διωρίσατο
923 2741 941 2816 ἡ
968 2737 1097 2813 βασιλεία
1112 2759 1173 2819 μου,
1204 2738 1248 2798 ἵνα
1271 2735 1337 2821 δοθῇ

61 2857 92 2935 τῷ
111 2861 215 2940 τοιούτῳ
240 2860 368 2940 Μαρτίνῳ
392 2859 449 2921 ἀντὶ
471 2865 519 2922 τοῦ
542 2861 715 2935 δηλωθέντος
742 2862 862 2942 άγριδίου
885 2860 938 2921 ἀπό
960 2866 1010 2936 της
1032 2859 1189 2936 οἰκονομίας
1211 2855 1245 2936 ἦς
1267 2881 1336 2920 κατ-

62 2982 111 3056 εῖχε
130 2980 188 3062 περὶ
209 2983 259 3054 τὰς
280 2983 385 3064 Σέρρας
407 2983 425 3057 ἠ
448 2983 567 3062 θυγάτηρ
589 2989 635 3043 τοῦ
659 2983 800 3059 Ῥωμαίου
823 2983 936 3062 ἐκείνου,
959 2985 1077 3059 ποσότης
1099 2985 1273 3058 νομισμάτων
1296 2981 1336 3062 λ’,

62 3097 97 3158 διὰ
115 3105 143 3162 τό
164 3103 207 3162 ἵνα
221 3105 373 3182 κατέχηται
391 3106 422 3164 τ“ο
438 3104 564 3181 δηλωθὲν
580 3103 701 3185 ἀγρίδισν
715 3103 790 3185 παρὰ
804 3109 853 3181 της
869 3101 1015 3184 εἰρημένης
1031 3110 1116 3179 μονῆς
1133 3103 1337 3184 ἀνενοχλήτως,

61 3221 208 3302 ίτυγχητως
230 3225 278 3286 καί
298 3225 476 3299 ἀδιασείστως
492 3225 549 3286 ἀντὶ
564 3227 721 3306 ποσότητος,
746 3229 784 3298 ὡς
800 3225 965 3306 δεδήλωται,
989 3228 1161 3301 νομισμάτων
1176 3224 1216 3287 λ’.
1240 3224 1338 3306 ἀρτίως

61 3343 86 3402 δὲ
107 3345 246 3427 ἐγνώρισεν
269 3350 287 3423 ἡ
311 3347 440 3418 βασιλεία
463 3370 515 3424 μου
539 3346 569 3421 ἐξ
593 3349 728 3429 ἀναφορᾶς
750 3352 796 3408 τοῦ
818 3348 1025 3428 θεοφιλεστάτου
1049 3348 1196 3408 ἐπισκόπου
1219 3349 1335 3429 Ζιχνῶν,

59 3467 84 3538 ἀς
103 3473 277 3545 συνεστήσατο
300 3471 348 3545 τὴν
370 3472 492 3546 τοιαότην
516 3473 601 3546 μονὴν
624 3469 654 3544 ἐξ
677 3469 782 3531 οἰκείων
805 3471 897 3530 κόπων
918 3468 965 3530 καὶ
981 3465 1181 3548 ἀναλωμάτων,
1206 3471 1245 3529 ότι
1261 3469 1338 3530 οἰδὲν

58 3591 164 3652 πείθεται
186 3594 200 3652 ό
225 3591 362 3667 δηλωθείς
383 3593 521 3672 Μαρτίνος
544 3590 726 3664 ἀναδέξασθαι
750 3593 783 3652 ἐκ
803 3597 853 3668 τῆς
876 3591 1001 3672 ρηθείσης
1025 3589 1181 3665 οἰκονομίας
1203 3595 1249 3650 τοῦ
1265 3591 1338 3652 Ῥω-

60 3711 127 3784 μαίου
156 3716 261 3775 ἐκείνου
287 3716 335 3790 τὴν
365 3715 537 3791 δηλωθεῖσαν
558 3717 695 3789 ποσότητα
717 3719 769 3772 τῶν
792 3713 820 3774 λ’
844 3716 1015 3789 νομισμάτων
1038 3711 1085 3772 καὶ
1108 3712 1152 3772 διὰ
1174 3716 1251 3772 τοῦτο
1274 3713 1338 3773 ουδὲ

60 3835 84 3892 τί
104 3839 183 3916 μέρος
203 3843 255 3914 τῆς
278 3836 451 3912 δηλωθείσης
474 3843 560 3912 μονῆς
584 3835 694 3914 ἐγένετο
717 3836 808 3912 ἀκμὴν
832 3836 861 3896 ἐν
883 3842 990 3918 κατοχῇ
1012 3839 1059 3896 τοῦ
1074 3835 1201 3915 ῥηθέντος
1217 3833 1338 3916 άγριδίου

62 3960 97 4013 τοῦ
111 3959 297 4038 Μονσοπητου,
320 3958 367 4018 καί
389 3959 566 4040 παρεκάλεσε
588 3957 635 4020 καί
658 3959 773 4034 ἐζήτησε
795 3955 842 4019 καί
866 3955 949 4036 αὖθις,
973 3958 1012 4030 ὡς
1035 3959 1067 4016 ἂν
1090 3955 1194 4039 διορίοῃ
1216 3957 1234 4030 ἡ
1257 3955 1338 4030 βασι-

63 4075 117 4136 λεία
137 4101 186 4154 μσυ
208 4079 257 4140 καί
281 4079 405 4163 ἀπολυθῇ
427 4082 590 4160 πρόσταγμα
614 4079 653 4152 εἰς
674 4081 723 4157 τὴν
745 4078 806 4160 περὶ
828 4081 920 4140 τοίιτου
943 4078 1110 4158 δερέντευσιν
1132 4076 1180 4138 καί
1195 4073 1338 4139 ἀποκατά-

62 4217 137 4259 στασιν
158 4209 207 4278 τῆς
232 4200 378 4283 εἰρημένης
401 4208 497 4278 μονῆς.
532 4203 580 4278 τἠν
602 4207 668 4280 γοῦν
689 4201 861 4282 παράκλησιν
885 4204 964 4262 αδτοίι
985 4199 1192 4281 προεδεξαμὲνη
1215 4201 1234 4278 ἡ
1257 4200 1338 4276 βασι-

62 4317 113 4378 λεία
134 4343 183 4397 μου
206 4324 267 4402 ἔχει
290 4323 402 4400 θέλημα
423 4322 469 4384 καί
493 4324 636 4402 διορίζεταί
658 4345 709 4405 σοι,
741 4325 779 4396 ὡς
802 4327 844 4403 ἀν,
867 4323 959 4396 καθὼς
982 4323 1143 4406 διακομισθῄ
1165 4322 1233 4403 πρός
1256 4322 1286 4382 σὲ
1308 4323 1339 4383 τό

62 4443 133 4520 παρόν
153 4449 325 4526 πρόσταγμα,
349 4446 383 4508 ἐκ
403 4449 449 4506 τοῦ
470 4445 622 4527 παραυτίκα
642 4446 810 4528 παραδώσρς
832 4445 862 4505 σίν
883 4448 951 4526 προς
973 4446 1021 4521 τὴν
1043 4446 1172 4522 τουαίτην
1188 4444 1274 4521 μονὴν
1289 4445 1338 4522 την

153 4707 171 4772 ¹)
189 4701 261 4764 αἰτθς
279 4707 299 4757 Ι.
