3194 5298
186 333 189 340 ’
247 365 307 432 158

245 565 359 638 σαυριύν,
382 561 421 630 ὡς
445 559 517 620 ἔοικε
528 556 560 642 ί),
584 561 613 620 τό
635 561 726 618 πιστόν
748 559 862 636 ἔχοντα·
887 555 933 618 καί
949 555 1031 617 τᾶλλ’
1045 559 1113 632 όμού
1129 559 1249 617 καθόλου
1266 558 1400 634 συνελεῖν,
1426 558 1553 630 ἅπαντας

245 681 314 763 ὡςί)
338 682 468 761 μεγίστης
491 683 575 752 ὄντως
599 681 749 756 ἐκκλησίας
771 680 817 740 καὶ
839 681 1066 761 πολυθρέμμονος
1089 680 1213 760 ἀρχιερεῖ
1234 678 1282 738 καὶ
1296 680 1403 754 ποιμένι
1419 677 1477 756 δεῖ,
1504 675 1555 734 καί

246 803 315 865 ἐστίν
343 804 545 885 ἐργωδέστατον
569 805 636 879 όμοῦ
658 801 706 862 καί
728 803 830 882 σφόδρα
852 805 962 862 σπάνιον
986 799 1024 860 ἐνί
1048 799 1210 880 ξυλλαχεῖν,
1242 802 1334 880 ὥσπερ
1357 798 1402 858 ἐπ’
1415 799 1494 877 αὐτῷ
1518 797 1553 870 δὴ

244 926 401 1006 προδήλως,
424 925 485 1006 περὶ
509 919 539 986 ού
561 929 606 985 νύν
630 927 644 985 ό
664 925 751 1003 λόγος
766 925 850 1006 ἐστίν·
874 923 921 984 καί
937 924 1075 1003 μηκύνειν,
1099 925 1138 994 ὡς
1154 924 1253 1004 ἔοικεν,
1277 924 1307 982 οὺ
1322 922 1365 982 δεῖ
1379 922 1553 1000 περαιτέρω,

244 1048 317 1124 πλὴν
341 1051 407 1128 ὅπερ
431 1048 533 1108 ἄνωθεν
557 1049 572 1105 ό
594 1048 681 1126 λόγος
696 1044 902 1127 ξυνεωραμένος
918 1042 1082 1125 ἀπεφήνατο.
1106 1050 1223 1105 τοσαῦτα
1238 1045 1272 1119 δὴ
1288 1047 1322 1104 τά
1336 1064 1367 1103 τε
1382 1047 1428 1102 τοῦ
1444 1042 1555 1120 ἀνδρός

245 1166 316 1231 κατά
338 1171 401 1232 θεόν
424 1168 630 1246 εῖιδοκιμήματα
652 1167 699 1229 καὶ
722 1173 752 1228 τό
776 1175 824 1244 τῆς
846 1167 988 1240 πολιτείας
1011 1166 1125 1228 καὶτοῦ
1149 1167 1208 1241 βίου
1229 1167 1375 1247 περιφανὲς
1397 1164 1444 1224 καί
1459 1165 1553 1243 ὓπερ-

244 1294 362 1373 ηρμένον
385 1291 432 1352 καὶ
454 1291 555 1371 σχεδόν
576 1291 779 1372 ἀπαράμιλλον.
803 1291 850 1351 καὶ
865 1295 911 1351 τοῦ
926 1311 959 1370 γε
975 1297 1025 1366 τῆς
1039 1291 1082 1350 ὕπ’
1093 1291 1171 1349 αύτόν
1187 1289 1338 1366 ἐκκλησίας
1355 1285 1453 1358 ἄστεος
1471 1283 1554 1356 αὖθις

245 1415 280 1475 τά
300 1419 435 1497 προσόντα
456 1417 571 1475 παντοῖα
593 1415 679 1494 καλά,
703 1416 772 1473 ὥστε
795 1417 846 1473 κάν
869 1416 941 1488 μόνα
962 1413 1020 1488 δῆτ’
1033 1413 1099 1483 ἴσως
1114 1419 1222 1488 κινῆσαι
1237 1416 1318 1471 ταῦτα
1333 1412 1383 1486 τἠν
1399 1409 1554 1486 βασιλείαν

247 1559 298 1614 μου
326 1539 395 1618 πρός
421 1539 452 1598 τδ
479 1541 660 1613 μεταποιῆσαι
681 1534 728 1596 καὶ
750 1535 914 1616 προβιβάσαι
936 1535 985 1610 τήν
1008 1535 1132 1610 τοιαύτην
1154 1534 1198 1594 ύπ’
1212 1534 1289 1594 αύτδν
1313 1534 1470 1611 ἀγιωτάτην
1499 1531 1553 1588 ἐκ-

245 1659 363 1736 κλησίαν
386 1658 426 1732 εἰς
448 1659 562 1740 κρείττω
584 1659 643 1719 τινά
665 1656 711 1718 καί
734 1659 905 1738 ὑψηλοτέραν
928 1660 1091 1718 κατάστασιν
1114 1655 1161 1716 καί
1181 1653 1259 1728 ἀξίαν
1273 1653 1320 1715 καὶ
1337 1653 1444 1730 βαθμδν
1459 1655 1551 1732 ύπερ-

245 1782 381 1862 κείμενον,
404 1781 456 1841 κάν
480 1779 535 1858 είῖ)
559 1783 643 1858 μήπω
666 1782 807 1862 πρότερον,
831 1781 869 1851 ὡς
892 1779 1005 1860 εἴρηται,
1028 1783 1138 1840 τοιαῦτα
1152 1779 1330 1859 παραπλήσια
1346 1775 1394 1836 καὶ
1408 1778 1551 1854 γεγένητο

245 1903 293 1966 καὶ
313 1907 453 1980 νενόμιστο
475 1903 623 1982 γίγνεσθαι.
648 1901 695 1962 καί
717 1901 873 1984 ταῦτ’ίοως,
897 1896 968 1982 ᾗπερ
992 1903 1068 1981 ἔφην,
1092 1901 1194 1972 ἱκανῶς
1217 1903 1249 1958 ἀν
1272 1894 1348 1976 εἶχεν
1373 1898 1502 1976 ἀφορμήν
1519 1916 1550 1952 τε

246 2027 337 2086 δοῦναι
367 2025 413 2086 καί
441 2027 572 2105 ύποφῖηναι
604 2027 650 2085 τόν
678 2025 707 2084 ἐν
729 2025 831 2095 τούτοις
861 2025 942 2084 τίκτον
964 2023 1011 2083 καὶ
1038 2025 1130 2105 νόμον,
1165 2024 1180 2081 δ
1204 2022 1273 2097 δῆτα
1294 2019 1341 2080 καὶ
1363 2021 1550 2100 παραπλήσια
1595 2049 1596 2078 ι

246 2149 313 2210 ἀττα
342 2147 407 2220 ίσως
437 2149 517 2228 ἕτερα
543 2149 683 2228 πρότερον,
718 2149 756 2218 ὡς
784 2147 867 2226 ἐὀικε,
900 2145 948 2205 καί
971 2145 1112 2225 εἴργασται
1134 2143 1181 2204 καὶ
1203 2146 1252 2220 τὴν
1276 2144 1305 2202 ἐν
1327 2143 1432 2213 τούτοις
1455 2139 1550 2221 ἀρχὴν

247 2270 378 2330 δέδωκεν.
403 2267 462 2329 ἐπεὶ
485 2268 516 2328 δέ
539 2271 554 2328 ό
576 2290 606 2328 τε
627 2267 689 2349 περὶ
712 2269 811 2328 τούτων
835 2267 976 2341 βασίλειος
998 2269 1082 2342 νόμος
1096 2267 1257 2346 προλαβών,
1281 2267 1319 2335 ὡς
1337 2266 1414 2344 ἔφην,
1438 2263 1549 2342 ἐπαίρει

246 2388 293 2450 καὶ
316 2390 411 2450 δίδωσι
432 2389 478 2452 καὶ
502 2390 569 2450 αιίτά
593 2389 627 2466 δὴ
651 2387 769 2474 ταῦθ’ί),
795 2391 864 2470 άπερ
888 2389 1001 2471 εῖρηται,
1025 2387 1225 2468 σφόδρακινεῖ,
1249 2388 1294 2447 σύν
1311 2386 1366 2465 θεῷ
1383 2387 1408 2445 δ’
1418 2385 1548 2466 εἰρήσθω,

247 2511 294 2572 καὶ
317 2515 347 2572 τό
363 2519 412 2589 τῖης
426 2515 564 2593 ήμετέρας
580 2512 723 2588 βασιλείας
739 2513 893 2592 φιλόκαλον
907 2515 938 2572 τό
954 2513 1081 2572 πλεῖστον
1099 2511 1127 2570 ἐν
1143 2511 1227 2590 τούτῳ
1244 2509 1366 2585 μάλιστα
1381 2509 1547 2588 συναίρεται,

247 2633 294 2695 καὶ
316 2637 334 2710 ἡ
357 2633 474 2716 περὶτὰ
496 2635 636 2696 κάλλιστα
657 2635 704 2696 καί
727 2635 840 2715 θεοφιλῆ
863 2641 917 2694 τῶν
941 2636 1029 2714 ἔργων
1051 2636 1142 2713 χάριτι
1156 2637 1202 2692 τού
1218 2633 1280 2694 θεοῦ
1295 2629 1342 2690 καὶ
1356 2631 1515 2709 προμήθεια
1523 2628 1546 2708 ⁵)

247 2758 345 2832 ταύτης
374 2757 503 2817 συνειδεῖν
532 2757 566 2816 τά
596 2757 693 2817 δέοντα
723 2755 770 2816 καὶ
801 2756 946 2829 βουλεῦσαι
976 2754 1022 2816 καί
1050 2755 1186 2836 προθυμία
1207 2775 1237 2814 τε
1264 2751 1311 2813 καὶ
1339 2753 1441 2827 σπουδὴ
1466 2753 1547 2827 μάλα

247 2880 358 2962 ἐνεργός
366 2879 390 2962 6)
418 2881 561 2942 ἐκτελέσαι
588 2900 618 2938 τε
644 2877 691 2939 καί
719 2881 842 2957 περάναι.
883 2879 916 2939 ἐκ
942 2881 1048 2938 πάντων
1077 2879 1130 2957 ἀρα
1157 2878 1256 2938 τούτων
1282 2879 1312 2936 τό
1339 2876 1458 2935 καινίσαι
1486 2873 1545 2956 τὶῑ)

245 3005 313 3084 πρός
339 3005 369 3062 τό
396 3005 516 3082 κρεῖττον
545 3000 592 3062 καί
618 3000 782 3082 προβιβάσαι
804 3001 838 3060 τά
860 3007 909 3076 τῆς
930 3001 1055 3074 τοιαύτης
1078 3001 1231 3078 ἁγιωτάτης
1254 2998 1405 3074 ἐκκλησίας
1429 2998 1545 3071 Μονεμ-

247 3123 345 3199 βαοίας
376 3124 543 3202 ἐδοκιμάσθη
566 3130 599 3206 τῇ
623 3123 752 3205 βασιλείᾳ
775 3145 836 3198 μου.
876 3121 923 3184 καί
945 3121 1032 3182 τοίνυν
1055 3124 1147 3200 φθάνει
1171 3121 1221 3196 μὲν
1243 3121 1297 3195 ήδη
1321 3123 1452 3199 πρότερον
1476 3139 1544 3199 προ-

246 3247 395 3308 θεοπίσασα
417 3246 463 3308 καί
487 3246 592 3322 βαθμόν
615 3267 674 3308 τινα
696 3253 749 3308 τῶν
773 3245 949 3326 ὑψηλοτέρων
974 3246 1048 3322 ἔχειν
1071 3245 1169 3318 ταύτην
1193 3242 1227 3318 δὴ
1249 3246 1298 3317 την
1315 3244 1471 3321 άγιωτάτην
1488 3264 1543 3317 μη-

246 3369 374 3449 τρόπολιν
396 3366 444 3428 καί
465 3370 546 3430 τόπον
572 3369 631 3428 τινά
655 3367 805 3443 ἐκκλησίας
829 3369 924 3447 ἐτέρας
946 3366 992 3426 καὶ
1015 3365 1090 3438 τάξιν
1112 3365 1335 3444 προεσβεομένης
1357 3363 1404 3424 καί
1428 3362 1544 3444 ὡσπερεὶ

248 3492 447 3572 παρελθούσης,
479 3493 509 3550 ού
532 3492 587 3566 μὴν
617 3491 694 3550 ἀλλά
728 3489 774 3550 καί
803 3491 934 3568 μεγίστης
958 3487 1096 3572 ἑνορίαςθ)
1120 3488 1251 3576 ἐξαρχίαν
1274 3510 1304 3548 τε
1326 3487 1372 3548 καί
1396 3489 1545 3557 ἐπιοκοπάς

248 3614 395 3692 ἀναλόγως
423 3611 608 3687 διαταξαμένη
636 3633 666 3672 τε
688 3610 735 3672 καί
756 3615 958 3692 προσηκόντως.
999 3611 1044 3672 ἐπὶ
1067 3613 1097 3672 δὲ
1121 3612 1189 3671 αυτά
1211 3611 1245 3688 δὴ
1266 3617 1350 3672 ταῦτα
1371 3611 1419 3670 καί
1443 3633 1543 3690 χρυσο-

248 3735 361 3816 βούλλῳ
385 3737 569 3811 βεβαιωθήναι
588 3733 635 3794 καί
650 3735 680 3794 τό
696 3737 786 3795 πιστόν
803 3736 901 3809 λαβεῖν
916 3734 963 3794 καί
978 3731 1108 3815 ἀτρεπτον
1125 3733 1276 3816 ἐξῃτήσατο
1292 3735 1307 3792 ό
1322 3733 1452 3812 ἀνωτέρω
1468 3733 1542 3813 εἰρη-

248 3862 329 3935 μένος
359 3859 506 3939 ἱερώτατος
535 3864 584 3932 τῆς
611 3857 735 3929 τοιαύτης
763 3858 916 3935 ἁγιωτάτης
945 3856 1094 3932 ἐκκλησίας
1123 3854 1298 3939 ἀρχιερεύςθ)
1327 3855 1443 3929 ἑτοίμως
1473 3878 1502 3914 τε
1527 3857 1543 3930 η

248 3981 376 4058 βασιλεία
399 4001 451 4056 μου
473 3977 519 4040 καί
541 3979 574 4040 τά
597 3985 646 4056 τής
668 3981 792 4055 τοιαύτης
816 3978 947 4054 αἰτήσεως
970 3977 1154 4059 προσεδέξατο
1177 3979 1224 4038 καί
1246 3980 1312 4057 πρός
1327 3979 1414 4058 πέρας
1430 3979 1543 4056 ἀγαγεῖν

247 4101 394 4180 ήυόόκηοε.
433 4101 479 4162 καὶ
502 4101 588 4162 τοίνυν
610 4103 654 4160 τδν
677 4104 799 4181 παρόντα
821 4102 1027 4181 χρυσόβουλλον
1050 4101 1135 4180 λόγον
1158 4100 1287 4182 αύτῆςίθ)
1312 4096 1436 4174 ἀπολύει,
1470 4093 1543 4159 διὀύ

249 4225 294 4286 καί
318 4225 446 4302 βούλεται
469 4225 514 4284 σύν
538 4223 594 4302 θεῷ
616 4223 662 4284 καὶ
687 4225 794 4284 εῖιδοιιεῖ
816 4223 863 4284 καὶ
885 4226 1012 4298 θεσπίζει,
1037 4227 1081 4282 τόν
1097 4244 1137 4304 τε,
1161 4226 1199 4295 ὡς
1216 4223 1329 4304 εἴρηται,
1352 4228 1397 4282 νύν
1413 4225 1541 4302 προϊστά-

354 4441 375 4508 1)
394 4438 466 4490 αὐτοῦ
490 4457 540 4490 om.
560 4437 593 4498 ὡς
613 4437 674 4490 ίοικε
692 4429 730 4490 Rs
745 4441 773 4490 Z.
793 4438 827 4498 ὡς
846 4437 943 4504 ἀληθῶς
957 4443 987 4490 Β.
1059 4440 1080 4506 ²)
1100 4430 1133 4488 ὧν
1152 4440 1180 4489 Ζ.
1253 4440 1274 4505 ³)
1294 4437 1313 4488 εί
1332 4441 1407 4490 deest
1426 4441 1458 4490 R.
1472 4443 1500 4492 B.
1514 4443 1541 4490 Z.

248 4538 271 4604 ⁴)
289 4539 363 4588 ταῦτα
375 4539 402 4588 Ζ.
476 4535 497 4604 ί)
515 4534 691 4604 προμηθείαΟ.
763 4535 784 4601 ⁰)
804 4534 899 4602 ἐνεργόν
912 4537 942 4585 R.
962 4537 1003 4585 An
1023 4533 1148 4602 ἐνεργῶςθ
1220 4535 1240 4599 ⁷)
1254 4551 1277 4584 τε
1290 4537 1320 4585 Β.
1393 4537 1415 4601 S)
1430 4535 1541 4604 μεγίστην

251 4632 343 4702 ἐνορίαν
358 4633 490 4684 Pandora.
562 4633 584 4699 ⁰)
597 4629 771 4702 ἀρχιερατικῶς
788 4628 964 4700 προιστάμενος
977 4633 1024 4682 alii
1037 4633 1159 4694 editores,
1181 4632 1251 4696 κριιά
1264 4647 1331 4697 quos
1344 4631 1419 4682 deest
1431 4647 1541 4698 sequens

252 4727 355 4797 ἑτοίμως
373 4745 408 4796 γε.
482 4728 513 4794 ¹⁰)
533 4725 605 4790 αύτῆς
624 4728 661 4791 Z„
680 4729 710 4778 B.
728 4743 774 4794 pro
794 4725 866 4790 αὐτῆς
885 4727 965 4778 babet
984 4725 1010 4777 τά
1029 4729 1122 4794 γενῦν.
