3166 5298
1279 373 1323 440 83

46 562 127 642 χωρίον
151 565 202 638 τὴν
226 563 442 642 Ζελοχοβίσταν,
472 567 503 626 τό
532 565 634 646 χωρίον
660 565 709 642 τὴν
731 564 862 644 Ψεάόαν,
891 567 922 626 τό
944 569 1035 627 τόπιον
1057 567 1106 643 τὴν
1129 567 1322 650 Σανόοβίτζαν,

46 685 68 742 τό
84 685 177 764 χωρίον
204 685 254 760 τὴν
279 686 491 768 Ἀόριχοβίοτοιν,
522 689 552 748 τό
575 687 677 768 χωρίον
703 689 753 764 τήν
775 687 928 770 Γλοξίανιν,
957 691 987 750 τό
1009 690 1111 771 χωρίον
1133 691 1164 751 τό
1186 689 1321 771 Γαρόίιιιν,

45 805 179 885 τοχωρίον
201 807 251 882 τὴν
275 805 452 887 Λεαυοίσταν,
475 809 506 868 τό
528 809 630 890 χωρίον
653 811 698 869 τόν
721 810 923 890 Τριοτεοίνιιιον,
946 811 977 870 τό
998 812 1099 893 χωρίον
1122 813 1171 888 τὴν
1194 811 1322 891 Τρεαβο-

46 921 157 1006 βόίοταν,
178 929 210 986 τό
232 928 336 1010 χωρίον
357 928 406 1004 τὴν
421 929 596 1010 Νοβοσέλην,
619 932 650 992 τό
672 929 774 1010 χωρίον
789 931 838 1006 τήν
856 931 1032 1012 Ἀρδομίσταν
1047 930 1094 992 οιαὶ
1108 927 1217 1012 πατρία
1233 933 1322 992 ἐκεῖσε

45 1049 135 1128 βιβάρια
164 1050 263 1130 αὐτῶν,
292 1051 444 1128 κατέχωσιν
474 1052 668 1130 ἀνενοχλήτως
689 1054 776 1128 πάντη
799 1049 847 1112 καὶ
870 1052 1056 1128 άδιασείοτως,
1078 1055 1171 1126 καθὼς
1193 1057 1323 1132 κατεῖχον

43 1175 110 1229 πάντα
129 1169 176 1230 οιαὶ
198 1173 344 1252 πρότερον·
373 1174 512 1251 νιστέχωσι
535 1172 566 1232 δὲ
589 1173 719 1244 ι’ωσοσίτως
740 1169 789 1232 καὶ
812 1173 863 1232 ὅσα
884 1172 1123 1252 προοεπεδόθησαν
1146 1176 1236 1244 αθτοίς
1250 1175 1324 1254 παρὰ

43 1296 78 1350 τοῦ
95 1293 273 1372 περιποθήτω
294 1293 420 1373 γαμβροῦ
441 1298 491 1370 τῆς
514 1292 658 1367 βασιλείας
680 1313 742 1373 μου,
757 1297 804 1354 τοῦ
818 1297 950 1376 πιγιιέρνη
966 1295 1116 1375 Συργιάννη
1131 1299 1178 1355 τοῦ
1194 1295 1322 1357 Παλαισ-

44 1413 122 1493 λὲγου,
148 1415 234 1493 ἤγουν
260 1416 291 1474 τό
317 1415 419 1494 χωρίον
445 1415 494 1490 τήν
517 1410 631 1494 Σίππαν,
660 1417 691 1476 τό
719 1415 820 1496 χωρίον
842 1415 891 1490 τὴν
915 1415 1083 1494 Ῥαδατόβιν,
1115 1418 1146 1476 τό
1168 1417 1270 1498 χωρίον
1292 1419 1323 1477 τό

44 1535 191 1616 θρεάνοβσν,
213 1537 244 1596 τό
266 1533 368 1616 χωρίον
391 1536 426 1596 τὰ
442 1537 614 1621 Φρεάοτονα,
637 1538 668 1596 τό
690 1536 791 1616 χωρίον
810 1537 859 1612 τὴν
875 1535 1030 1618 Λιπνίτζαν,
1053 1537 1083 1598 τό
1097 1537 1201 1619 χωρίον
1216 1540 1246 1598 τό
1261 1541 1323 1599 Κο-

43 1658 145 1735 πάιτζιν,
173 1659 204 1717 τό
233 1658 336 1738 χωρίον
364 1659 413 1732 τήν
440 1660 583 1739 Στρύμην,
613 1660 644 1718 τό
673 1657 774 1738 χωρίον
805 1659 853 1732 τὴν
879 1657 1044 1738 Δρεαβοψότι
1073 1658 1120 1720 καὶ
1148 1661 1178 1720 τό
1202 1658 1241 1732 είς
1262 1660 1325 1731 τοὺς

45 1776 142 1850 Ψάθοως
155 1777 302 1858 ἀμπέλιον,
323 1775 380 1864 [τὰ]
395 1778 486 1858 χωρία
500 1781 549 1854 πἠν
565 1779 696 1855 Κσπάνην
712 1777 759 1838 ναί
773 1779 804 1838 τό
819 1778 965 1859 Κρεχοβον
980 1778 1027 1839 καὶ
1042 1782 1072 1840 τό
1087 1778 1148 1860 περὶ
1164 1781 1212 1855 τήν
1228 1781 1324 1859 Βαγε-

44 1900 117 1959 νοτίαν
136 1899 261 1974 λιβάδων
283 1902 333 1976 τήν
354 1899 536 1973 Σιτουπίτζαν·
559 1901 603 1959 ἵνα
626 1901 659 1960 όέ
682 1901 767 1978 ἔχωσι
789 1901 823 1960 τὰ
844 1901 953 1960 τοιαθτα
974 1901 1064 1982 χωρία
1087 1901 1157 1978 μετὰ
1178 1907 1228 1977 τῆς
1244 1921 1323 1982 περι-

44 2026 101 2098 οχῆς
121 2022 163 2082 ιιεὶ
182 2027 271 2100 νομῆς
292 2019 339 2082 καί
361 2027 415 2080 τῶν
438 2020 550 2082 διναίων
573 2020 672 2101 αθτῶν,
696 2021 774 2082 ἀλλὰ
794 2020 828 2096 δὴ
844 2021 891 2083 ναὶ
905 2027 959 2080 τῶν
976 2022 1004 2082 ἐν
1020 2023 1109 2091 αὺτοῖς
1127 2023 1324 2102 εὑρισκομένων

43 2141 160 2215 λιβαόίων
181 2145 269 2203 αὑτῶν
291 2143 488 2224 ἀναραιρέτως,
513 2137 727 2216 ἀναποσπάοτως
748 2142 796 2203 οιαὶ
820 2143 1024 2222 οἰνενοχλήτως.
1048 2141 1109 2202 ἐπεὶ
1125 2143 1156 2203 όέ
1173 2143 1198 2202 οί
1212 2148 1324 2204 τοιοῦτοι

44 2263 170 2342 ντοτρηνοὶ
184 2262 385 2324 Ἰιιιοιννινιῶται
409 2264 544 2340 ἐζήτησαν
566 2263 613 2323 οιαὶ
634 2264 838 2345 παρεκάλεσαν,
861 2264 906 2324 ἵνα
927 2264 961 2323 τὰ
982 2267 1110 2340 νοήματα
1132 2265 1230 2344 αὐτῶν,
1256 2266 1324 2345 άπερ

44 2382 170 2463 πορίζεται
190 2386 208 2460 ἡ
232 2385 361 2460 βασιλεία
383 2406 435 2460 μου
452 2385 526 2464 ἔχειν
544 2385 638 2457 ουὀτοίις
653 2383 700 2446 καί
715 2384 760 2444 διὰ
775 2390 820 2446 τοῦ
834 2388 968 2466 παρόντος
982 2384 1200 2466 χρυσοβοίιλλου,
1218 2388 1325 2467 στέργει

44 2503 82 2578 τήν
108 2505 144 2578 είς
168 2510 252 2566 ταῦτα
278 2506 401 2584 κατοχὴν
428 2505 475 2566 καί
502 2507 589 2583 νομὴν
616 2508 714 2588 αὑτῶν,
736 2509 789 2566 πᾶν
812 2508 878 2567 ὅπου
902 2508 955 2588 ἄρα
975 2505 1022 2568 οιαὶ
1045 2503 1094 2568 ὦσι
1116 2511 1200 2566 ταῦτα
1225 2507 1325 2588 ένεῖσε,

45 2625 107 2684 αἰόὲν
129 2627 226 2705 ἔχωσιν
250 2627 344 2687 ἄδειαν
365 2627 470 2688 πωλεῖν
491 2628 551 2688 τινὰ
573 2628 626 2688 ἀπό
648 2628 747 2687 τούτων
769 2627 837 2707 πρός
853 2628 973 2710 ἄρχοντα
988 2628 1099 2689 τοπιιίον
1114 2631 1132 2702 ἢ
1150 2623 1325 2710 στρατιώτην,

46 2743 63 2804 εί
90 2749 123 2824 μή
149 2747 297 2810 όταπωλεῑν
324 2749 392 2810 αὐτὰ
417 2751 502 2810 πάλιν
529 2751 597 2830 πρός
623 2751 799 2830 ναστρηνοὺς,
822 2749 904 2831 ὁρίζει
926 2751 945 2828 ἡ
969 2749 1097 2825 βασιλεία
1121 2771 1173 2826 μου
1194 2747 1242 2809 καί
1265 2751 1325 2828 ἔχει

46 2869 148 2948 θελημα,
170 2869 215 2930 ἵνα
238 2869 383 2951 ἐνεργῆσαι
401 2871 500 2950 ρβτως,
521 2871 615 2942 καθὼς
637 2868 713 2931 αθτοί
735 2867 911 2954 ἐξῃτήσαντο,
934 2868 981 2930 καί
1004 2870 1067 2932 οθόέ
1083 2870 1199 2950 δέχηταί
1213 2893 1253 2943 τις
1269 2849 1339 2930 τῶνι

48 2989 152 3051 πάντων
175 2989 207 3064 ἐξ
229 2991 317 3050 αὑτῶν
340 2989 380 3064 εἰς
401 2997 495 3068 κτῆμα
518 2993 597 3052 αὀτοίι
619 2994 749 3072 πάροινον
772 2993 875 3072 ἑτέρου.
904 2991 942 3052 έτι
967 2990 1025 3052 ἐπεὶ
1048 2992 1062 3050 ό
1085 2989 1223 3068 όηλωθείς
1245 3012 1324 3072 περι-

48 3112 144 3186 πόθητος
168 3111 297 3192 γαμβρός
322 3095 537 3188 τήςβασιλείοις
560 3133 622 3192 μου,
651 3112 846 3192 όπιγιιέρνης,
876 3109 956 3183 ἔταξε
980 3111 1209 3192 διαγράμματος
1236 3113 1325 3192 αὺτοῦ,

48 3229 81 3289 ἶνα
105 3233 179 3294 οθόέν
211 3234 355 3308 ἀπαιτῆσαι
385 3233 460 3305 ὅλως
490 3231 521 3306 ἐξ
552 3234 638 3293 αὺτῶν
670 3233 810 3314 βιολόγιον
836 3235 854 3308 ἢ
881 3233 1067 3312 καπνολόγιον
1097 3234 1278 3314 ήνόμιστρον
1307 3236 1326 3306 ή

49 3349 153 3427 λιμναῖον
179 3356 284 3414 πάοιτον
313 3357 332 3428 ἢ
362 3355 540 3434 ζευγολόγιον
570 3358 589 3430 ή
619 3354 738 3437 όρινὴῆ
769 3354 1009 3431 μελισσοεννόμιον
1031 3357 1049 3429 ἢ
1072 3353 1274 3434 χοιροδενατία,
1308 3355 1326 3413 ά

50 3469 102 3547 θῆτα
127 3475 173 3536 καὶ
204 3475 391 3551 ἐπενοήθησαν
417 3477 469 3555 πρό
496 3475 592 3554 όλίγου
618 3475 665 3535 ναί
693 3475 859 3550 ἐπετέθησαν
881 3474 956 3556 παρὰ
982 3479 1035 3534 τῶν
1066 3473 1252 3546 δεσποζόντων
1283 3473 1326 3534 ἐπ’

52 3592 130 3676 αυτοῖς,
153 3597 213 3676 ἔχει
235 3598 348 3673 θέλημα
369 3598 388 3672 ή
412 3596 541 3672 βασιλεία
565 3617 626 3676 μου,
649 3597 692 3656 ἵνα
716 3595 888 3676 εθρίοιιωνται
912 3595 937 3656 οἱ
951 3599 1065 3657 τοιοῦτον
1080 3593 1257 3670 άναπαίτητοτ
1273 3595 1326 3654 ἀπό

51 3721 89 3774 τῶν
108 3717 256 3800 εἰρημένων
278 3717 452 3800 καραλαίων,
475 3718 569 3792 καθὼς
592 3717 719 3796 δηλονότι
742 3717 897 3796 ἐτάχθησαν
920 3715 961 3790 είς
982 3721 1058 3778 τοῦτο
1078 3717 1153 3798 παρὰ
1167 3721 1213 3778 τοῦ
1229 3715 1327 3794 δήλω-

52 3835 124 3912 ίέντος
143 3843 322 3924 περιποθήτου
343 3839 470 3922 γαμβροῦ
490 3847 541 3916 τῆς
564 3837 710 3915 βασιλείας
733 3860 794 3920 μου,
818 3843 864 3899 τοῦ
879 3841 1025 3920 πιγιτέρνη,
1041 3836 1087 3899 οιαὶ
1102 3837 1166 3898 οίιόὲ
1182 3839 1326 3918 ἀπογραφὴ

52 3959 143 4032 γένηται
163 3961 202 4034 εἰς
225 3962 330 4039 αίιτοίις,
353 3961 447 4033 ιταθίως
467 3960 515 4022 καί
535 3965 612 4022 τοθτο
636 3961 779 4042 ἐζήτησαν,
804 3955 881 4022 ἀλλὰ
904 3959 1059 4037 διαμείνωσι
1078 3958 1125 4020 καί
1136 3961 1236 4037 ταύτης
1251 3959 1326 4020 ἀνθ-

53 4095 118 4157 τεροι,
135 4083 178 4142 ἵνα
198 4083 230 4143 δὲ
254 4079 319 4142 ὦσιν
342 4079 382 4154 είς
402 4081 451 4158 τὴν
474 4081 648 4161 ἀποβίγλτσιν
669 4086 714 4142 τοῦ
730 4083 849 4142 τοιούτου
863 4083 980 4163 νάσπρου
996 4081 1043 4142 καὶ
1057 4083 1141 4142 πάλιν
1157 4079 1182 4142 οἱ
1196 4081 1326 4160 πρότερον

53 4205 190 4280 τεταγμένοι
217 4202 258 4276 είς
284 4207 361 4264 τοῦτο
387 4203 459 4264 κατὰ
484 4206 533 4280 τὴν
559 4205 693 4285 προτέραν
716 4205 867 4284 συνήθειαν,
891 4201 938 4263 καί
965 4202 1044 4263 οίιδὲν
1071 4203 1280 4281 ἀναγκάζωνται
1303 4201 1327 4262 οἱ

54 4323 136 4384 τοτινοί
156 4324 195 4398 είς
215 4326 266 4400 τὴν
288 4323 411 4401 τοιαύτην
434 4324 607 4406 ἀποβίγλισιν
628 4328 674 4386 τοῦ
696 4327 812 4406 πάστρου
836 4326 922 4384 αὐτῶν
944 4323 1031 4404 χωρίς
1050 4324 1175 4403 ἀνάγκης
1196 4320 1243 4384 καὶ
1266 4323 1328 4399 βίας

55 4444 108 4518 τάν,
125 4455 245 4530 ναιρινῆς
267 4449 527 4528 ιιαταναγκαζοίιοης
549 4446 589 4520 εἰς
611 4451 697 4508 τοῦτο.
724 4447 770 4507 ίνα
791 4446 823 4506 δέ
847 4446 1020 4527 είιρίοιτωνται
1043 4445 1091 4507 καί
1113 4445 1140 4506 οί
1162 4446 1190 4504 ἐν
1212 4451 1246 4527 τῇ
1268 4465 1325 4505 τοι-

57 4565 106 4646 why
124 4570 198 4632 πόλει
221 4569 351 4631 Ἰουδαῖοι
373 4568 414 4642 εἰς
436 4569 593 4651 ἐλευθερίαν
616 4566 663 4628 οιαὶ
686 4567 886 4646 άνενοχλησίαν
905 4567 977 4628 κατὰ
996 4569 1057 4640 τοὺς
1071 4567 1185 4638 λοιποὺς
1201 4564 1327 4637 ἐποίκους

57 4685 127 4766 θῖῇς.
150 4690 205 4753 ἐπεὶ
228 4692 260 4753 όέ
284 4691 404 4771 ἔρθασοιν
426 4693 442 4750 ό
464 4692 543 4763 αυτός
564 4691 745 4771 περιπόθητος
767 4689 894 4770 γαμβρός
914 4694 965 4763 τῆς
988 4687 1133 4762 βασιλείας
1149 4707 1212 4768 μου,
1228 4688 1243 4744 ό
1259 4707 1324 4763 πιχ-

1086 4805 1117 4858 61
