3194 5298
1352 349 1412 413 151

107 562 140 599 τε
163 541 213 600 καὶ
236 542 380 622 ἀκινήτων,
403 549 455 602 τῶν
477 564 507 602 τε
530 543 583 618 ἥδη
608 543 690 602 όντων
713 541 759 602 καὶ
782 549 833 602 τῶν
859 541 897 614 είς
921 545 1014 603 ἔπειτα
1028 547 1290 624 προσγενησομένων
1308 546 1350 626 ἀν,
1374 548 1413 617 ώς

108 663 249 723 ἀνέκαθεν
272 661 319 722 καὶ
343 661 373 735 ἐξ
402 664 501 743 ἀρχῆς,
533 665 601 724 οὑτω
624 663 671 724 καί
694 663 733 736 εἰς
756 667 801 723 τδν
824 661 890 740 έξής
913 667 1019 726 ἅπαντα
1040 667 1139 744 χρόνον
1162 665 1270 749 ὑπάρχῃ
1292 665 1339 726 καὶ
1361 668 1414 728 λέ-

108 807 196 864 γηται
218 784 266 844 καί
289 787 364 866 παρά
378 790 485 844 πάντων
499 789 683 863 γιγνώσκηται
699 787 833 865 ήμέτερον
848 788 1044 867 πατριαρχικδν
1060 790 1305 868 σταυροπηγιακόν,
1328 785 1414 850 ἀδού-

107 909 214 986 λωτον,
245 908 455 982 ἀκαταπάτητον
478 905 524 966 καὶ
548 909 621 980 όλως
644 908 829 986 άνενόχλητσν
852 910 916 989 παρ’
929 909 1078 968 οὑτινοσοῦν
1100 910 1244 988 προσώπου
1266 909 1414 989 ἱερωμένου

105 1030 265 1108 ἣλοιϊκού,
296 1032 535 1105 μνημονευομένσυ
568 1031 596 1088 ἐν
627 1030 699 1109 αὑτῴ
728 1035 773 1090 τοῦ
796 1035 938 1090 κανονικοῦ
960 1035 1156 1111 πατριαρχικού
1179 1032 1322 1111 ὀνόματος,
1353 1033 1415 1110 ἔχοι

57 1155 61 1160 ’
107 1156 160 1211 καί
183 1154 215 1211 το
236 1154 383 1232 προνόμιον
404 1151 475 1212 κατὰ
498 1153 697 1233 πατριαρχικὴν
720 1151 883 1232 φιλοτιμίαν,
907 1155 978 1212 ώστε
1000 1154 1045 1212 τόν
1069 1151 1140 1212 κατὰ
1162 1153 1272 1232 καιρούς
1296 1152 1324 1211 ἐν
1340 1151 1412 1232 αὑτῷ

107 1275 268 1351 ἡγούμενον
293 1275 321 1334 ἐν
342 1277 402 1344 ταῖς
425 1274 594 1354 ἑορτασίμοις
615 1276 732 1354 ἡμέραις
754 1277 843 1354 φορεῖν
868 1275 910 1334 ἐπ’
924 1274 1075 1351 ἐκκλησίας
1098 1275 1218 1350 μανδῦαν
1240 1277 1413 1356 προχειριζό-

109 1417 200 1471 μενοι
230 1395 276 1456 καὶ
298 1397 467 1475 πατερίτζοιν.
496 1395 543 1455 καὶ
569 1403 674 1476 πρῶτον
703 1398 754 1472 μὲν
778 1397 889 1478 ὑπάρχῃ
911 1396 1130 1476 ἀπηλλαγμένον
1153 1399 1242 1473 πάσης
1265 1395 1414 1476 ἐξαρχικῆς

111 1517 240 1592 ἐξουσίας
261 1518 309 1578 καί
333 1517 508 1591 δεσποτείας·
532 1519 655 1600 δεύτερον
680 1518 710 1577 δὲ
733 1519 811 1598 λόγῳ
835 1519 974 1597 ὑποταγῆς
996 1517 1118 1597 ἀποδιδῷ
1141 1521 1203 1580 καθ’
1217 1523 1330 1580 ἕκαστον
1355 1519 1415 1591 ἐτος

110 1643 308 1722 ἀπαραιτήτως
329 1641 425 1720 γρόσια
447 1641 587 1720 τριακόσια
610 1639 650 1712 είς
672 1643 702 1700 τό
724 1641 814 1700 κοινόν
837 1647 886 1716 τῆς
908 1641 970 1700 καθ’
982 1643 1057 1719 ἡμᾶς
1079 1647 1125 1702 τοῦ
1147 1643 1262 1722 Χριστοῦ
1285 1640 1414 1718 μεγάλης

112 1763 268 1839 ἐκκλησίας
290 1759 338 1822 καί
360 1761 492 1844 λαμβάνῃ
517 1758 706 1840 ἐξωφλητικὴν
730 1760 867 1836 ἀπόδειξιν
892 1762 971 1822 αὑτοῦ
992 1762 1064 1822 κατά
1078 1765 1108 1823 τό
1124 1764 1189 1842 ύφσς
1204 1770 1257 1822 τῶν
1273 1764 1413 1844 ἐπαρχιῶν

111 1883 165 1944 καί
189 1885 273 1956 σύτως
296 1885 438 1959 ἀναλαβὸν
461 1885 490 1944 ιδ
514 1883 628 1962 ἀρχαίαν
652 1885 769 1964 γεραρόν
792 1889 840 1959 τῆς
860 1892 1098 1964 σταυροπηγιακής
1114 1885 1192 1958 ἀξίας
1206 1887 1351 1966 προνόμιον
1368 1883 1413 1944 καί

111 2008 214 2078 καλῶς
244 2007 428 2083 διοικούμενον
458 2004 505 2066 καὶ
535 2007 623 2081 μέλος
650 2007 760 2084 γνήσιον
788 2010 833 2064 τοῦ
855 2007 917 2065 καθ’
930 2008 1005 2080 ἡμᾶς
1027 2008 1178 2086 ἀγιωτάτου
1207 2011 1414 2090 πατριαρχικσύ,

113 2129 299 2190 ἀποστολικοῦ
322 2128 368 2189 καὶ
391 2128 577 2203 οίκουμενικοῦ
600 2131 695 2208 θρόνου
717 2130 732 2185 ό
756 2128 784 2186 ἐν
809 2128 880 2206 αὑτῷ
903 2129 975 2188 κατὰ
998 2131 1108 2209 καιρούς
1130 2132 1294 2212 ἡγούμενος,
1322 2133 1413 2212 ώοπερ

114 2253 140 2311 οἱ
173 2249 320 2332 ἀρχιερεῖς,
355 2253 423 2310 ούτω
453 2250 500 2310 καὶ
529 2251 609 2322 αὑτός
638 2253 730 2330 γράφῃ
761 2251 872 2326 ἀμέσως
898 2253 967 2331 πρός
988 2253 1037 2326 τὴν
1060 2253 1209 2328 καθ’ήμᾶς
1231 2257 1277 2312 τοὺ
1299 2253 1413 2333 Χριστοῦ

116 2374 246 2452 μεγάλην
271 2373 421 2448 ἐκκλησίαν
443 2371 491 2432 καὶ
514 2369 624 2446 ἀξιώται
652 2379 700 2448 τῆς
722 2375 910 2451 προσηκούσης
933 2374 1138 2453 ύπερασπίσεως
1162 2375 1190 2434 ἐν
1213 2377 1273 2445 ταῖς
1295 2375 1413 2450 συμβαι-

114 2498 224 2568 νούσαις
245 2496 352 2576 χρείαις
375 2495 421 2556 καὶ
443 2497 597 2556 ὑποθέσεσι·
620 2495 708 2574 τρίτον
730 2495 959 2574 διαφυλάττονται
975 2467 1228 2576 καταγεγράμμένα
1245 2495 1327 2575 ἐντῷ
1344 2497 1413 2556 διω-

115 2621 237 2700 ρισμένῳ
260 2615 357 2680 κώδικι
380 2625 429 2694 τῆς
452 2618 604 2695 ἐκκλησίας
628 2620 734 2678 ἅπαντα
755 2618 788 2676 τόι
811 2621 938 2694 κτήματα
958 2615 1007 2678 καί
1028 2619 1204 2700 ἀφιερώματα
1226 2605 1303 2679 αὑτοῦ
1318 2617 1366 2679 καὶ
1380 2617 1413 2678 τά

114 2745 189 2822 χρέη
218 2741 266 2802 καί
293 2743 324 2802 τ“ο
346 2747 392 2802 τοῦ
415 2743 568 2820 ἡγουμένου
591 2741 695 2818 όνομα·
733 2743 859 2822 τέταρτον
883 2741 913 2801 δὲ
935 2743 965 2801 τό
988 2741 1122 2819 σιγιλλιον
1146 2742 1224 2801 αὑτοῦ
1247 2742 1301 2824 ἔχῃ
1323 2743 1413 2816 μένειν

115 2867 323 2945 ἀπαράτρεπτον
353 2862 399 2924 καί
423 2864 609 2944 ἀπαράβατον,
641 2867 678 2939 μὴ
704 2865 834 2939 δεόμενόν
857 2884 923 2924 ποτε
955 2865 1132 2936 ἀνανεώσεως
1155 2863 1201 2924 καὶ
1225 2863 1414 2944 ἐπικυρώσεως

116 2989 362 3062 ἐκκλησιαστικής·
385 2988 507 3060 πέμπτον
531 2985 629 3062 μηδεὶς
647 2991 693 3046 τοῦ
709 2987 805 3046 λοιποῦ
820 2988 932 3064 γένηται
948 2988 977 3046 ἐν
994 2985 1064 3064 αὑτῷ
1080 2987 1232 3064 ἡγούμενος
1245 2985 1308 3045 ἀνευ
1318 2988 1413 3066 γράμ-

115 3130 204 3185 ματος
229 3112 425 3188 πατριαρχικοῦ
452 3106 497 3167 καὶ
527 3107 676 3186 συνοδικοῦ,
707 3109 774 3166 ἀλλ’
788 3109 898 3168 ἐπειδάν
927 3109 1044 3168 ἕλωνται
1067 3109 1146 3168 αὑτόν
1168 3111 1265 3188 γνώμῃ
1288 3113 1366 3190 κοινῇ
1390 3107 1414 3168 οί

114 3231 338 3310 συγκοινοβιάται
359 3233 485 3310 πατέρες,
515 3233 577 3290 τότε
599 3231 783 3306 ἀποστέληται
804 3231 869 3310 παρ’
883 3230 969 3289 αὑτῶν
991 3231 1068 3304 κοινὴ
1092 3231 1275 3309 ἐνυπόγραφος
1296 3226 1344 3290 καί
1352 3229 1418 3328 ἐν·

114 3357 278 3434 σφράγιοτος
302 3352 423 3434 ἀναφορὰ
444 3351 506 3432 περὶ
527 3359 576 3427 τής
598 3354 721 3429 τοιαύτης
738 3354 861 3431 ἐκλογῆς
876 3355 944 3433 πρδς
958 3353 1003 3412 τον
1019 3352 1090 3412 κατὰ
1104 3353 1213 3432 καιρούς
1229 3350 1414 3428 σίκουμενικδν

112 3479 287 3556 πατριάρχην
317 3473 364 3534 καὶ
394 3475 463 3535 οὑτω
494 3472 528 3534 δι’
542 3475 769 3550 ἐκκληοιαστικοῦ
795 3479 960 3556 γράμματος
987 3475 1203 3536 άποκαθιοτώται
1225 3476 1240 3532 ό
1262 3475 1414 3554 ἡγούμενος

113 3603 162 3658 τοῦ
185 3598 364 3677 μσναοτηρίου
386 3599 487 3677 τούτου,
510 3601 707 3672 σημειουμένου
730 3597 776 3657 καὶ
798 3601 845 3657 τοῦ
867 3599 1002 3673 όνόματος
1024 3600 1103 3658 αὑτοῦ
1127 3597 1156 3657 ἐν
1177 3595 1216 3678 τῷ
1233 3597 1339 3677 ῥηθέντι
1353 3598 1413 3655 κώ-

114 3725 181 3800 δικι,
205 3721 322 3799 όφειλων
345 3721 405 3780 κατ’
419 3722 479 3792 ἔτος
503 3715 715 3792 ἐξαποστέλλειν
740 3719 838 3800 ἀκριβῆ
856 3720 1041 3799 ἐνυπόγραφον
1057 3718 1103 3780 καὶ
1120 3719 1309 3799 ἐνσφρσίγιστον
1324 3739 1413 3778 κατα-

114 3845 222 3924 γραφὴν
246 3848 300 3902 τών
321 3847 368 3902 τοῦ
392 3843 467 3912 ἔτους
488 3841 591 3901 ἐκείνου
607 3849 829 3922 μοναστηριακών
846 3841 958 3902 εἰσόδων
973 3841 1019 3902 καί
1034 3839 1151 3915 ἐξόδων·
1176 3843 1254 3901 ἕκτον
1268 3843 1287 3916 ή
1302 3837 1415 3920 σφραγὶς

113 3973 162 4026 τοῦ
184 3965 364 4046 μσναστηρίου
391 3965 512 4046 διαιρεθῇ
541 3962 580 4036 είς
602 3967 732 4040 τμήματα
753 3967 881 4044 τέσσαρα,
895 3963 941 4024 καὶ
964 3967 982 4041 ή
1006 3965 1056 4039 μὲν
1079 3963 1155 4040 λαβὴ
1178 3963 1413 4043 παρακατατιθει-

115 4093 185 4164 μὲνη
215 4090 326 4171 ὑπάρχῃ
355 4087 394 4165 τῷ
423 4089 577 4166 ἡγουμένῳ,
611 4087 645 4145 τά
674 4086 704 4145 δέ
733 4089 852 4166 τέσσαρα
882 4089 1011 4162 τμήματα
1034 4089 1159 4165 τέσσαρσι
1183 4084 1413 4164 συγκοινοβιάταις

114 4215 257 4292 πατράσιν,
281 4212 477 4290 ἐκλεγομένας
492 4215 590 4279 κοινῶς
605 4210 679 4289 παρὰ
693 4213 799 4269 πάντων
816 4215 868 4268 τών
885 4210 1112 4286 συγκοινοβιατών
1128 4211 1266 4288 πατέρων·
1296 4206 1413 4282 ἕβδομον

115 4337 142 4394 σί
172 4336 397 4414 ἐπιτετραμμένοι
423 4333 457 4392 τά
483 4335 601 4412 τέσσαρσι
628 4336 758 4408 τμήματα
786 4332 832 4391 καὶ
860 4333 908 4406 τήν
936 4333 1027 4407 λαβήν
1051 4333 1089 4407 μὴ
1114 4333 1212 4409 ἔχωσιν
1236 4331 1329 4392 σ’ίδειαν
1351 4331 1413 4390 καθ’

116 4459 228 4530 ἑαυτούς
256 4457 408 4537 τφραγίζειν
432 4455 652 4537 μοναστηριακάς
673 4456 843 4536 χρεωστικάς
866 4455 1027 4534 ὁμολογίας,
1058 4453 1182 4512 ἀλλ’ἐπί
1203 4453 1336 4535 παρουσίᾳ
1362 4457 1414 4511 τών

115 4581 329 4662 προκριτοτέρων
354 4579 460 4650 ἐντοῖς
484 4579 714 4656 συγκοινοβιάταις
736 4579 967 4658 ύπογραφομένων
990 4577 1123 4637 κάκείνων
1148 4575 1227 4648 ἰδίαις
1249 4576 1352 4656 χερσίν,
1388 4575 1415 4634 αἱ

117 4705 147 4762 δὲ
171 4705 210 4779 μὴ
234 4703 305 4762 κατὰ
327 4705 371 4762 τδν
395 4702 537 4782 εἰρημένον
556 4704 653 4782 τρόπον
673 4703 865 4781 γεγραμμέναι
885 4701 931 4760 καί
947 4702 1157 4781 ἐσφραγισμένοι
1172 4697 1319 4777 ὁμολογίαι
1334 4697 1413 4772 νομί-
