3240 5286
224 361 290 428 240

227 553 326 628 άλλως
348 556 473 636 ἡγεῖσθαι
495 555 525 615 τό
547 559 665 616 τοιοῦτον
689 555 750 636 όρος
774 553 913 632 αἰδέσιμον
936 552 983 614 καί
997 559 1079 632 τιμῆς
1095 555 1202 628 ἀπάσης
1219 552 1403 614 έπαπολαύειν
1419 551 1527 612 δίκαιον

224 681 254 737 όν
285 677 332 738 καὶ
358 675 474 754 νομίζειν
502 678 612 754 μᾶλλον
639 677 766 753 τιμᾶσθαι
794 677 843 752 τἠν
871 675 1014 752 βασιλείαν
1042 695 1093 751 μου
1117 675 1150 736 ἑκ
1171 681 1220 753 τῆς
1242 675 1310 756 πρός
1331 679 1409 735 τούτο
1431 680 1527 750 τιμῆς,

227 797 287 860 ἐπεὶ
308 797 355 860 καί
379 796 501 873 δοξάζειν
524 795 582 860 οίδε
605 800 668 871 θεός
689 798 751 870 τούς
773 801 864 859 τοῦτον
888 796 1064 871 δοξάζοντας·
1089 797 1151 877 όρος
1172 797 1226 877 γάρ
1245 801 1321 857 τοῦτο
1337 797 1528 876 ύπερηρμένεν

224 928 278 982 τῶν
304 921 366 982 καθ’
378 923 462 1000 ῆμᾶς,
494 921 555 1002 όρος
582 923 664 1002 θεῖον,
695 921 766 982 κατὰ
791 923 837 982 τόν
860 920 1029 999 Ἀββακούμ,
1061 919 1127 980 δασύ
1149 917 1196 980 καί
1218 922 1365 979 κατάσκιον
1387 920 1448 990 ταῖς
1471 925 1529 976 τῶν

227 1043 332 1124 ἀρετῶν
356 1043 494 1124 ἐργασίαις
516 1042 563 1104 καὶ
586 1043 696 1125 ἀρεταῖς
717 1043 856 1116 παντοίαις
877 1046 1064 1118 κατάκοομον·
1089 1039 1112 1102 εἰ
1136 1041 1167 1102 δὲ
1189 1039 1236 1102 καί
1258 1038 1428 1120 ἀγιάσματος
1442 1040 1529 1098 τόπον

225 1166 344 1226 καλέσαι
366 1165 406 1240 τὶς
433 1166 561 1242 βούλεται
584 1164 631 1226 καί
653 1162 728 1227 οίκον
751 1171 797 1228 τού
819 1165 891 1226 θείου
914 1165 1027 1246 Ἰακώβ,
1058 1164 1191 1246 προσφυὲς
1214 1163 1265 1239 μὲν
1287 1164 1317 1222 τό
1339 1167 1456 1241 πρᾶγμα
1478 1159 1530 1220 καὶ

225 1295 274 1364 τῆς
297 1288 430 1364 ἀληθείας
453 1290 545 1368 ἄκρως
568 1289 711 1367 ἐχόμενον.
735 1289 786 1348 κάν
808 1309 848 1359 τις
868 1287 983 1380 θεωρείη
998 1283 1177 1368 τρανώτερον,
1200 1285 1311 1365 πλήρης
1326 1285 1341 1343 ό
1356 1285 1431 1356 θεῖος
1448 1279 1529 1353 οίκος

227 1405 305 1482 οὗτος
328 1409 410 1484 δόξης
432 1411 555 1487 πολλῆς·
588 1411 661 1486 πλὴν
685 1411 758 1470 ἔσται
780 1413 831 1470 κάν
853 1413 910 1482 τοῖς
933 1410 1059 1488 ἐσχάτοις
1080 1409 1183 1479 τούτοις
1204 1410 1310 1487 καιροῖς
1333 1407 1417 1487 μέρος
1441 1402 1531 1479 δόξης

227 1532 466 1610 ἀπονενεμημένον
497 1533 581 1612 τούτῳ
610 1533 685 1613 παρὰ
714 1539 763 1610 τῆς
793 1531 937 1606 βασιλείας
966 1551 1026 1608 μου,
1058 1532 1126 1592 ούτω
1148 1529 1195 1591 καὶ
1216 1532 1250 1606 ῆν
1274 1525 1335 1607 εἶχε
1358 1527 1446 1588 πάλαι
1470 1525 1531 1586 ίδοι

226 1675 266 1726 τις
298 1657 331 1714 ἂν
360 1653 403 1714 ἐπὶ
429 1656 459 1716 τό
487 1657 578 1732 μεῖζον
607 1655 678 1716 κατά
703 1656 748 1715 τὀν
774 1656 912 1736 προφήτην
939 1654 1151 1734 προκόπτουσαν.
1196 1655 1280 1711 ταῦτα
1305 1651 1336 1710 τό
1362 1649 1447 1730 παρόν
1475 1654 1532 1723 τῆς

228 1776 372 1850 βασιλείας
395 1797 446 1852 μου
469 1778 629 1856 πρόσταγμα
653 1777 795 1852 βούλεται·
823 1776 890 1858 τιμᾷ
911 1775 964 1854 γάρ
987 1775 1004 1849 ῆ
1029 1773 1156 1848 βασιλεία
1179 1793 1231 1850 μου
1252 1773 1297 1832 τόν
1320 1771 1391 1831 κατὰ
1413 1769 1532 1850 καιρούς

228 1899 257 1956 ἐν
271 1897 310 1957 τῶ
323 1898 388 1981 Σινᾷ
403 1899 622 1980 προστησόμενον
637 1903 690 1957 τῶν
707 1896 860 1978 ύπερτίμων
875 1895 913 1976 τῷ
929 1893 1073 1972 ἀξιώματι,
1089 1893 1135 1954 καί
1152 1893 1295 1974 διορίζεται
1308 1893 1531 1972 συναριθμεῖσθαι

212 2021 314 2100 ,τρίτον
337 2024 394 2094 τοῖς
416 2022 486 2082 ούτω
508 2023 697 2098 τετιμημένοις
721 2021 748 2079 ἐν
773 2021 865 2098 ἅπασι,
888 2017 935 2079 καὶ
958 2019 1130 2094 συντιμᾶσθαι
1154 2017 1183 2076 ἐν
1202 2019 1262 2088 ταῖς
1276 2015 1411 2096 προόδοις,
1435 2016 1531 2074 καθέ-

229 2142 314 2223 δραις,
347 2143 455 2204 στάσεσί
476 2163 506 2202 τε
533 2141 580 2203 καί
607 2143 807 2202 συνελεύσεσιν·
839 2141 1028 2221 ἀμφιέννυσθαι
1050 2139 1081 2198 δὲ
1103 2138 1150 2199 καί
1174 2139 1268 2218 ἀμφια,
1299 2139 1379 2198 όποία
1401 2135 1531 2196 καὶτῶν

229 2265 389 2346 ἀρχιερέων,
416 2265 510 2326 ὁπόσοι
531 2265 580 2340 τὴν
602 2265 725 2339 τοιαύτην
748 2265 828 2338 τιμὴν
852 2263 884 2322 ἐκ
906 2268 959 2322 τῶν
983 2263 1080 2322 ἕκαθεν
1103 2262 1208 2341 χρόνων
1230 2259 1277 2320 καί
1299 2265 1344 2318 νῦν
1367 2256 1527 2336 ἀπέλαβον,

228 2386 321 2446 τάλλα
342 2407 372 2446 τε
394 2389 491 2464 πάντα,
516 2387 567 2446 όσα
588 2387 691 2458 τούτοις
712 2383 758 2445 καὶ
781 2385 865 2464 τούτῳ
880 2385 1035 2464 προσέσται,
1058 2383 1130 2442 κατὰ
1145 2381 1233 2458 μηδὲν
1250 2381 1445 2456 έλαττούμενα.
1479 2379 1529 2438 ἐπὶ

228 2510 312 2587 τούτῳ
334 2508 387 2588 γὰρ
412 2509 537 2588 ἐγεγόνει
558 2505 605 2568 καί
628 2509 642 2566 ό
663 2507 757 2587 παρὼν
773 2507 883 2588 όρισμδς
898 2512 947 2582 τῆς
963 2505 1105 2580 βασιλείας
1121 2525 1172 2580 μου
1187 2503 1274 2564 κατὰ
1291 2509 1379 2579 μῆνα
1394 2500 1530 2562 ίούλιον

230 2629 289 2690 ἰνδ.
315 2628 352 2690 ιδ’
376 2634 401 2707 †.

333 2747 419 2830 Εἶχε
450 2752 486 2812 δὲ
515 2749 571 2812 καί
602 2751 799 2831 δι’ἐρυθρῶν
829 2752 1034 2830 γραμμάτων
1065 2754 1122 2824 τῆς
1149 2747 1244 2820 θείας
1264 2745 1319 2807 καὶ
1343 2745 1530 2821 βασιλικῆς

228 2876 417 2956 χειρός...

334 3003 424 3056 Primi
442 3003 581 3056 ediderant
598 3001 710 3056 Rhatta
725 3007 750 3054 et
766 3001 855 3054 Ροιίαι
871 3001 899 3053 εἰν
918 2999 1022 3052 Oollect.
1043 2999 1142 3052 Canon.
1167 2998 1198 3052 V.
1215 3015 1248 3067 ρ.
1266 2999 1329 3052 326
1348 3015 1361 3052 e
1380 2997 1439 3050 οσά.
1461 3013 1525 3050 maa

234 3106 373 3162 Gerasimi
386 3107 591 3178 ανοίιύαράιοομέ,
608 3108 705 3160 iterum
722 3105 887 3174 Zachariae,
904 3104 957 3158 Jua
971 3121 1221 3174 φπαεοοαοιιιανιυια
1238 3103 1295 3156 ΙΙΙ.
1308 3119 1340 3172 p.
1361 3103 1432 3155 593.

503 3375 544 3440 ΙΙ.
574 3374 799 3459 vom-1583,
822 3395 933 3438 mense
956 3372 1042 3458 iulio,
1067 3370 1144 3460 [ind.
1169 3369 1251 3458 XL}

233 3533 357 3606 Synodas
373 3535 499 3602 decernit,
516 3533 706 3586 monasterium
722 3532 822 3584 ίίιτίιιίά
833 3531 986 3586 salvatoris
1001 3533 1030 3584 ia
1044 3537 1131 3584 νηστεία
1144 3529 1224 3584 Sinai
1238 3530 1350 3582 ἰιύινιιυι
1363 3547 1419 3582 εστιν
1431 3536 1457 3582 et
1468 3531 1530 3598 ejus

634 3638 757 3691 abbatem
773 3637 904 3706 άίφιιιίαθε
919 3637 1040 3706 episcopi
1047 3635 1119 3704 frui.

235 3826 322 3884 Ὶσον
354 3821 619 3904 ἀπαράλλακτον
641 3825 697 3882 τοῦ
719 3820 905 3882 καθολικοῦ
928 3819 1101 3880 συνοδικού
1123 3822 1323 3900 γράμματος
1345 3822 1401 3878 τοῦ
1424 3839 1530 3897 γεγο-

231 3951 328 4018 νότος
359 3946 391 4004 ἐν
420 3944 462 4024 τῷ
492 3944 597 4024 καιρῷ
626 3946 680 4002 τοῦ
706 3942 860 4018 ἀοιδίμου
885 3944 1094 4023 πατριάρχου
1121 3939 1529 4016 Κωνσταντινουπόλεως,

507 4071 565 4145 κύρ
589 4066 752 4147 Ἱερεμίου
774 4064 830 4124 καί
853 4065 950 4124 δοθὲν
972 4067 1042 4134 τοῖς
1065 4059 1246 4134 Σιναίταις.

335 4221 350 4292 †
384 4215 563 4295 Ἱερεμίας,
601 4213 687 4293 ἐλέῳ
721 4215 796 4274 θεοῦ
830 4211 1095 4292 ἀρχιεπίσκοπος
1130 4210 1529 4284 Κωνοταντινουπόλεως,

233 4337 324 4410 Νέας
345 4331 483 4414 Ῥώμης,
506 4333 561 4396 καί
585 4334 821 4410 οἰκουμενικδς
842 4335 1053 4414 πατριάρχης
1075 4337 1090 4409 †

336 4457 456 4537 †'Eaet
485 4459 536 4534 μὲν
558 4458 620 4530 τοὺς
642 4457 826 4532 βουλομένους
849 4455 894 4514 διά
915 4457 1085 4536 γραμμάτων
1109 4454 1254 4514 συναδικῶν
1277 4455 1326 4529 τὴν
1349 4451 1531 4532 ὀφειλομένην

231 4580 280 4644 καὶ
301 4583 455 4660 πρέπουσαν
477 4583 607 4662 παρέχειν
631 4579 759 4655 βοήθειαν
783 4580 888 4658 ἑκάστῳ
911 4584 964 4638 τῶν
988 4579 1037 4637 ύπδ
1060 4577 1205 4652 βασιλικῆς
1226 4573 1395 4657 προμηθείας
1411 4575 1530 4654 ἀνεγερ-

233 4707 333 4765 θέντων
357 4699 554 4784 μοναστηρίων,
578 4703 616 4778 μὴ
633 4705 715 4777 μόνον
731 4700 829 4772 ἁπλῶς
844 4699 891 4760 καί
906 4701 1109 4780 ἀπερισκέπτως
1124 4700 1277 4777 κεχρῆσθαι
1291 4700 1348 4769 τοῖς
1362 4699 1531 4776 γράμμασιν,
