3246 5288
249 527 461 601 καθεσθήσονται
481 527 568 602 όμα
557 549 586 586 εν
601 530 675 607 τόπῳ
693 528 893 608 αφορισμένω
881 547 895 586 ο
910 549 963 587 τε
954 528 1093 608 προεστὼς
1108 525 1155 587 καὶ
1171 526 1246 608 οῖπρ
1213 529 1348 608 πόρκριτοι
1372 528 1434 588 ἀδελ
1432 527 1486 608 φοί
1501 529 1543 588 καὶ

247 334 312 398 418

1605 603 1606 662 ί

249 650 445 728 προτεθήσεται
468 649 519 724 μὲν
538 651 569 710 τό
591 650 819 729 γλωσσόκομον
808 648 852 709 επὶ
876 652 969 730 μέσον,
992 649 1166 729 ἀνοιγήσεται
1187 650 1242 710 δὲ
1233 651 1308 731 παρὰ
1322 654 1369 710 τοῦ
1384 651 1432 724 τήν
1447 649 1544 709 κλεῖδα
1605 663 1606 728 γ

248 773 341 831 τούτου
372 771 640 852 διακατέχοντος,ε
626 765 677 832 είθ
693 773 778 844 ούτως
810 771 1086 848 ἑκβληθήοεταιμὲ
1085 773 1139 848 νή
1166 774 1363 854 παράθεσις
1343 773 1475 852 πρότερον
1501 771 1544 830 καί
1605 747 1606 838 ί

250 893 455 971 ἀναγνωσθεῖσα
470 897 596 973 γνῶριμα
612 895 688 968 θήσει
703 893 737 952 τά
752 895 889 973 προθέντα
900 891 939 971 τῷ
956 893 1104 974 δοχειαρίῳ
1120 891 1160 966 είς
1176 892 1281 967 ἔξοδον.
1306 889 1367 954 εἶτα
1381 895 1544 975 παραστήσει

249 1015 297 1089 τὴν
327 1016 426 1074 τούτων
461 1010 555 1086 ἔξοδον
587 1015 657 1074 ούτω
690 1015 814 1094 καθαρὰν
843 1013 890 1074 καὶ
920 1021 1000 1094 σαφῆ,
1036 1015 1113 1075 ἀλλὰ
1142 1013 1189 1074 καὶ
1218 1016 1252 1075 τύ
1283 1015 1336 1074 ἀπδ
1369 1015 1544 1090 σίωνδήτινων

250 1137 405 1196 ὑποθέσεων
419 1141 473 1196 τῶν
489 1135 576 1196 αἶντῶν
600 1143 693 1212 μηνῶν
710 1134 911 1197 εἰσοδιασθέντοι
924 1135 990 1217 παρ’
1002 1137 1082 1197 αὺτοῦ
1105 1137 1180 1212 δῆλα
1202 1139 1310 1210 πάντως
1332 1141 1422 1197 πάντα
1443 1140 1544 1212 ποιήοει

250 1259 265 1316 ό
288 1241 452 1338 δοχειάριος,
480 1257 641 1338 ἀπογραφήν
664 1279 694 1318 τε
716 1258 816 1318 τούτων
838 1259 997 1338 προκομίσει
1021 1258 1168 1340 δηλοῦσαν,
1190 1258 1216 1318 τί
1230 1257 1277 1319 καί
1298 1259 1360 1318 ὅθεν
1382 1261 1458 1338 παρά
1480 1278 1544 1329 τινος
1605 1295 1606 1322 ;

250 1377 298 1438 καὶ
314 1378 386 1438 κατὰ
400 1382 476 1439 ποῖον
492 1376 675 1456 είσοδιάσθη
668 1383 772 1461 καιρόν,
797 1379 841 1440 καί
863 1381 947 1452 οὕτως
962 1382 996 1440 τά
1010 1401 1041 1440 τε
1064 1378 1265 1440 εἰσοδιαοθέντα
1287 1378 1333 1440 καί
1357 1377 1544 1452 ἐξοδιοισθέν·σ

250 1500 322 1560 κατὰ
352 1506 405 1560 τῶν
436 1502 523 1560 αὐτῶν
554 1505 646 1577 μηνῶν
677 1507 769 1580 σαφῶς
800 1500 1036 1580 διαγινωσκόμενα
1061 1505 1254 1582 προογραφήσο
1256 1523 1285 1559 ν
1276 1523 1374 1578 ,αιτη
1358 1507 1371 1522 ”
1360 1503 1543 1584 ,πέοροιθσει
1605 1515 1606 1518 ’

250 1621 366 1703 άριδηλό
334 1643 413 1703 τερ
415 1643 458 1682 ον
489 1622 613 1699 μετὰδέ
600 1643 669 1701 εγε
691 1644 739 1698 την
762 1625 937 1704 προσγραφήν
961 1618 1036 1695 αὖθις
1059 1623 1074 1682 ό
1097 1624 1148 1698 μὲν
1170 1626 1276 1702 χάρτης
1298 1629 1348 1697 τῆς
1360 1569 1543 1703 παραθέσεως

249 1742 288 1823 τῷ
311 1745 502 1823 γλωσσοκόμῳ
525 1743 762 1824 έναποτεθήσεται,
786 1745 915 1816 ὡσαύτως
930 1743 976 1804 καί
997 1745 1031 1804 τὰ
1051 1743 1107 1805 εἴτε
1123 1741 1169 1804 ἀπ’
1183 1745 1327 1824 εύλογιῶν,
1352 1743 1402 1804 εἴθ’
1417 1745 1542 1824 ἑτέρωθεν
1605 1757 1606 1762 ’

251 1865 368 1926 ἐλθόντα
390 1867 457 1945 πρδς
478 1865 527 1942 τήν
551 1868 645 1941 μονήν.
680 1867 694 1925 ό
718 1865 748 1925 δέ
735 1886 804 1944 εγε
828 1865 983 1946 δοχειάρισς
1007 1866 1075 1945 ῥητὰ
1096 1867 1156 1926 ποί)
1158 1887 1180 1926 ιν
1203 1867 1257 1926 ἀπδ
1279 1871 1326 1926 τοῦ
1348 1866 1543 1946 γλωσσοκόμου
1605 1841 1606 1918 ff

250 1987 403 2064 νομίσματα
431 1989 513 2069 ἕτερα
495 1987 705 2065 οιλήψεταιλ
697 1988 763 2066 όγῳ
790 1994 844 2047 τῶν
873 1985 976 2060 ἐξόδων
998 1991 1044 2047 τοῦ
1067 1985 1237 2060 εἰσελθόντος
1260 1989 1407 2064 μηνός·ε
1393 1981 1453 2047 εἶτα
1475 1983 1543 2057 αύθις
1605 2045 1606 2050 ,

250 2109 441 2184 κλεισθήσεται
468 2129 499 2170 το
525 2109 725 2187 γλωσσόκομον
755 2108 833 2169 καὶ
824 2110 898 2191 παρὰ
881 2115 973 2168 ατῶν
998 2107 1095 2190 είρημέ
1096 2131 1149 2172 Ινων
1172 2110 1301 2190 ἀδελφῶν
1323 2108 1536 2189 σφραγισθὲν
1508 2131 1542 2185 τῳ

250 2233 358 2307 συνήθει
379 2224 459 2310 τόπφί
477 2231 683 2311 ἀποτεθήσεται,
705 2229 752 2317 καὶ
775 2232 844 2291 ούτω
868 2235 967 2311 σαφοῦς
989 2230 1036 2292 καί
1058 2233 1256 2312 καθαρωτάτης
1278 2233 1367 2308 πάσης
1391 2229 1495 2291 εἰσόδου
1515 2250 1542 2288 τε

253 2350 299 2411 καί
316 2348 411 2423 ἐξόδου
426 2355 579 2431 γενομένης
593 2351 640 2413 καί
655 2357 825 2431 καταφανοῦς
841 2354 892 2431 ούχ
911 2352 1138 2432 ὑπολειφθήσεταί
1156 2375 1180 2414 τι
1202 2353 1233 2412 τό
1256 2353 1369 2414 σύνολον
1392 2353 1541 2413 σκάνδαλον

253 2476 272 2548 ἢ
288 2473 360 2533 κατὰ
373 2477 419 2532 τοῦ
434 2474 482 2549 τὴν
497 2475 621 2549 τοιαύτην
638 2475 850 2551 έμπιστευμένου
866 2474 1015 2556 διακονίαν,
1031 2473 1081 2534 εἴθ’
1094 2475 1185 2556 ἑτέρου
1205 2475 1285 2547 τινός.
1310 2474 1389 2546 ἐκτός
1408 2477 1542 2554 τοιγαροῦν

253 2599 299 2654 τοῦ
325 2595 444 2655 τοιούτου
470 2595 669 2672 γλωσσοκόμου
697 2597 726 2656 ἐν
754 2595 825 2677 άγίιρ
851 2597 981 2672 πνεύματι
1010 2597 1199 2673 ἐντελλόμεθα
1226 2600 1296 2674 μήτε
1323 2581 1459 2673 τδνμεθ
1473 2599 1541 2672 ήμιῖς
1605 2605 1606 2666 ξ

254 2717 301 2790 τὴν
328 2715 493 2795 ήγουμενίαν
521 2715 725 2797 διαδεξόμενον,
754 2721 823 2794 μήτε
852 2720 930 2779 αύτδν
952 2721 998 2779 τὀν
1020 2719 1055 2778 τό
1078 2720 1217 2798 δευτερεῖα
1243 2720 1343 2795 ταύτης
1366 2719 1475 2797 ἔχοντα,
1500 2719 1540 2777 τόν

254 2836 397 2913 οἰκονόμον
413 2839 489 2918 φημί,
514 2839 579 2915 μήθ’
592 2841 727 2900 ὁντιναοῦν
744 2843 835 2920 ἕτερον
850 2841 879 2900 ἓν
895 2839 941 2900 καί
965 2843 1047 2917 μόνον
1067 2843 1186 2918 νόμισμα
1200 2845 1218 2916 ή
1234 2840 1351 2901 πλείονα
1372 2844 1390 2916 ή
1415 2841 1540 2901 ἐλάττονα

253 2961 317 3042 παρ’
335 2960 422 3041 ἑαυτῷ
448 2965 597 3040 κατασχεῖν
621 2961 665 3022 διὰ
687 2964 718 3022 τό
742 2935 864 3039 μέλλεινΙ
880 2965 977 3042 πάντα,
1006 2966 1045 3036 ῶς
1067 2963 1180 3044 εῖρηται,
1208 2968 1332 3044 φανερῶς
1353 2960 1540 3034 είσοδιάζεοθαι

254 3081 301 3142 καί
332 3079 533 3155 ἑξοδιάζεοθαι·
563 3083 597 3143 τὰ
626 3084 656 3144 δέ
683 3105 718 3164 γε
745 3085 832 3164 ἀμφία
858 3088 946 3145 πάντα
972 3093 1021 3163 τῆς
1048 3086 1244 3166 άδελφότητος,
1275 3085 1369 3162 ἱμάτια
1395 3087 1475 3163 τυχόν
1499 3083 1540 3142 καὶ

256 3204 386 3286 μανδύας,
417 3203 586 3266 σίποττολικόι
612 3206 659 3267 καί
686 3207 771 3267 λοιπὰ
797 3207 872 3288 παρὰ
898 3211 944 3268 τοῦ
972 3206 1126 3288 δοχειαρίσυ
1152 3208 1250 3279 καλῶς
1275 3207 1472 3286 τηρηθήσσνται
1497 3203 1539 3265 καὶ

254 3329 311 3398 τοῖς
337 3329 467 3408 χρῄζουσι
493 3323 547 3386 τῶν
575 3327 712 3408 ἀδελφῶν,
739 3329 801 3388 καθ’
817 3329 864 3400 οθς
887 3331 919 3388 ἂν
942 3329 956 3388 ὁ
983 3330 1121 3410 προεστὼς
1150 3329 1257 3408 αἱρῆται
1284 3329 1403 3409 καιρούς,
1432 3329 1539 3398 δεόντως

256 3447 455 3522 διαδοθήσεται.
501 3449 519 3522 ή
543 3450 634 3524 μέντοι
656 3451 755 3509 τούτων
780 3447 910 3526 ἐξῶνησις
933 3451 998 3530 παρ’
1014 3452 1094 3511 αύτσῦ
1116 3451 1208 3510 τούτου
1232 3450 1305 3510 ἔσται
1326 3449 1503 3530 προβαίνουσα
1522 3453 1538 3524 ή

257 3571 349 3649 ἑτέρου
379 3575 433 3628 τῶν
463 3568 605 3648 ἀδελφῶν,
638 3575 685 3629 τοῦ
715 3570 926 3644 δοκιμασθέντος
960 3571 1089 3647 δηλονότι
1120 3574 1216 3652 πεῖραν
1249 3572 1397 3647 κεκτῆσθαι
1425 3569 1483 3652 περί
1510 3593 1540 3630 τα

255 3694 365 3751 τοιαῦτα
391 3687 497 3764 ἱκανήν.
543 3690 670 3750 ὠνεῖσθαι
698 3691 729 3750 δὲ
751 3693 785 3750 τὰ
806 3697 916 3754 τοιαῦτα
937 3689 1008 3754 κατὰ
1030 3693 1092 3765 τούς
1113 3697 1300 3775 προσήκοντας
1322 3693 1460 3774 καιρούςί)
1483 3695 1539 3753 έπι-

256 3813 405 3892 τρέπομεν,
434 3812 632 3890 περιποιεῖσθαι
663 3811 694 3872 δὲ
721 3812 768 3872 καί
794 3815 828 3872 τὰ
853 3815 961 3874 παλαιὰ
989 3815 1061 3875 κατὰ
1091 3815 1203 3890 δύναμιν
1229 3813 1276 3876 καὶ
1301 3817 1420 3896 χρᾶσθαι
1447 3817 1539 3889 τούτοις

257 3933 428 4009 βουλόμεθα·
464 3933 549 4010 μόνην
579 3933 633 4014 γὰρ
662 3935 711 4009 τὴν
739 3935 891 4015 ἀναγκαίαν
922 3938 1052 4013 ζητητέον
1081 3937 1186 4018 χρείαν,
1217 3939 1247 3997 τό
1275 3936 1307 3996 δὲ
1334 3938 1454 4018 περιττόν
1482 3939 1538 4016 ἐκέ)

256 4059 302 4115 τοῦ
326 4054 445 4114 ἐναντίου
468 4056 605 4131 μισητέον.
639 4057 670 4115 τό
694 4056 718 4115 δ’
731 4059 795 4117 αῦτδ
817 4055 863 4117 καὶ
888 4055 1006 4118 ἐπὶτῶν
1030 4059 1156 4134 μανδύων
1178 4056 1224 4119 καί
1248 4057 1366 4119 ἐπὶτῶν
1391 4059 1538 4136 ἑπισοηθίων

256 4175 371 4237 καὶτῶν
392 4176 571 4253 ὑποδημάτων
594 4175 641 4236 καὶ
662 4181 770 4238 πάντων
793 4178 891 4251 άπλῶς
913 4185 966 4238 τῶν
988 4178 1130 4260 χρειωδῶν
1153 4181 1285 4260 λέγομεν.
1317 4181 1380 4240 όταν
1402 4179 1447 4241 ούν
1467 4184 1539 4262 χρεία

258 4297 300 4372 εἴη
323 4297 493 4376 ἀναγκαῖαί)
520 4300 676 4380 καινότερόν
698 4279 723 4359 τι
744 4301 845 4362 τούτων
867 4301 1019 4376 ἀπολαβεῖν
1041 4323 1111 4384 τινα,
1137 4303 1168 4364 τδ
1190 4303 1309 4363 παλαιόν
1331 4306 1471 4378 κομιστέον
1491 4307 1539 4384 ἄρα

258 4420 286 4479 ἐν
309 4418 347 4498 τῷ
371 4419 481 4498 δοχείῳ.
528 4419 621 4481 δοτέον
645 4419 676 4479 δὲ
699 4419 771 4500 αὐτῷ
797 4426 874 4482 τοῦτο
901 4421 948 4482 καί
975 4425 1068 4504 ἕτερον
1090 4419 1265 4500 ἀποληπτέσν
1282 4421 1391 4498 ἐἰδήσει
1413 4429 1456 4485 τοῦ
1476 4447 1538 4506 προ-

362 4681 382 4744 ¹)
401 4697 422 4731 τ.
441 4676 541 4747 καιρούς
559 4695 661 4746 προσηκ.
680 4680 711 4730 Ε.
783 4680 804 4745 ²)
823 4677 856 4738 ὡς
876 4680 906 4730 Ε.
978 4681 999 4747 ³)
1017 4677 1156 4749 ἀναγκαίως
1173 4681 1205 4733 E.
