3222 5284
219 314 284 378 312

219 507 249 564 τό
271 511 321 582 τῆς
344 507 446 576 δόσεως
469 513 517 581 τῆς
542 507 682 583 ἀποταγῆς
705 507 815 584 κωλύω,
840 505 979 566 ἀλλὀύδέ
995 508 1078 585 ἀργόν
1094 508 1179 585 λόγον
1195 509 1385 567 πολιτεύεσθαι
1398 511 1415 580 ἢ
1430 509 1514 586 ἀργξν

219 627 279 688 τινά
300 629 434 703 καθῆσθαι
462 626 549 708 χωρίς
580 627 740 707 ἐργοχείρου
767 626 813 686 καί
843 628 989 708 ὑπηρεσίας
1011 627 1049 706 τῷ
1073 629 1245 708 μονασιηρίῳ
1268 629 1454 703 ἀνηκούσηςῆ
1478 634 1516 708 τῇ

221 748 357 832 ἐκκλησίᾳ
384 753 530 829 συγχωρῶ.
574 751 683 808 πάντων
706 747 737 806 δὲ
760 750 900 828 κράτιστον
923 750 972 824 τὴν
995 748 1109 826 ἡσυχίαν
1133 749 1289 824 ἐπισκήπτω
1312 748 1360 808 καί
1378 751 1424 824 τήν
1444 749 1516 809 ἀπτ-

220 871 306 949 ταγὴν
329 867 376 930 καί
397 871 569 948 ταπείνωσιν,
592 868 639 930 καὶ
661 871 692 928 τό
715 867 863 949 εἰρηνεύειν
886 867 930 928 ἀεὶ
951 871 1018 950 πρός
1041 869 1186 943 ἀλλήλους
1208 870 1270 942 τούς
1294 871 1442 947 μσνπχούς·
1465 871 1517 928 καί

219 993 265 1052 τόν
295 993 588 1072 προχειρισθησόμενον
617 990 692 1070 παρὰ
719 993 766 1049 τού
795 989 969 1070 κληρονόμου
1000 1011 1051 1065 μου
1081 992 1233 1069 ἡγούμενον
1260 995 1278 1067 ἡ
1308 990 1447 1066 οἰκονόμον
1480 993 1518 1051 δι’

222 1114 303 1194 ἐργου
325 1113 458 1173 ποιεῖσθαι
480 1113 510 1171 τό
534 1111 641 1187 μηδένα
664 1111 786 1188 μοναχόν
807 1110 982 1191 ὀργιζόμενον
997 1115 1065 1190 πρός
1080 1115 1171 1186 τιναῆ
1189 1111 1400 1191 ἑχθραινόμενον
1414 1113 1519 1172 καθεύ-

222 1234 279 1294 δειν
294 1233 365 1294 κατὰ
379 1235 425 1293 τόν
441 1231 563 1294 εἰπόντα·
589 1233 649 1312 ,,μ“η
667 1232 798 1291 ἐπιδυέτω
814 1233 828 1290 ό
843 1233 924 1308 ἥλιος
941 1231 984 1292 έτί
1000 1231 1038 1310 τῷ
1052 1233 1231 1313 παροργισμῷ
1247 1235 1360 1308 ύμῶν·“
1383 1233 1520 1310 όρειλσυσε

223 1354 255 1415 δέ
276 1354 324 1415 καὶ
347 1357 404 1426 τοῖς
426 1353 552 1425 κελλίοις
569 1355 655 1412 αὐτῶν
671 1351 863 1433 προσεδρεύειν
879 1353 1012 1431 διηνεκῶς
1027 1355 1239 1429 ὑποτασσόμενοι
1254 1354 1292 1434 τῷ
1308 1375 1337 1414 τε
1353 1355 1521 1435 κληρονόμῳ

222 1497 274 1550 μου
301 1473 348 1536 καὶ
375 1474 413 1554 τῷ
441 1476 542 1556 ἔχοντι,
575 1476 614 1546 ῶς
638 1469 724 1553 είπον,
753 1475 975 1555 προχειρισθήναι
996 1475 1060 1554 παρ’
1075 1477 1154 1534 αύτού
1176 1473 1312 1554 οἰκονόμῳ
1334 1478 1353 1549 ή
1376 1475 1522 1554 καθηγητῇ

221 1601 276 1656 τῶν
299 1601 439 1675 μοναχῶν,
463 1593 510 1655 καὶ
532 1595 728 1674 ὑπηρετοῦντες
751 1591 859 1668 ἀόκνως
881 1593 921 1667 εἰς
935 1595 985 1667 τάς
999 1601 1047 1672 τῆς
1063 1600 1150 1670 μονῆς
1166 1594 1294 1667 δουλείας
1309 1594 1356 1655 καί
1372 1594 1521 1671 διακονίας,
1586 1601 1587 1606 ’

221 1715 269 1778 καὶ
292 1715 332 1788 εἰς
353 1719 402 1794 τὴν
425 1718 540 1793 μάθησιν
563 1715 609 1776 καί
633 1713 797 1794 δοξολογίαν
813 1721 863 1792 τῆς
879 1716 1039 1791 ἐκκλησίας.
1071 1719 1116 1776 ὅτε
1132 1717 1164 1776 δέ
1180 1718 1357 1795 εύκαιρούσιν,
1380 1717 1423 1776 ἵνα
1438 1717 1523 1796 ένερ-
1588 1775 1589 1784 ,

221 1845 290 1917 γῶσι
312 1838 347 1898 τὰ
370 1839 517 1918 ἐργόχειρα
540 1840 628 1897 αύτῶν
652 1836 690 1908 εἰς
713 1837 762 1908 τὰς
785 1835 855 1910 ἰδίας
877 1838 987 1909 κέλλας
1011 1836 1166 1909 ἰδιαζόντως
1189 1839 1314 1920 ἕκαστος,
1337 1837 1439 1914 καὶμὴ
1455 1835 1524 1898 ῶαν

223 1957 302 2039 ἀργοί
324 1958 371 2020 καί
393 1961 591 2039 περιέρχωνται
614 1959 666 2018 ἀπό
689 1957 805 2017 κελλίσυ
828 1953 879 2042 [εἰς
901 1953 1072 2042 κελλίον]“),
1095 1958 1141 2019 καὶ
1164 1961 1344 2034 συνομιλῶσιν
1366 1964 1523 2040 ἢσυντρῶ-
1590 1956 1591 1980 ί

222 2083 354 2160 γουσινή
384 2079 545 2154 συμπίνωσιν
568 2077 608 2150 εἰς
638 2079 780 2138 ἀπώλειαν
802 2083 852 2155 τῆς
883 2077 954 2150 ἰδίας
984 2083 1075 2158 ψυχῆς
1097 2077 1143 2138 καί
1173 2081 1274 2160 ἑτέρων
1296 2081 1423 2160 πολλῶν,
1452 2079 1523 2140 ἀλλ’
1591 2064 1592 2084 ³

224 2203 339 2272 ἕκαστος
369 2201 418 2260 ύπό
441 2199 496 2278 θείῳ
528 2202 642 2279 μάρτυρι
663 2197 710 2258 καί
741 2197 837 2277 όδηγῳ
859 2201 908 2274 τήν
938 2199 1028 2274 τρίβον
1050 2207 1100 2276 τῆς
1131 2200 1231 2280 ἀρετής
1254 2199 1358 2283 διανύῃ,
1389 2199 1436 2260 καί
1457 2199 1525 2260 καθ’

223 2309 339 2396 ἑκάστην
372 2319 487 2402 διεξάγη
519 2322 614 2380 έαυτδν
635 2319 682 2381 καὶ
712 2321 940 2403 πολυπραγμονῇ,
971 2322 995 2381 τί
1022 2323 1201 2402 κατώρθωσεν
1225 2323 1254 2382 ἐν
1275 2321 1343 2404 τῇδε
1364 2329 1399 2404 τῇ
1421 2325 1525 2403 ήμέρᾳ,

222 2443 269 2504 καὶ
292 2443 316 2503 τί
338 2444 484 2523 παρέλιπε.
529 2442 576 2502 καί
599 2443 683 2515 ούτως
713 2446 804 2523 ὥσπερ
826 2443 865 2522 τῷ
894 2445 996 2524 χρόνῳ,
1028 2445 1098 2504 ούτω
1127 2443 1234 2524 καὶτῷ
1265 2441 1359 2525 δρόμῳ
1382 2447 1525 2524 προκόπτρ

223 2573 273 2642 τῆς
296 2567 396 2646 ἀρετῆς
418 2564 464 2624 καί
489 2565 647 2646 ἀποθνήσκῃ
671 2565 721 2640 μὲν
743 2565 782 2644 τῷ
798 2567 912 2644 σώματι,
937 2568 970 2646 ζῇ
987 2567 1017 2625 δὲ
1032 2565 1071 2643 τῷ
1087 2567 1142 2646 θεῷ
1159 2566 1202 2626 διὰ
1217 2573 1271 2626 τῶν
1287 2564 1368 2646 ἱερῶν
1384 2563 1524 2646 πράξεων,

223 2686 271 2748 καί
293 2693 343 2764 τῆς
365 2689 557 2758 ταπεινώσεως
579 2685 626 2745 καί
648 2691 698 2762 τῆς
720 2686 791 2746 κατὰ
813 2687 874 2746 θεόν
898 2685 1018 2766 ἀγάπης,
1050 2690 1082 2756 ἀς
1105 2688 1138 2764 δὴ
1163 2687 1209 2748 δύο
1242 2687 1341 2768 ἀρετὰς
1363 2689 1526 2768 προκρίτους

225 2804 294 2870 εἰναι
316 2807 363 2868 καὶ
392 2809 591 2888 πολιτεύεσθαι,
623 2806 669 2868 καί
701 2803 898 2884 ἀμετακίνητον
929 2803 999 2868 εἰναι
1028 2809 1109 2868 τύπον
1140 2808 1187 2869 καὶ
1217 2811 1320 2869 κανόνα
1348 2813 1396 2870 τού
1428 2811 1458 2869 ἐν
1485 2807 1525 2889 τῷ

223 2929 434 3010 πτωχατρορείῳ
464 2929 643 3008 μοναστηρίου
666 2949 717 3004 μου
748 2929 897 3004 βούλομαι·
928 2928 975 2989 καί
999 2929 1037 3001 είς
1067 2931 1205 3011 πρόκριαιν
1236 2931 1345 3012 ἀρετῆς,
1376 2931 1526 3012 προεδρίας

223 3055 305 3132 τυχόν
329 3051 550 3128 δοκιμαζομένης
573 3051 695 3122 ἐκείνους
708 3050 898 3130 προκρίνεσθαι
915 3049 1060 3132 βούλομαι,
1084 3052 1180 3124 οἵτινες
1196 3052 1225 3111 ἐν
1241 3052 1410 3133 ἀνυποκρίτῳ
1426 3073 1524 3113 ταπει-

223 3177 303 3234 νώσει
325 3172 372 3233 καὶ
395 3171 517 3253 εἰρηνικῇ
539 3175 703 3232 καταστάσει
727 3172 940 3246 διαλοίμπουσιν·
964 3173 1030 3232 ὅπου
1049 3173 1103 3252 γάρ
1118 3178 1230 3234 τοιοῦτοι
1246 3174 1442 3254 ποιμαίνουσιν,
1466 3174 1526 3234 ἐκεῖ

226 3297 296 3356 ἐστιν
319 3295 403 3368 όντως
425 3294 471 3354 καὶ
495 3295 509 3352 ό
532 3296 604 3374 θεός,
628 3296 695 3354 όπου
719 3292 749 3352 δὲ
772 3294 786 3352 ό
809 3294 882 3364 θεός,
906 3293 977 3352 ἀπαν
1001 3293 1104 3371 ἀγαθόν
1127 3292 1174 3354 καί
1197 3296 1350 3374 εύσίρεστον.
1383 3295 1429 3354 διά
1448 3299 1526 3356 τούτο

224 3416 270 3478 καὶ
294 3419 323 3476 ἐν
345 3419 404 3485 ταῖς
433 3418 589 3494 γινομέναις
620 3413 794 3493 δοξολογίαις
826 3416 983 3488 ἐπισκήπτω
1015 3417 1086 3490 μετὰ
1114 3422 1255 3496 προσοχῆς
1276 3417 1398 3476 ἵστασθαι
1420 3419 1526 3487 πάντας

226 3541 289 3598 όίνευ
311 3545 361 3614 τῆς
391 3537 497 3598 οίασούν
527 3538 640 3612 όμιλίας
661 3536 708 3596 καί
738 3537 939 3616 ψιθυρίσματος,
971 3536 1017 3596 καὶ
1042 3537 1086 3596 διά
1116 3539 1248 3613 νεύματος
1271 3538 1342 3612 μετὰ
1371 3536 1457 3616 ρόβου
1479 3534 1525 3598 καί

225 3661 325 3740 τρόμου
354 3659 426 3719 κατὰ
452 3661 482 3718 τό
509 3661 717 3738 γεγραμμένον·
749 3660 935 3738 ,δουλεύσατε
957 3661 995 3738 τῷ
1019 3661 1101 3740 κυρίῳ
1126 3661 1154 3719 ἐν
1178 3661 1252 3739 ρόβῳ
1275 3658 1322 3720 καί
1350 3659 1526 3754 ἀγαλλιρίτθε

226 3779 298 3858 αύτῷ
322 3781 351 3840 ἐν
374 3781 499 3860 τρόμῳ.“
531 3778 587 3853 ἕξει
610 3779 640 3838 δὲ
656 3783 725 3858 πρός
741 3778 864 3857 ἀνάγκην
886 3784 1001 3852 ἕκαστος
1017 3784 1148 3858 μοναχός,
1171 3782 1252 3857 ἡνίκα
1269 3781 1350 3842 ἐσθίει
1367 3781 1396 3840 ἐν
1412 3802 1524 3857 μεσημ-

228 3901 301 3984 βρίᾳ,
325 3901 500 3976 μεταδιδόναι
523 3903 627 3981 πένητι,
651 3903 715 3961 όσον
740 3903 799 3980 ἔχει
821 3904 1016 3982 προαιρέσεως,
1039 3906 1090 3962 κάν
1112 3903 1279 3982 βραχύτατον
1295 3901 1323 3984 ᾖ,
1348 3901 1403 3962 εἴτε
1418 3905 1524 3980 ψωμόν,

226 4023 282 4082 εἴτε
311 4025 403 4103 ποτόν,
434 4021 480 4082 καί
513 4024 550 4098 μὴ
581 4026 751 4104 παρέρχηται
781 4025 873 4102 ήμέρα
905 4026 967 4084 ἀνευ
1000 4025 1198 4102 ἐλεημοσύνης,
1231 4025 1298 4085 ἀλλ’
1320 4021 1448 4101 ἀνοίγωσι
1479 4021 1525 4082 καί

225 4143 339 4204 ’πυλῶνα
362 4143 409 4202 καὶ
432 4141 579 4222 σπλάγχνα
602 4145 710 4224 ἐκοίστῳ
732 4147 827 4218 πένητι
850 4142 914 4224 α’χρι
936 4144 983 4204 καί
1007 4147 1067 4216 ἐνδς
1090 4144 1290 4227 θρύμματοςί).
1320 4146 1404 4204 πσίλιν
1428 4145 1461 4204 δὲ
1476 4145 1523 4218 τὴν

225 4267 293 4346 πρός
316 4265 461 4340 ἀλλήλους
485 4268 577 4324 ἕνωσιν
601 4267 629 4325 ἐν
652 4265 778 4337 κελλίοις
800 4265 846 4326 καί
869 4268 902 4324 τὰ
925 4270 1058 4342 συμπόσια
1081 4267 1235 4347 ἀποτρέπω,
1259 4265 1282 4327 εἰ
1299 4269 1337 4343 μὴ
1354 4268 1399 4327 διὰ
1415 4271 1524 4344 μνήμην

227 4386 305 4464 ἁγίου
328 4383 391 4446 ῶσιν
414 4390 432 4460 ή
457 4387 551 4466 ἑτέραν
576 4385 662 4446 αἰτίαν
686 4387 801 4466 εὔλογον
828 4389 947 4447 ένωθῶσι
971 4389 1016 4446 σύν
1039 4387 1104 4466 θεῷ.
1143 4387 1190 4448 καί
1212 4389 1273 4460 τοὺς
1297 4389 1524 4468 εύρεθησομένους

335 4647 354 4710 ¹)
374 4647 571 4712 Supplevimus.
644 4647 665 4711 ²)
684 4645 822 4714 θρέμματος
842 4649 867 4698 S.
