3240 5286
1318 365 1381 465 ιιι

84 561 164 626 οἰλλά
187 557 235 626 καί
257 565 309 646 πρό
328 563 428 638 παντός
445 555 535 626 άλλου
551 567 671 644 σκοπεῖν,
695 563 770 637 όπως
786 585 814 625 τε
831 569 914 625 ταῦτα
930 562 1060 642 βασιλικά
1075 565 1232 642 ἐκλήθησαν
1249 565 1280 638 ἐξ
1296 566 1384 645 ἀρχῆς

82 687 130 748 καὶ
152 690 205 748 τίσι
236 691 330 763 νόμοις
351 707 382 747 τε
404 687 451 747 καὶ
480 689 640 764 θεσπίσμασι
667 693 716 762 τῆς
744 689 869 759 τοιαύτης
897 689 1031 768 τετύχηκε
1061 687 1202 764 κλήσεως·
1234 687 1329 762 ἐπειδὴ
1353 686 1384 745 δέ

82 831 155 882 τινες
177 817 232 870 τῶν
254 811 307 892 πρό
329 812 408 885 ήμῶν
428 811 699 890 πατριαρχευσάντων
716 809 900 887 ἀγνοήσαντες
916 812 1000 892 ὅλως,
1024 812 1062 882 ὡς
1077 811 1208 889 φαίνεται,
1231 810 1280 884 τήν
1295 808 1383 868 πάλαι

81 936 145 1012 περί
167 935 199 992 τό
223 933 329 992 Σίναιον
352 933 416 1013 όρος
437 932 582 1008 βασιλικὴν
604 934 742 1010 πρόνοιαν,
770 930 842 1007 μηδὲ
866 932 1023 1010 ἐντυχόντες
1044 936 1103 1004 ταῖς
1126 935 1237 1012 νεαραῖς
1259 929 1306 991 καὶ
1328 931 1384 1000 τοῖς

83 1053 345 1129 συνοδοκοῑςθείοις
372 1053 556 1132 θεσπίσμασιν,
588 1057 606 1113 ἃ
633 1055 666 1129 ἐή
693 1059 782 1114 πάντα
808 1054 843 1113 τὰ
868 1053 930 1135 περὶ
957 1056 1048 1114 τούτου
1071 1053 1184 1131 δηλοῦσι
1206 1054 1384 1134 πλατύτερον,

83 1175 194 1257 ἀγνοίᾳ,
223 1177 262 1248 ὡς
290 1177 373 1254 ἔοικε,
401 1181 453 1234 τῶν
476 1176 602 1234 τοιούτων
625 1179 775 1256 γράμματά
796 1195 856 1235 τινα
877 1176 950 1235 κατὰ
972 1176 1082 1257 καιρούς
1105 1177 1223 1256 ἔρθασαν
1247 1175 1383 1236 ἐπιδεδω-

83 1300 167 1368 κότες
189 1297 260 1357 κατὰ
283 1297 368 1373 μηδὲν
391 1304 440 1372 τής
456 1296 574 1378 ἀρχαίας
590 1296 697 1372 ἐκείνης
713 1297 880 1369 ἀκολουθίας
898 1298 1028 1377 ἐχόμενα,
1053 1299 1203 1376 ἀναγκαῖον
1218 1295 1266 1358 καὶ
1282 1297 1385 1358 δίκαιον

85 1420 223 1498 ἔγνωμεν,
246 1420 290 1479 ἵνα
311 1426 416 1498 πρῶτον
439 1419 490 1495 μέν
513 1421 606 1491 αὐταῖς
628 1417 738 1492 λέξεσιν
761 1413 816 1500 ᾧδε
840 1419 1005 1502 ἐγχαραχθή
1027 1421 1044 1494 ή
1068 1423 1216 1499 φαινομένη
1236 1420 1325 1500 νεαρὰ
1339 1424 1385 1480 τού

85 1536 211 1617 ἀοιδίμου
239 1541 377 1614 βασιλέως
401 1540 545 1616 Ῥωμαίων
569 1541 755 1602 Ἰσυστινιανού
776 1547 822 1602 τού
846 1544 993 1621 Μεγάλου,
1025 1543 1054 1602 ἐν
1077 1536 1095 1624 ᾖ
1118 1545 1185 1623 πρός
1208 1545 1263 1614 τοῖς
1287 1542 1386 1612 άλλοις

84 1663 134 1722 καὶ
161 1665 193 1722 τό
215 1663 321 1723 Σίναιον
349 1664 410 1742 όρσς
433 1664 565 1738 ἐπισκοπή
589 1663 724 1743 ροιίνεται·
756 1664 806 1723 εἴθ’
819 1665 905 1736 ούτως
928 1663 1030 1724 καὶτὰ
1053 1665 1123 1740 μετὰ
1146 1669 1222 1724 τούτο
1246 1663 1386 1739 συμβάντα

86 1783 166 1861 δῆλα
195 1787 363 1862 ποιήσωμεν.
412 1786 471 1863 ἔχει
501 1785 532 1845 δέ
563 1787 686 1860 σύτωςή
717 1786 802 1864 νεαρὰ
827 1786 887 1860 ήτοι
909 1788 940 1845 τό
963 1785 1100 1862 ἐκβληθέν
1123 1787 1177 1845 ἀπό
1199 1789 1244 1844 τοῦ
1266 1785 1387 1846 παλαιοῦ

84 1903 208 1978 κώέικος
231 1907 275 1966 ἐπὶ
292 1907 468 1968 Ἀναστσισίου
489 1909 656 1988 πατριάρχου
680 1908 854 1979 θεουπόλεως
874 1908 1002 1984 μεγάλης
1018 1907 1192 1986 Ἀντιοχείας,
1215 1907 1249 1966 τὰ
1265 1913 1388 1988 σκῆπτρα

86 2029 235 2104 Ῥωμαίων
259 2028 419 2101 διιθύνοντος
440 2033 487 2088 τού
511 2029 646 2106 Μεγάλου
663 2029 858 2109 Ἰουστινιανού,
882 2031 928 2088 ότε
950 2029 984 2088 τὰ
1007 2029 1186 2108 Ἱεροσόλυμα
1210 2029 1324 2104 ἐτιμήθη
1348 2026 1388 2100 εἰς

84 2155 283 2230 πατριαρχεῖον
305 2155 351 2210 τού
375 2148 453 2236 ,ςμβ
478 2151 567 2222 ἔτους·
597 2151 800 2228 ,,συνελθόντων
824 2150 970 2222 συνοθικῶς
992 2155 1038 2210 τού
1061 2150 1387 2230 Κωνσταντινουπόλεως,

85 2277 136 2332 τοῦ
160 2269 370 2352 Ἀλεξανδρείας
398 2271 445 2332 καί
473 2276 519 2332 τοῦ
542 2273 708 2350 Ἀντιοχείας
730 2273 801 2331 κατὰ
824 2277 898 2349 μῆνα
921 2271 1065 2350 αύγουστον
1089 2271 1254 2345 ἰνθικτιῶνος
1283 2271 1318 2351 ιγ’
1342 2272 1389 2332 καί

87 2397 273 2454 θεσπισάντων
295 2395 350 2476 ἀρᾷ
373 2393 528 2455 ὑποκεῖσθαι
550 2396 596 2453 τ’σν
618 2395 796 2470 τολμήσαντα
818 2397 1004 2475 παραθραύσαι
1027 2395 1269 2474 ήπαρασαλεύσαι
1284 2397 1314 2454 τό
1330 2392 1410 2454 τοι·4

88 2525 168 2576 οῡτον
191 2519 334 2594 θέσπισμα,
357 2515 404 2576 καὶ
426 2515 549 2577 δέδωκεν
573 2517 768 2595 όἈντισχείοις
791 2517 843 2576 ἀπό
866 2522 918 2575 τῶν
935 2518 1120 2592 ύποκειμένων
1137 2519 1335 2598 μητροπόλεων
1350 2517 1389 2598 τῷ

87 2640 187 2698 ἑαυτοῦ
202 2639 290 2718 θρόνῳ
306 2637 371 2713 θύω,
388 2638 434 2712 τἠν
450 2644 499 2714 τῆς
513 2637 678 2717 Καισαρείας
693 2645 743 2716 τῆς
757 2633 942 2714 Παλαιστίνης
956 2638 1003 2698 καὶ
1017 2646 1066 2715 τῆς
1079 2641 1302 2727 Σκυθσυπόλεως,
1320 2641 1389 2700 ἀπί-

88 2779 179 2820 οτασε
203 2760 234 2820 δὲ
257 2757 305 2820 καὶ
327 2760 379 2820 άπθ
402 2765 451 2835 τῆς
474 2759 672 2839 μητροπόλεως
687 2762 775 2838 Τύρου
796 2759 845 2834 τήν
861 2759 1075 2842 Πορφυρόπολιν,
1099 2761 1146 2821 καί
1169 2763 1260 2822 ἔθεντο
1281 2757 1390 2842 σύνορον

86 2885 136 2942 τ’σν
163 2883 286 2956 ποταμόν
313 2883 358 2941 τὀν
385 2880 439 2940 ἀνὰ
465 2883 549 2957 μέσον
579 2881 769 2958 Πτολεμαίδος
796 2881 842 2942 καὶ
869 2884 914 2942 τόν
937 2883 1101 2962 Καρμηλίου
1128 2884 1206 2963 όρσυς
1229 2883 1410 2962 Ζαβουλὼν,

88 3003 220 3073 ὡσαύτως
242 3001 289 3062 καὶ
309 3004 361 3064 ἀπό
376 3009 425 3080 τής
443 3004 642 3084 μητροπόλεως
658 3005 778 3084 Βόστρας
793 3010 842 3079 τῆς
858 3004 997 3076 Αύσίτιέος
1013 3005 1160 3077 ἐπισκοπάς
1175 3008 1319 3087 τέσσαρας,
1342 3009 1391 3081 τήν

89 3123 241 3205 Γαδείρων,
263 3127 312 3200 τὴν
328 3125 558 3200 Καπετωλιάθσς,
582 3126 630 3200 τήν
647 3124 782 3201 Ἀβίλλης
804 3124 851 3184 καὶ
865 3127 914 3200 τήν
929 3127 1016 3207 Γάβα,
1040 3126 1087 3186 καὶ
1103 3127 1237 3207 ἀριέρωσε
1251 3101 1335 3188 ταῦτα
1352 3127 1391 3200 εἰς

90 3248 283 3327 Ἱεροσόλυμα,
299 3245 345 3307 καί
362 3247 453 3308 ἔθεντο
469 3247 579 3328 σύνορον
592 3249 645 3320 ἕως
656 3246 854 3324 τῆςΑύσίτιόος
865 3248 970 3328 χώρας,
988 3247 1045 3306 όδὲ
1058 3247 1267 3329 Ἀλεξανδρείας
1283 3248 1391 3308 δέδωκε

88 3367 140 3428 καὶ
163 3369 242 3441 αύτθς
264 3369 317 3429 ἀπό
338 3376 392 3429 τῶν
415 3369 600 3446 ὑποκειμένων
616 3371 711 3430 ἑαυτοῦ
727 3370 814 3450 θρόνῳ
830 3369 1028 3450 μητροπόλεων
1043 3370 1092 3444 τὴν
1108 3371 1227 3451 Βόοτραν
1243 3377 1292 3446 τής
1309 3373 1391 3450 Ἀρα-

90 3490 156 3565 βίας
177 3490 224 3550 καί
246 3492 294 3566 τὴν
319 3492 426 3572 Πέτρας
448 3490 495 3551 καί
518 3491 665 3562 ἐπισκοπόις
689 3490 730 3570 ἕξ,
753 3491 801 3566 τήν
825 3491 924 3567 Γάζαν,
947 3493 995 3566 τὴν
1020 3492 1204 3572 Ἀσκάλωνος,
1226 3494 1275 3568 τήν
1292 3490 1393 3552 Ἐλευ-

90 3613 265 3695 θερούπολιν,
287 3615 335 3688 τὴν
358 3615 469 3694 Φαράν,
492 3615 541 3688 τήν
557 3612 656 3684 Αἰλίας
678 3611 725 3674 καὶ
747 3616 778 3674 τό
801 3616 868 3674 Σινά
890 3615 967 3694 όρος·
990 3613 1174 3694 ήσραλίσαντο
1191 3615 1222 3674 δὲ
1238 3617 1284 3674 τ’σν
1299 3617 1394 3694 θρόνον

89 3739 140 3794 τού
156 3735 222 3794 Σινά
237 3733 324 3815 ὅρους,
347 3736 391 3795 ἵνα
407 3735 503 3812 μηθεὶς
519 3735 616 3820 καθίσῃ
634 3735 675 3796 ἐπ’
688 3735 770 3816 αύτῷ,
794 3736 841 3796 καί
858 3737 987 3812 ἐποίησαν
1003 3738 1112 3816 σύνορον
1129 3739 1182 3808 ἕως
1197 3743 1246 3812 τῆς
1263 3735 1394 3818 Ἐρυθρᾶς

91 3855 283 3932 θαλάσσηςίί·
306 3857 353 3918 καὶ
375 3863 458 3918 τοάυιυι
481 3858 532 3934 μὲν
554 3861 572 3934 ἡ
596 3857 690 3938 νεαρά.
717 3859 745 3918 ἐν
769 3859 801 3918 δέ
822 3857 861 3938 τῷ
883 3857 1002 3938 τακτικῷ
1024 3860 1082 3938 ἔχει
1098 3852 1197 3931 σύτως·
1222 3860 1257 3938 ,,ό
1271 3863 1318 3919 τοῦ
1330 3861 1395 3918 Σινά

91 3980 172 4060 όρους
195 3973 273 4052 οἶκτός
296 3981 366 4040 ἐστιν
388 3981 542 4058 ήγούμενσς
564 3980 611 4040 καὶ
631 3981 816 4052 ἐπίσκοποςίίτ
842 3981 875 4040 ἐκ
895 3981 929 4056 δὴ
945 3983 1044 4040 τούτων
1059 3979 1106 4041 καὶ
1121 3987 1174 4040 τῶν
1190 3982 1315 4041 τοιούτων
1333 3981 1394 4040 ἐπι-

93 4107 199 4176 σκοπῆς
226 4103 442 4182 ἀναραινσμένης
464 4103 514 4178 ’τῆς
536 4102 606 4162 κατὰ
629 4105 659 4162 τό
682 4103 789 4162 Σίναισν
812 4104 874 4184 όρος
898 4104 1045 4182 βασιλικῆς
1068 4102 1114 4163 καὶ
1137 4103 1212 4174 θείας
1235 4109 1321 4179 μονῆς
1343 4104 1395 4184 πρό

92 4225 201 4305 χρόνων
232 4225 280 4285 ούκ
310 4223 413 4304 ὀλίγων
443 4225 513 4296 τινὲς
543 4231 597 4284 τῶν
627 4228 688 4285 τότε
719 4226 924 4302 ἐνασκουμένων
953 4228 982 4285 ἐν
1004 4232 1037 4308 τή
1061 4225 1120 4307 θείᾳ
1143 4231 1213 4306 μονῇ
1236 4227 1319 4305 ταύτῃ
1348 4227 1397 4284 οῐικ

95 4340 149 4406 οἷδ’
162 4347 235 4417 Ξπως
257 4347 413 4423 κινηθέντες
437 4347 465 4406 ἐν
489 4350 545 4420 τοῖς
567 4351 671 4429 καιροῖς
695 4347 819 4427 ἐκείνοις,
847 4350 1077 4427 παραιτησάμενοι
1099 4350 1130 4408 τό
1155 4349 1228 4426 ἔχειν
1253 4347 1397 4406 ἐπίσκοπον
1435 4375 1438 4382 ’

94 4466 143 4527 καὶ
165 4469 240 4542 όλως
262 4469 334 4529 κατὰ
348 4471 396 4544 τὴν
413 4467 532 4550 ἀρχαίαν
548 4473 666 4548 στοιχεῖν
682 4471 858 4550 ὑποτύπωσιν,
882 4470 985 4546 βουλὴν
1001 4470 1132 4546 κακίστην
1148 4469 1194 4530 καὶ
1209 4471 1282 4551 παρὰ
1298 4473 1397 4545 νόμους

96 4592 233 4670 ἐκύρωσαν
262 4593 292 4651 ἐν
320 4591 420 4668 αὐτοῖς,
450 4593 494 4650 ῖνα
523 4591 651 4668 δηλονότι
675 4595 773 4669 μηκέτι
795 4598 983 4672 χειροτονῆται
1006 4592 1097 4671 ἐντῷ
1120 4594 1290 4672 μοναοτηρῖῳ
1312 4593 1397 4670 τούτῳ

97 4711 256 4784 ἐπίσκοπος·
280 4715 373 4773 τούτου
396 4713 427 4772 δέ
442 4716 593 4792 γενομένου
610 4715 704 4794 πλήρη
721 4716 754 4774 τά
769 4718 918 4795 πράγματα
935 4716 1089 4793 συγχύσεως
1105 4717 1215 4794 γέγονε,
1238 4715 1285 4774 καὶ
1300 4735 1397 4795 πατρι-

1159 4839 1189 4885 16
