3486 5282
665 943 740 1018 IX.

73 1149 138 1224 λιιι
155 1145 393 1225 monasteriorum
412 1153 540 1226 Sanctae
555 1153 674 1226 Mariae
688 1153 927 1246 Myrsiniotlssae
946 1161 975 1227 ω
989 1155 1090 1228 Sancti
1104 1153 1263 1228 ΜίσΙιιιίΙίσ
1281 1155 1350 1228 dieti

511 1274 594 1347 Prati
616 1275 645 1348 in
669 1275 767 1348 insula
790 1273 896 1349 Lesbo.

290 1499 316 1564 Ι.
342 1498 566 1582 7035-1527,
591 1499 641 1566 15.
669 1502 789 1566 mensis
810 1501 927 1584 martii,
950 1501 1016 1566 ind.
1041 1501 1116 1566 XV.

101 1681 210 1736 Μοπυσί
224 1681 387 1754 Αροίίὶοιιιισ
404 1683 489 1737 tradit
498 1681 558 1752 filio
573 1683 773 1738 ύίσνοιιιοιιασίιο
789 1685 897 1756 Ιριιιιιὶο
916 1685 1053 1740 coemam
1069 1685 1186 1741 Sanctae
1202 1687 1314 1741 Mariae

352 1787 580 1857 Μμισέαἰοιιλσσι,
597 1789 787 1843 monasterium
803 1789 886 1844 Prali
899 1797 924 1844 et
938 1807 1055 1860 σαιιιροι.

160 1996 176 2067 †
199 1991 277 2070 Ἐγὼ
300 1991 436 2068 Μονουὴλ
462 1991 550 2071 ἱερεύς
576 1993 591 2051 ὑ
614 1993 797 2071 Ἀγαλλιανός
824 1992 871 2052 καί
893 1991 1036 2069 οἰκονόμος
1045 1993 1067 2069 ¹)
1090 1994 1253 2072 Μηθύμνης,
1283 1995 1298 2054 ό
1321 1994 1350 2054 ἐν

66 2112 100 2189 τῷ
123 2115 231 2192 παρόντι
258 2114 317 2192 ύρει
343 2115 389 2174 τόν
415 2111 500 2188 τίμιον
527 2112 575 2172 καί
602 2115 733 2185 ζωοποίσν
760 2115 872 2194 σταυρόν
902 2111 1069 2194 ἐγχαράξας,
1102 2117 1150 2176 οὑκ
1172 2113 1204 2187 ἐξ
1226 2115 1351 2194 ἀνάγκης

65 2237 129 2306 τινός
149 2238 166 2308 ἢ
191 2234 253 2310 βίας
268 2237 286 2310 ἢ
302 2243 349 2310 τῆς
364 2236 497 2313 τυχούσης
512 2231 606 2312 άλλης
620 2236 762 2316 ὑπουλίας,
785 2236 864 2296 ἀλλὰ
880 2231 951 2312 μετὰ
965 2240 1055 2312 πάσης
1071 2257 1122 2313 μου
1137 2243 1187 2313 τῆς
1201 2236 1351 2318 προθυμίας

66 2357 107 2414 καί
127 2359 270 2432 ύελήσεως
296 2359 342 2418 καὶ
368 2359 552 2438 προαιρέσεως
578 2356 625 2416 καί
651 2364 781 2437 χρονικῆς
807 2365 856 2435 τῆς
879 2361 1004 2436 σκέψεως
1026 2358 1168 2444 ἐπιδίδωῗ)
1192 2357 1231 2430 είς
1253 2363 1352 2440 χεῖρας

64 2485 104 2538 τοὺ
129 2483 256 2558 σαρκικσύ
284 2501 336 2554 μου
362 2480 418 2539 υίού
435 2481 576 2560 ’ίγνατίου,
599 2481 779 2562 ίερομονάχου
802 2479 849 2540 καὶ
872 2479 1020 2542 σακελλίου
1036 2481 1198 2560 Μηθύμνης,
1218 2483 1264 2540 τόν
1286 2483 1350 2540 ναόν

63 2608 106 2675 τῆς
119 2605 324 2682 πανυπερσίγνου
344 2602 488 2678 δεσποίνης
503 2605 582 2680 ἡμῶν
598 2605 726 2664 θεοτόκσυ
741 2601 787 2664 καί
802 2603 978 2682 άειπαρθένου
995 2604 1113 2682 Μαρίας,
1130 2609 1179 2680 τῆς
1196 2603 1349 2678 ἐπικεκλη-

64 2725 141 2799 μένης
165 2723 435 2806 Μυρσινιωτίσσηςί),
466 2727 511 2784 τόν
535 2727 724 2804 εὑρισκόμενον
748 2725 776 2784 ἐν
798 2731 832 2806 τῇ
854 2725 999 2806 τοποθεσίᾳ
1020 2726 1102 2806 ταύτῃ
1124 2729 1174 2802 τῆς
1197 2725 1350 2799 Καλλσνῆς

63 2853 106 2920 τῆς
126 2845 286 2920 Μιτυλήνης
315 2845 344 2905 ἐν
370 2845 409 2926 τῷ
433 2848 561 2926 (ύάρυγγι
584 2846 653 2922 μετὰ
679 2852 721 2907 τοῦ
745 2847 979 2926 ἐναποληφθέντας
1002 2846 1191 2926 εὑρισκομένου
1213 2842 1352 2925 χωραρίου

63 2970 144 3045 αὑτοῦ,
172 2973 218 3028 πού
239 2967 357 3043 πλησίον
378 2973 424 3028 τοὺ
447 2969 601 3047 λεγομένου
624 2971 768 3049 Φράγκσυ,
795 2973 841 3028 τού
862 2966 1011 3054 πληοίονί)
1033 2975 1080 3029 τού
1102 2971 1263 3048 χειμάρρου,
1287 2970 1351 3027 ὅσον

62 3088 104 3148 καί
125 3085 178 3150 οίόν
203 3091 273 3150 ἐστιν
291 3090 366 3160 ἐντός
381 3089 427 3150 καί
445 3091 532 3170 ἐκτός,
556 3092 623 3166 όμού
640 3091 670 3150 δὲ
685 3090 732 3152 καί
747 3091 796 3164 τὰς
813 3091 919 3170 ἐλαίοις,
944 3087 1036 3174 όσαιί)
1053 3089 1219 3170 εὑρίσκονται
1234 3089 1351 3164 πλησίον

62 3217 103 3270 τού
124 3218 197 3291 ναοὺ,
221 3214 287 3285 όσοις
309 3213 420 3293 χωρίζει
441 3215 459 3288 ὴ
483 3214 555 3286 όὺός,
586 3213 632 3272 καὶ
653 3215 744 3294 ἕτερον
759 3218 898 3293 χωράφισν
914 3214 942 3272 ἐν
957 3219 991 3293 τῇ
1005 3213 1149 3296 τοποθεσίρι
1163 3218 1217 3272 τῶν
1233 3211 1351 3294 Δαρίων,

62 3335 88 3392 τό
108 3335 223 3409 πλησίον
245 3335 280 3394 τὰ
294 3335 502 3414 Τριμσυλάδικα
524 3335 570 3395 καὶ
592 3336 708 3412 πλησίον
730 3343 779 3411 της
802 3336 865 3396 όόοὺ
888 3336 958 3411 μετὰ
980 3341 1033 3394 τῶν
1058 3335 1187 3414 δένδρων,
1211 3336 1261 3395 όσα
1278 3335 1351 3416 εὑρί-

62 3477 179 3516 σκσυνται
210 3457 285 3529 ἐντός
314 3460 360 3518 τοῦ
389 3456 536 3538 χωραρίσυ,
569 3459 631 3518 όσον
660 3457 707 3518 καί
730 3453 784 3518 οἶόν
808 3459 887 3518 ἐστιν.
934 3459 1062 3529 ὡσαύτως
1085 3456 1199 3518 ἐπιδίδου
1221 3455 1269 3516 καί
1293 3457 1351 3534 ἐγὼ

62 3581 122 3656 πρός
143 3581 189 3640 τόν
211 3580 267 3640 υἱόν
290 3601 352 3659 μου,
375 3581 458 3658 ἤγουν
480 3581 526 3639 τόν
547 3581 707 3654 σσικελλίου,
732 3579 762 3652 ἐξ
778 3579 876 3640 οίκείσυ
893 3602 945 3656 μου
960 3581 1098 3660 χωράμον
1115 3579 1143 3638 ἐν
1159 3585 1192 3662 τῇ
1208 3579 1352 3660 τοποθεσίᾳ

62 3707 105 3774 τῆς
120 3703 286 3783 Ἀχορῶνας,
309 3704 339 3761 τό
362 3702 514 3780 λεγόμενον
536 3707 585 3777 τῆς
601 3701 820 3782 Καναβὺτζενας,
843 3704 873 3761 τό
895 3702 1010 3777 πλησίον
1030 3707 1080 3780 τῆς
1096 3700 1160 3762 ὁδοῦ
1174 3699 1221 3760 καί
1235 3701 1352 3776 πλησίον

64 3819 202 3904 θεοόιύρου
224 3829 270 3884 τοῦ
291 3824 427 3898 Καμίτζη,
440 3822 487 3884 κκί
508 3823 624 3898 πλησίον
641 3821 767 3883 Ἰωάννου
790 3827 836 3884 τοῦ
852 3821 942 3903 Ῥάλι,
966 3824 1010 3882 ίνα
1033 3824 1086 3906 ἔχη
1110 3825 1172 3882 αὑτό
1195 3823 1271 3900 όμοϋ,
1304 3820 1351 3880 καὶ

63 3945 102 4001 τόν
119 3948 256 4026 λειμῶνα,
281 3947 319 4018 ὡς
342 3947 533 4026 εὑρισκόμενον
557 3947 587 4006 δὲ
611 3944 649 4017 είς
671 3949 769 4027 χεῖρας
791 3947 929 4025 ἡμετέρας
951 3947 996 4004 τόν
1017 3946 1134 4025 ρηύέντα
1148 3945 1212 4004 ναόν
1229 3944 1350 4004 ἔκπαλαι

64 4066 126 4124 κατὰ
151 4067 237 4144 λόγον
245 4065 271 4150 6)
294 4069 469 4146 γονικότητος
494 4068 525 4128 ἐκ
547 4069 697 4148 προγόνων,
729 4065 789 4146 οὑχί
812 4067 842 4126 δὲ
864 4067 1020 4148 λῃστρικῶς
1043 4066 1121 4125 αὑτόν
1145 4066 1309 4136 δεσπόζοντα
1332 4070 1350 4140 ἢ

65 4182 148 4265 οἱλλης
175 4191 246 4259 τινὀς
274 4192 409 4269 ἁρπαγῆς,
438 4191 512 4264 πλὴν
541 4190 571 4249 δὲ
600 4191 787 4268 εὑρισκόμενον
816 4191 1011 4269 οταυροπηγιον
1034 4190 1238 4268 πατριαρχικόν,
1271 4186 1351 4267 κάγὼ

64 4310 138 4370 πάλιν
160 4315 238 4372 τοὺτσ
261 4311 404 4388 ἀνατίθημι
428 4311 467 4384 είς
488 4315 585 4392 χεῖρας
608 4317 652 4372 τοῦ
677 4312 743 4388 ἐμοῦ
766 4316 894 4392 σαρκικού
917 4311 973 4372 υίού
996 4311 1137 4390 Ἰγνατίου,
1168 4309 1363 4389 ἱερομονάχου·

159 4601 180 4664 ¹)
198 4596 305 4666 οίκόμων
318 4599 351 4649 Κ.
425 4599 444 4664 ²)
462 4595 549 4649 ἐπιδίδι
562 4599 594 4647 K.
665 4599 686 4662 ί)
706 4597 899 4665 Μυρσινιοτιίσης
918 4600 959 4660 τῆς
980 4593 1149 4662 εύριοκομίνης
1168 4597 1201 4646 Κ.
1214 4593 1301 4658 ταύτης
1315 4595 1348 4644 K.

67 4689 84 4751 ί)
101 4689 234 4762 ἐναπολιρύ.
257 4691 329 4760 αὐτῆς
356 4689 382 4745 τό
404 4693 446 4744 πλ.
468 4689 495 4744 τό
519 4691 647 4761 λεγόμενον
670 4689 703 4744 Φ.
727 4687 754 4742 τό
776 4689 818 4744 πλ.
838 4693 869 4743 K.
941 4691 963 4756 ⁵)
987 4685 1046 4748 ὅστις
1069 4693 1101 4742 K.
1174 4692 1194 4756 ὓ)
1218 4689 1294 4757 λόγου
1317 4691 1350 4740 Κ.
