3194 5298
256 341 318 406 122

254 536 398 610 κέκτηνται
419 533 481 615 περί
502 535 532 594 τδ
556 530 679 620 [χωρίον]
702 538 748 595 τοῦ
764 533 994 615 Κραβασμοὺντου
1016 540 1069 612 γην
1093 533 1138 594 διά
1159 535 1377 616 χρυσοβοίιλλου,
1401 533 1449 594 καί
1471 555 1538 614 παρ-
1591 501 1592 528 ί

255 656 390 717 εαάλεσαν
419 654 466 716 ναί
497 656 629 732 ἐζήτησαν
658 656 707 731 τἠν
737 655 913 736 ιιραλλάιητά
944 677 1004 734 μου,
1034 656 1079 716 ίνα
1104 657 1215 734 γένηται
1242 656 1355 736 ὁρισμὸς
1381 655 1474 727 αυτοῖς
1498 653 1540 714 καί

254 775 469 858 περισυλλίξωσι
498 774 666 864 [ἀνθρώπους
698 773 869 862 ἐλευθέρους]
890 776 938 838 καί
966 777 1166 858 προσααθίσωοι
1196 775 1236 850 είς
1264 778 1314 852 τἠν
1341 778 1467 854 τοιοάτην
1492 783 1540 855 γῆν

255 902 351 980 αθτιῖιν,
380 901 429 974 τὴν
454 900 626 979 παράκλησιν
653 901 739 960 αθτῶν
766 897 972 980 προσδεξαμὲνη
999 901 1017 975 ή
1044 899 1204 980 κραλλάτης
1231 919 1283 974 μου
1311 900 1475 979 ἐπιχορηγεί
1498 897 1540 958 καί

255 1020 427 1101 ἐπιβραβεθει
450 1023 538 1094 οάτοῖς
559 1023 605 1082 τον
626 1023 746 1102 παρόντα
767 1024 888 1102 ὁρισμόν,
912 1019 948 1080 δι’
960 1014 989 1082 οὗ
1007 1023 1151 1102 προστάξει
1166 1021 1212 1082 ναὶ
1229 1021 1384 1102 διορίζεται,
1408 1021 1454 1081 ἵνα
1469 1022 1540 1092 ὅσους

255 1139 410 1224 ἀνθρώπους
440 1144 600 1222 ἐλευθέρους
625 1144 836 1222 προσναθίσωσιν
863 1141 903 1216 είς
924 1144 972 1218 τὴν
996 1141 1140 1223 εἰρημένην
1162 1148 1215 1221 γῆν
1237 1140 1287 1226 καί
1307 1143 1450 1223 ἀλλαχοῦ,
1482 1143 1541 1202 ἔνθα

255 1267 347 1344 ἔχουσι
368 1270 431 1344 γῆν,
461 1266 596 1343 αατέχωσι
618 1265 726 1337 τούτους
748 1265 952 1342 ἀνενοχλήτως,
984 1265 1167 1344 ἀναφαιρέτως
1191 1262 1239 1324 καὶ
1260 1264 1479 1336 ἀναποσπάστως
1499 1263 1541 1324 ναί

255 1385 334 1448 οθδὲν
360 1386 514 1466 εὑρίσκωσιν
541 1385 601 1446 οὕτε
624 1386 677 1446 ἀττδ
699 1391 752 1446 τῶν
773 1386 844 1446 τιατά
865 1386 975 1467 καιροὺς
996 1387 1278 1466 αεφαλατιαευάντων,
1311 1384 1374 1446 οὔτε
1395 1386 1473 1466 παρὰ
1492 1392 1541 1444 τῶν

255 1503 310 1594 [τά]
338 1507 455 1584 δημόσια
482 1507 686 1589 διενεργοθντων
708 1511 727 1584 ἡ
750 1507 794 1587 ἀρ’
807 1509 898 1587 ἑτέρου
919 1509 991 1580 τινὀς
1012 1513 1065 1568 τῶν
1089 1509 1215 1568 ἁπάντων
1241 1503 1439 1594 [διασεισμὸν],
1471 1507 1542 1568 ἀλλά

255 1629 431 1709 διατηρῶνται
455 1630 634 1708 ἀνενάχλητοι
655 1628 701 1690 καί
725 1629 922 1705 ἀναταζητητσι
944 1630 997 1690 ἀπδ
1018 1633 1108 1704 πάσης
1132 1630 1261 1709 ἐπηρείας
1282 1628 1330 1690 καί
1354 1629 1469 1710 δόσεως,
1492 1651 1541 1690 κα-

255 1752 310 1824 θὼς
334 1752 424 1830 ἔχουσι
446 1748 493 1812 καί
514 1752 549 1812 τὰ
570 1751 653 1812 λοιπά
674 1754 801 1827 ατη-ματα
823 1753 909 1812 αὐτῶν
931 1750 978 1812 καί
992 1753 1085 1824 καθὼς
1100 1751 1317 1828 διαλαμβάνουσι
1331 1750 1378 1812 καί
1393 1751 1428 1812 τά
1443 1753 1541 1833 χρυσά-

255 1873 364 1948 βουλλα
392 1871 439 1934 οιαὶ
468 1874 502 1934 τά
527 1877 723 1954 προστάγματα
743 1845 845 1936 Ιαὐτῶν.
882 1873 973 1934 τούτου
999 1873 1052 1954 γάρ
1079 1877 1159 1954 χάριν
1187 1874 1297 1953 ἐγένετο
1325 1874 1417 1946 αὺτοῖς
1443 1873 1491 1933 ιιαί
1514 1875 1541 1932 τδ

254 1997 339 2076 παρθν
364 1997 527 2076 πρόσταγμα
552 2001 602 2072 τῆς
628 1996 817 2076 ιιραλλδτητίς
844 2015 895 2070 μου
922 1991 961 2066 είς
988 1995 1146 2074 ἀσφάλειαν,
1178 1992 1243 2070 μηνί
1265 1995 1446 2074 σεπτεμβρίου
1470 1995 1494 2055 δ’
1516 2001 1539 2070 ί.

358 2121 374 2194 †
401 2113 485 2195 Εἶχε
514 2116 570 2177 ιιαί
599 2117 638 2176 δι’
659 2118 803 2197 ἐρυθρῶν
832 2118 1036 2196 γραμμάτων
1065 2123 1123 2192 τῆς
1154 2115 1336 2194 βασιλικῆς
1365 2117 1422 2176 καὶ
1453 2115 1541 2186 θείας

254 2240 370 2320 χειρδς
391 2241 439 2298 τά·
463 2239 629 2318 Στέφανος
650 2239 804 2319 κράλλης
827 2241 854 2314 †.

359 2401 502 2457 Ιοαπιιίάιε
517 2401 569 2457 Nr.
587 2404 615 2457 9.

723 2755 850 2823 XXIV.
879 2755 955 2821 Sine
977 2777 1071 2821 anno.

256 2944 318 2999 Rex
330 2942 483 3015 Stephanus
496 2941 596 2996 Ιλιίαιι
610 2941 749 3012 confimat
760 2941 927 2996 donationem
937 2941 1043 3010 factam
1056 2958 1075 2994 a
1085 2957 1181 3012 σιαριισ
1193 2941 1335 2996 domestico
1348 2941 1446 2996 Alexio
1457 2941 1540 2996 Raul.

257 3164 407 3247 Ἕτερον
436 3167 659 3246 πρόσταγμα
689 3162 748 3222 διά
777 3163 841 3236 τὴν
871 3167 951 3240 γῆν,
985 3164 1026 3236 ἣν
1057 3161 1221 3221 δέδωκεν
1248 3163 1263 3221 δ
1290 3164 1410 3240 μέγας
1437 3163 1541 3238 δομὲ-

732 3305 859 3356 στικος
885 3285 900 3340 θ
924 3284 1063 3343 Ῥαοθλ.

358 3466 375 3538 †
397 3459 475 3522 Ἐπεὶ
497 3463 512 3520 ὁ
535 3459 634 3531 οἰκεῖος
655 3456 702 3520 καί
723 3458 908 3537 περιλημὲνος
928 3463 960 3538 τῇ
982 3457 1109 3540 βασιλείᾳ
1125 3477 1185 3533 μου,
1211 3459 1299 3534 μέγας
1316 3457 1480 3533 δομέστιιιος
1494 3462 1540 3536 ιιῖιρ
1591 3455 1592 3528 ί

257 3580 382 3656 Ἀλέξιος
403 3585 418 3641 ὁ
441 3584 552 3656 Ῥαοθλ,
576 3582 655 3656 δι’ῆν
680 3575 736 3640 εἶδε
759 3579 939 3660 στενοχωρίαν
961 3585 1014 3658 γῆς
1038 3577 1077 3650 είς
1098 3581 1129 3638 το
1150 3578 1212 3658 περὶ
1235 3581 1282 3654 τὴν
1306 3579 1394 3658 Ζίχνα
1418 3585 1541 3659 μετάχιον

256 3713 306 3783 της
328 3703 476 3781 σεβασμίας
499 3703 643 3780 βασιλικῆς
666 3711 752 3781 μονῆς
773 3707 819 3764 τοῦ
840 3702 926 3778 τιμίου
943 3703 1102 3781 Προδράμσυ
1124 3705 1169 3762 τοῦ
1193 3703 1221 3762 ἐν
1243 3702 1282 3782 τῷ
1305 3703 1363 3782 θρει
1378 3707 1425 3764 τοῦ
1440 3705 1540 3764 Μενσι-

257 3829 329 3898 ιιέως
358 3829 388 3887 τδ
416 3825 455 3899 είς
477 3827 564 3903 θ’νυμα
585 3829 738 3902 τιμώμενον
761 3830 813 3884 τῶν
837 3825 1011 3902 Ἀσωμάτων,
1035 3820 1122 3904 οἰκείᾳ
1143 3820 1242 3906 γνώμη
1264 3822 1311 3884 καί
1335 3825 1428 3907 ἀγαθῇ
1449 3845 1541 3906 προαι-

257 3952 330 4032 ρὲσει
360 3948 474 4029 διέκρινε
500 3947 546 4009 καὶ
570 3947 676 4008 δέδωκε
697 3949 765 4027 πρδς
788 3948 851 4008 αὐτὸ
874 3947 919 4007 διὰ
937 3949 1099 4025 γράμματος
1114 3947 1194 4006 αὺτοῦ
1210 3948 1325 4027 μερικὴν
1340 3955 1405 4028 γῆν,
1429 3953 1541 4026 ψυχικῆς

258 4075 339 4134 ἕνεκα
369 4071 503 4152 σωτηρίας
531 4071 578 4131 καί
608 4071 776 4148 μνημοσθνου
803 4076 852 4145 τῆς
875 4065 1016 4143 βασιλείας
1039 4089 1090 4142 μου
1112 4066 1158 4126 καί
1182 4069 1270 4148 αὺτοῦ,
1306 4069 1423 4146 ἐζήτησε
1447 4069 1477 4130 δὲ
1499 4065 1541 4128 ναὶ
1591 4093 1592 4138 3

256 4195 431 4278 παρεκάλεσε
457 4194 583 4266 πλείονος
610 4195 691 4252 ἕνεκα
719 4191 758 4265 είς
784 4192 814 4252 τδ
842 4189 908 4266 ἑξῆς
934 4189 1084 4269 ἀσφαλείας
1111 4189 1158 4250 καὶ
1186 4190 1364 4265 βεβαιώσεως
1386 4197 1478 4271 τυχεῖν
1499 4187 1540 4251 καί
1591 4195 1592 4238 ἶ

256 4320 464 4399 προστάγματος
490 4322 539 4392 τῆς
569 4315 712 4388 βασιλείας
742 4333 793 4390 μου
822 4313 1007 4392 ἑπινυρυῦντυς
1029 4313 1077 4387 τὴν
1101 4314 1180 4372 αδτοϋ
1201 4312 1357 4394 προαίρεσιν
1380 4312 1428 4373 καί
1450 4309 1539 4394 πρᾶξιν

258 4441 363 4520 ἀγαθὴν
392 4439 435 4498 διά
461 4442 507 4498 τοῦ
535 4437 662 4518 ῥηθέντος
688 4438 851 4517 γράμματος
878 4435 967 4516 αυτοῦ,
997 4436 1045 4509 τὴν
1067 4435 1191 4512 τοιαθτην
1215 4435 1295 4496 αυτοῦ
1318 4430 1511 4522 [παράκλησιν]
1520 4435 1539 4509 ¹)

362 4699 383 4767 ¹)
401 4697 484 4769 πρᾶξιν
502 4701 524 4750 1.
