3166 5298
254 371 297 440 80

251 567 332 640 λείας
354 589 416 646 μου,
439 569 486 628 τού
506 570 639 649 πιγκέρνη
654 565 806 647 Συργιάννη
828 571 874 628 τού
890 563 1096 648 Παλαιολόγου,
1119 564 1160 627 δτι
1181 562 1228 628 καί
1249 567 1327 628 τοῦτο
1350 561 1481 643 βούλεται
1500 563 1544 626 καί

252 689 311 767 ἔχει
333 689 447 766 θέλημα
468 690 486 766 η
510 688 640 765 βασιλεία
661 709 723 768 μου,
746 688 791 748 ίνα
813 691 985 767 κατέχωνται
1006 691 1089 750 ταῦτα
1111 691 1200 748 πάντα
1220 688 1295 770 παρὰ
1310 693 1359 764 τῆς
1376 688 1544 765 δηλωθείσης

250 811 404 889 ἁγιωτάτης
426 810 624 890 μητροπόλεως
645 807 692 870 καί
714 809 896 880 δεσπόζωνται
920 807 1055 886 διηνεκῶς
1076 811 1141 891 παρ’
1151 811 1233 885 αὑτῆς
1255 807 1295 882 είς
1317 811 1363 870 τδν
1378 806 1446 885 ἑξῆς
1460 812 1545 868 πάντα

251 935 360 1012 χρόνον,
385 932 560 1012 εύρίσκωνται
581 930 613 992 δὲ
635 929 788 990 ταῦτακαὶ
810 928 850 1003 εἰς
872 935 962 991 πάσαν
984 929 1031 990 καί
1053 931 1182 992 παντοίαν
1205 926 1407 1009 άνενσχλησίαν
1428 929 1476 990 καὶ
1499 927 1545 1002 ἐξ·

249 1054 386 1115 καύσειαν.
410 1053 451 1113 ἔτι
473 1051 532 1114 ἐπεὶ
555 1053 583 1114 σί
604 1053 709 1113 ἔποικοι
730 1059 781 1129 της
802 1047 955 1114 θεοσώστου
977 1053 1089 1126 πόλεως
1107 1059 1160 1114 τῶν
1176 1051 1335 1114 Ἰωαννίνων
1350 1055 1487 1129 ἐζήτησαν
1500 1052 1545 1112 καί

249 1175 487 1256 παρεκλήτευσαν,
513 1174 558 1234 ίνα
580 1173 659 1234 οὑδὲν
682 1173 784 1256 ἐκδοθῇ
806 1176 825 1250 ἠ
847 1175 956 1251 τοιαύτη
979 1175 1060 1245 πόλις
1080 1174 1147 1236 ποτέ
1168 1174 1242 1256 παρά
1264 1179 1314 1251 τῆς
1334 1173 1479 1250 βασιλείας
1498 1194 1546 1250 μου

250 1296 319 1376 πρδς
341 1297 493 1375 Φράγγοις
513 1298 532 1370 ἡ
555 1297 624 1376 πρδς
646 1297 752 1369 ἄλλους
773 1296 848 1369 τινὰς
869 1302 923 1357 τῶν
946 1297 1083 1377 ἁπάντων,
1113 1292 1192 1358 ἀλλὰ
1214 1296 1368 1376 εὑρίσκηται
1391 1296 1487 1356 διόλου
1508 1294 1546 1365 είς

250 1419 281 1478 τύ
304 1419 457 1498 ἔμπροσθεν
480 1419 687 1492 άναπόσποιστος
709 1415 762 1480 άπδ
784 1425 834 1496 τῆς
856 1419 995 1499 ὑποταγῆς
1016 1425 1067 1496 τῆς
1089 1417 1233 1495 βασιλείας
1255 1437 1307 1493 μου
1328 1415 1376 1478 καὶ
1396 1416 1546 1498 ἀχάριστος

251 1537 298 1598 καί
324 1539 453 1617 ἡνωμένη
482 1539 552 1616 μετὰ
577 1545 627 1617 τῆς
653 1539 754 1618 λοιπῆς
775 1543 871 1620 χώρας
898 1538 945 1600 καί
967 1545 1020 1599 τῶν
1042 1541 1166 1622 κάστρων
1188 1544 1238 1616 τῆς
1260 1537 1405 1614 βασιλείας
1427 1558 1480 1613 μου
1501 1536 1546 1598 καί

251 1661 401 1739 κατέχηται
423 1664 499 1743 παρά
520 1682 551 1722 τε
573 1669 622 1738 τῆς
645 1661 789 1738 βασιλείας
812 1683 864 1738 μου
885 1660 933 1722 καί
954 1666 1009 1721 τῶν
1030 1661 1212 1742 κληρονόμων
1234 1658 1282 1720 καί
1304 1660 1443 1738 διαδόχων
1467 1661 1547 1734 αὑτῆς

253 1779 293 1854 είς
315 1783 361 1841 τ’σν
384 1780 450 1858 ἑξῆς
470 1785 559 1844 πάντα
580 1785 690 1864 χρόνον,
713 1782 761 1844 καὶ
782 1787 860 1844 τούτο
883 1783 988 1855 εύνοίας
1009 1781 1057 1843 καὶ
1080 1783 1246 1860 ὑποληψεως
1268 1781 1355 1842 αὑτῶν
1376 1783 1503 1862 καθαρᾶς
1516 1783 1545 1840 τό

252 1905 361 1978 ζήτημα
383 1904 555 1982 λογισαμένη
577 1907 596 1982 ἡ
620 1904 747 1980 βασιλεία
770 1925 832 1984 μου,
854 1901 903 1964 καί
923 1905 996 1966 κατὰ
1010 1906 1056 1964 τόν
1073 1903 1156 1980 αὑτῆς
1171 1903 1273 1964 σκοπὺν
1286 1899 1335 1962 καί
1348 1903 1398 1978 τὴν
1411 1903 1546 1982 πρόθεσιν,

252 2023 395 2098 δηλοποιεῑ
415 2023 463 2084 καί
484 2025 649 2103 ὑπισχνεῖται
672 2021 718 2086 διὰ
739 2029 786 2086 τού
806 2028 940 2106 παρόντος
960 2025 1169 2106 χρυσοβούλλου
1192 2025 1286 2104 αὑτῆς,
1309 2025 1372 2084 όσον
1394 2021 1442 2084 καί
1462 2021 1547 2103 χωρίς

251 2151 301 2222 τῆς
325 2145 412 2206 αὑτῶν
435 2148 575 2222 ζητήσεως
598 2149 691 2206 ἕνεκεν
713 2147 806 2206 τούτου
829 2141 890 2224 εἶχε
914 2145 1026 2220 βέβαιον
1048 2144 1095 2206 καὶ
1118 2147 1285 2222 ἀμετάθετον
1307 2146 1325 2220 ἠ
1349 2144 1478 2220 βασιλεία
1498 2163 1546 2218 μου

251 2264 299 2326 καί
321 2267 392 2326 κατὰ
414 2268 514 2328 σκοπόν
537 2269 620 2342 αὑτῆς
642 2267 804 2345 ἀσάλευτον,
828 2266 871 2326 ἵνα
893 2265 972 2328 οὑδὲν
995 2266 1139 2348 ένεργηθῇ,
1163 2266 1226 2326 οὑδὲ
1248 2263 1371 2347 ἀποδοθῇ
1391 2265 1436 2324 διὰ
1450 2265 1546 2325 σύδένα

251 2394 305 2448 τῶν
328 2389 453 2448 ἁπάντων
475 2390 572 2469 τρόπον
595 2389 613 2464 ἡ
636 2386 768 2468 εἰρημένη
791 2388 874 2461 πόλις
895 2394 949 2448 τῶν
972 2388 1131 2448 ’ίωαννίνων
1153 2387 1221 2467 πρός
1241 2407 1325 2464 τινας,
1354 2389 1407 2446 κᾶν
1430 2385 1457 2445 εί
1476 2407 1545 2456 τινες

252 2511 306 2588 άρα
331 2507 379 2568 καὶ
405 2505 470 2568 ὦσιν
496 2509 523 2569 σί
548 2513 670 2592 τοιοῦτον,
701 2513 752 2570 κάν
778 2509 873 2581 όποίας
900 2509 997 2589 μοίρας
1023 2507 1070 2569 καὶ
1096 2506 1212 2588 τάξεως,
1243 2507 1338 2583 ἐπειδὴ
1360 2505 1408 2566 καί
1430 2506 1545 2576 τελείως

252 2628 434 2705 ίδισπσιήσατο
460 2629 509 2704 τὴν
536 2631 659 2707 τοισάκιην
685 2631 764 2690 πόλιν
791 2631 809 2706 ἡ
838 2629 965 2706 βασιλεία
992 2651 1044 2704 μου
1070 2627 1118 2690 καί
1144 2628 1300 2708 ίδικύτερόν
1321 2649 1380 2699 πως
1403 2625 1443 2700 είς
1466 2627 1545 2701 αὑτὴν

253 2750 415 2810 διατίθεσθαι
442 2752 572 2831 προέθετο
601 2752 620 2828 ἡ
643 2750 771 2826 βασιλεία
801 2772 853 2825 μου
881 2750 929 2811 καί
954 2756 1043 2812 πᾶσαν
1071 2750 1198 2832 φροντίδα
1223 2750 1322 2826 ταύτης
1343 2751 1477 2810 ποιεῖσθαι
1499 2747 1544 2808 καὶ

252 2876 302 2948 τῆς
319 2877 459 2952 προκατης
482 2872 580 2947 ταύτης
602 2871 650 2931 καί
672 2874 826 2944 συστάσεως
847 2869 895 2932 καί
914 2871 1089 2947 βελτιώσεως
1104 2870 1151 2932 καὶ
1165 2871 1352 2952 φιλοστόργως
1366 2871 1545 2952 προσανέχειν

253 2994 319 3074 αύτη
345 2992 393 3052 καί
419 2992 490 3067 μετά
516 2991 629 3069 πολλῆς
654 2993 824 3073 γλυκύτητος
849 2990 896 3052 καί
925 2992 1082 3065 διαθέσεως.
1113 2992 1191 3052 ἀλλὰ
1214 2993 1268 3068 μὴν
1290 2990 1355 3052 οὑδέ
1377 2993 1470 3073 ἕτερον
1493 2990 1544 3050 άτιὺ

252 3121 305 3176 τῶν
332 3115 431 3176 άλλων
457 3116 580 3196 νάστρων
606 3119 660 3176 τῶν
682 3115 890 3196 προσελθόντων
912 3113 1012 3195 ἀρτίως
1034 3111 1074 3186 εἰς
1095 3113 1144 3189 τὴν
1166 3111 1373 3193 ὑποχειριότητα
1394 3117 1445 3188 τῆς
1467 3113 1544 3188 βασι-

252 3235 334 3307 λείας
355 3255 408 3312 μου
427 3239 447 3310 ἢ
469 3235 516 3296 καί
538 3243 593 3298 τῶν
614 3237 775 3314 μελλόντων
798 3235 925 3306 ὡσαύτως
948 3235 1002 3296 άπδ
1024 3241 1078 3296 τῶν
1101 3235 1190 3294 ἐκεῖσε
1206 3235 1309 3314 ἑτέρων
1323 3237 1447 3313 κάστρων
1461 3253 1544 3312 προσ-

254 3356 345 3418 ελθεῖν
372 3355 419 3416 καί
444 3359 570 3436 γενέσθαι
596 3363 646 3434 τῆς
673 3355 817 3432 βασιλείας
844 3376 896 3433 μου
925 3357 1070 3434 δοθήσεται
1094 3357 1162 3437 πρός
1195 3375 1254 3415 τινα
1275 3361 1329 3414 τῶν
1352 3356 1479 3416 ἁπάντων
1501 3351 1544 3412 καί

253 3483 301 3552 τῆς
327 3477 472 3554 βασιλικῆς
499 3475 625 3552 ἐξουσίας
651 3477 698 3538 καὶ
724 3475 863 3556 ὑποταγῆς
885 3479 1096 3554 ἀποκοπήσεται.
1132 3474 1180 3536 καί
1201 3481 1278 3536 τούτο
1301 3476 1375 3536 ἔσται
1397 3476 1544 3536 ἀσάλευτον

253 3597 348 3676 οὑτως,
371 3598 410 3670 ιύς
433 3598 462 3657 έν
484 3597 523 3677 τῷ
544 3599 654 3678 παρόντι
676 3597 877 3679 χρυσοβσύλλῳ
900 3598 1043 3675 δηλτποιεῖ
1064 3597 1228 3674 ηβσσιλεία
1247 3617 1308 3673 μου.
1326 3596 1423 3656 έτιίνα
1439 3595 1544 3656 οἱκατὰ

252 3719 363 3799 καιρούς
385 3718 540 3794 μέλλοντες
560 3719 784 3798 κεραλατικεύειν
807 3718 847 3791 είς
868 3721 918 3796 τὴν
940 3719 1086 3800 εἰρημένην
1107 3721 1188 3782 πόλιν
1209 3724 1264 3778 τῶν
1288 3717 1449 3778 ’ίωαννίνων
1471 3719 1543 3779 ούδὲν

254 3841 354 3918 ἔχωσιν
376 3841 452 3914 όλως
473 3837 569 3902 άδειαν
591 3839 742 3918 ἑκβαλλειν
764 3839 812 3902 καί
834 3843 996 3917 μετοικίζειν
1019 3842 1077 3902 τινὰ
1097 3844 1226 3922 μικρδνη
1244 3843 1332 3920 μέγαν
1348 3840 1403 3900 ἀπό
1417 3843 1472 3900 τῶν
1489 3836 1543 3899 ἐποί

252 3981 309 4021 κων
337 3961 419 4037 ουἀῆς
445 3959 492 4025 καί
518 3961 648 4041 ἀλλαχοῦ
670 3964 807 4023 κατοικεῖν
834 3964 923 4043 αὑτόν,
952 3962 976 4022 εί
999 3967 1037 4040 μή
1060 3983 1120 4036 πως
1142 3965 1221 4035 αὑτός
1243 3964 1349 4043 θελήσῃ
1372 3961 1480 4022 οίκοθεν
1502 3957 1543 4022 καί

252 4083 400 4166 προαιρεθῇ
417 4079 540 4156 ἐξελθεῖν
554 4082 602 4143 καί
617 4089 775 4161 μετοικῆσαι
791 4083 929 4163 όλλαχού.
950 4087 996 4145 τόν
1012 4085 1181 4164 όναρανέντα
1195 4084 1227 4145 δὲ
1243 4084 1454 4165 δημοταράκτην
1471 4085 1543 4143 αὑτὸν

252 4203 299 4264 καί
327 4207 409 4280 μόνον
436 4205 541 4284 όρείλει
568 4205 643 4284 ἔχειν
670 4207 765 4267 άδειαν
792 4207 810 4280 ἡ
839 4204 968 4286 είρημένη
995 4207 1104 4286 κεφαλὴ
1133 4206 1284 4280 ἐκβάλλειν
1306 4204 1354 4266 καί
1376 4205 1543 4280 ἀποπέμπειν

254 4324 306 4384 άπδ
334 4330 384 4401 τῆς
411 4323 558 4406 εἰρημένης
583 4325 704 4406 πόλεως,
738 4327 834 4401 ἐπειδὴ
861 4324 1006 4388 καὶτοῦτο
1029 4328 1131 4403 μέλλει
1153 4325 1293 4408 προξενεῖν
1316 4327 1345 4387 ἐν
1368 4325 1436 4408 αὑτῃ
1458 4327 1543 4386 κατά-

253 4465 344 4506 στασιν
368 4443 504 4527 είρηνικὴν
525 4445 573 4506 καί
595 4447 722 4523 εὑνομίαν
743 4449 791 4524 τὴν
813 4451 977 4529 πρέπουσαν,
1003 4451 1217 4529 προηγουμένως
1239 4449 1290 4526 μὲν
1312 4449 1383 4510 κατὰ
1404 4451 1454 4524 τὴν
1477 4449 1542 4508 άπα-

254 4567 342 4645 δοχὴν
363 4571 410 4627 τοῦ
431 4567 504 4648 θεοῦ,
528 4567 621 4628 ἔπειτα
643 4568 674 4628 δὲ
696 4569 768 4628 κατά
790 4569 838 4644 τὴν
860 4569 973 4646 θέλησιν
994 4569 1042 4630 καί
1064 4568 1153 4650 όρεξιν
1176 4577 1226 4646 τῆς
1242 4569 1386 4645 βασιλείας
1408 4591 1475 4646 μου·
1500 4570 1542 4631 ἐὰν

252 4684 307 4770 γάρ
330 4688 497 4768 θναηύωνται
518 4687 565 4748 καί
588 4689 762 4769 εύρίοκωνται
784 4686 823 4760 είς
844 4691 893 4764 τὴν
916 4693 1002 4766 μέσην
1025 4691 1112 4750 αὑτῶν
1134 4687 1248 4752 ἄτακτοι
1268 4697 1381 4753 τοιοῦτον
1395 4692 1443 4752 καί
1457 4693 1542 4771 όχλο-
