3486 5282
318 329 382 392 216

319 523 520 602 ἀναγκαιοτάτη
548 523 734 596 καθέστηκεν·
765 524 818 582 ὅσοι
842 521 896 602 γάρ
925 527 1061 582 συνιστώσι
1087 522 1136 598 τὴν
1164 522 1304 596 εύσέβειαν
1330 520 1377 582 καὶ
1402 523 1451 598 τἠν
1479 527 1528 582 τού
1557 523 1626 582 θεοῦ

319 644 441 725 καθαρὰν
469 643 598 724 λατρείαν
625 643 854 725 χαρακτηρίζουσι
879 643 926 704 καὶ
951 650 1040 704 πᾶσαν
1069 644 1168 725 ἀρετήν
1190 643 1236 704 καὶ
1259 643 1425 724 θεογνωσίαν
1447 644 1512 716 τούς
1532 663 1626 719 μυου-
1663 643 1664 708 ζ

321 767 420 842 μένους
442 763 628 826 ἐκδιδάσκουσι
649 764 697 825 καὶ
718 767 767 841 τὴν
789 772 843 826 τῶν
865 765 959 844 ψυχῶν
981 766 1115 847 σωτηρίαν
1139 767 1368 847 ἐπιβραβεύουσιν,
1392 766 1422 826 ἐν
1441 767 1549 839 τούτοις
1565 769 1626 838 τοῖς
1663 801 1664 808 1

321 887 404 970 ἱεροῖς
434 889 592 966 σκηνώμασι
624 887 817 969 διενεργεῖσθαι
847 887 984 967 ὀφείλουσι
1007 886 1054 948 καὶ
1084 888 1329 969 διεκπεραιούσθαι·
1359 889 1442 970 ταύτῃ
1464 909 1507 948 τοι
1530 886 1582 947 καὶ
1606 890 1624 961 ἡ

321 1011 420 1070 τούτων
449 1008 566 1087 διαδοχὴ
589 1007 636 1070 καὶ
659 1013 816 1089 συντήρησις
839 1010 925 1082 ζέοντι
946 1011 1021 1089 πόθῳ
1044 1010 1178 1089 φιλοθέως
1201 1010 1334 1070 ἀνέκαθεν
1357 1009 1542 1080 ἐσπουδάζετο
1565 1011 1625 1080 τοῖς
1663 1013 1664 1054 ἓ

322 1133 513 1211 εύσιγγελικῶς
532 1131 746 1213 ’προϊσταμένοις
775 1136 821 1190 τού
844 1129 988 1211 όρθοδόξευ
1010 1132 1090 1212 λαοῦ,
1118 1129 1165 1192 καὶ
1187 1135 1204 1208 ἡ
1228 1129 1328 1192 τούτων
1351 1132 1475 1204 σύντονος
1499 1133 1626 1211 μέριμνα
1663 1115 1664 1180 Ῐ

321 1252 368 1314 καὶ
398 1252 503 1332 φροντὶς
525 1256 555 1313 ού
586 1253 694 1313 διέλιπέ
715 1274 781 1314 ποτε
804 1252 995 1334 ἀπαραιτήτως
1018 1253 1213 1336 ἐνεργουμένη·
1243 1251 1291 1314 καὶ
1312 1254 1366 1334 γάρ
1389 1254 1549 1334 ἀπρονόητα
1574 1253 1624 1313 ἑν-

324 1376 507 1452 απομείναντα
537 1374 584 1436 καί
611 1382 660 1452 τῆς
687 1377 875 1457 προσηκούσης
896 1375 1064 1452 κηδεμονίας
1087 1377 1256 1458 ἐστερημένα
1279 1374 1318 1449 εἰς
1340 1375 1440 1456 φθορὰν
1461 1377 1623 1456 παρεκτρέ-

322 1519 401 1558 πεται
423 1502 471 1558 καὶ
493 1498 563 1572 κατὰ
586 1499 680 1580 μικρόν
704 1496 818 1575 ἐξίτηλα
839 1497 942 1577 γίνεται
964 1497 1011 1559 καὶ
1032 1498 1071 1578 τῷ
1085 1505 1138 1558 τών
1154 1497 1307 1580 ὀρθοδόξων
1321 1499 1488 1580 πληρώματι
1504 1501 1622 1576 μεγάλη

324 1620 417 1698 βλάβη
448 1619 495 1680 καὶ
525 1620 609 1696 ζημία
637 1619 833 1700 προστρίβεται.
869 1620 910 1681 διό
939 1619 986 1682 καὶ
1014 1622 1032 1696 ἠ
1064 1623 1207 1702 μετριότης
1229 1623 1317 1704 ἡμῶν,
1340 1621 1412 1680 κατὰ
1434 1620 1510 1680 θείαν
1534 1625 1623 1680 νεῦσιν

323 1743 385 1815 τούς
414 1743 609 1817 πνευματικούς
639 1741 736 1814 οἴακας
766 1747 812 1803 τού
841 1742 990 1820 παγκοίνου
1020 1745 1137 1822 σκάφους
1161 1743 1398 1824 ἐγκεχειρισμένη,
1428 1745 1458 1803 ού
1482 1742 1622 1802 διαλείπει

324 1865 510 1942 ἀποδέχεσθαι
541 1865 662 1940 εύμενώς
690 1864 752 1936 τὰς
770 1865 905 1944 θεοφιλεῖς
935 1863 1055 1940 αἰτήσεις
1083 1865 1135 1937 τάς
1164 1865 1230 1946 ὑπὲρ
1252 1871 1305 1926 τῶν
1329 1865 1408 1946 ἱερῶν
1431 1868 1622 1941 σκηνωμάτων

324 1989 471 2067 γινομένας
495 1984 538 2046 ἐπὶ
560 1985 599 2066 τῷ
621 1984 868 2066 κατασφαλίζεσθαι
891 1987 973 2059 αύτάς
995 1985 1041 2046 καὶ
1065 1987 1250 2068 ἐπικυροῦσθαι
1273 1985 1314 2059 εἰς
1337 1986 1469 2064 διαμονὴν
1492 1985 1541 2047 καὶ
1558 2008 1621 2046 συν-
1663 2037 1664 2042 ,

324 2110 434 2189 τήρησιν
463 2114 517 2168 τῶν
545 2107 624 2189 ἱερῶν
652 2108 850 2188 καταγωγίων·
881 2109 927 2169 καὶ
950 2109 1004 2189 γὰρ
1025 2110 1226 2190 προσεκομίσθη
1248 2112 1313 2186 ἡμῖν
1336 2107 1383 2172 καί
1404 2111 1479 2192 πόση
1501 2113 1537 2190 τῇ
1560 2107 1622 2187 περὶ

324 2235 399 2308 ἡμᾶς
428 2231 591 2309 ἀδελφότητι
621 2229 668 2290 καὶ
698 2231 764 2313 άγίφι
794 2231 896 2310 συνόδῳ
923 2233 953 2290 ἐν
979 2233 1174 2312 πατριαρχικόν
1201 2230 1248 2292 καὶ
1275 2231 1415 2293 συναδικόν
1442 2231 1623 2310 σιγιλλιῶδες

325 2357 453 2435 γράμμα,
478 2353 591 2414 ἐκδοθὲν
615 2351 658 2414 ἐπὶ
680 2355 725 2412 τοῦ
747 2355 919 2433 προκατάχου
940 2355 1019 2429 ήμῶν
1039 2353 1110 2414 κατὰ
1124 2355 1154 2413 τό
1169 2353 1363 2434 παρεληλυθός
1377 2354 1515 2433 χιλιοστόν
1533 2355 1620 2412 ἑπτα-

326 2477 464 2538 κοσιοστόν
487 2475 671 2556 ὀγδοηκοστόν
695 2477 773 2536 ἐκτον
796 2463 927 2558 σωτήριον
950 2477 1020 2557 έτος,
1042 2475 1114 2536 κατά
1134 2483 1208 2554 μῆνα
1223 2475 1334 2554 ἰούλιον,
1358 2477 1558 2552 ἐπινειμήσεως
1573 2498 1620 2536 τε-

326 2601 435 2679 τάρτης,
458 2601 597 2679 περιέχον,
624 2600 664 2659 ότι
686 2599 716 2658 τό
737 2597 808 2658 κατά
829 2598 878 2674 τὴν
902 2599 1035 2679 ἐπαρχίαν
1058 2599 1241 2674 Χαλκηδόνος
1265 2599 1293 2658 ἐν
1316 2605 1349 2682 τῇ
1371 2601 1445 2678 νήσῳ
1468 2599 1622 2679 Ἀντιγόνου

327 2723 452 2796 κείμενον
479 2720 551 2799 ἱερόν
573 2717 620 2780 καί
643 2717 791 2796 σεβάσμιον
815 2722 1003 2800 μοναστήριον,
1034 2722 1188 2796 τιμώμενον
1212 2721 1256 2780 ἐπ’
1269 2721 1381 2796 ὀνόματι
1402 2724 1448 2781 τού
1471 2721 1550 2800 άγίου
1575 2721 1621 2781 ἐν-

328 2840 407 2915 δόξου
423 2841 669 2924 μεγαλομάρτυρος
681 2841 826 2924 Γεωργίου,
843 2841 868 2902 σί
882 2845 1012 2923 χρήσιμοι
1028 2843 1192 2924 μαγίστορες
1206 2847 1252 2902 τού
1268 2843 1404 2922 βσυφετίου
1418 2849 1472 2902 τῶν
1484 2844 1620 2919 καπήλων

326 2971 379 3026 τῶν
410 2964 593 3026 δουλευόντων
624 2963 652 3022 ἐν
678 2969 712 3046 τῇ
741 2963 920 3048 βασιλευούσῃ
951 2969 1004 3024 τών
1031 2962 1141 3026 πόλεων
1167 2960 1239 3025 κατὰ
1264 2965 1294 3024 τδ
1325 2966 1475 3044 Φανάριον,
1509 2964 1619 3040 δηλαδὴ

326 3088 474 3164 Τζουπαλῆ
490 3085 536 3148 καὶ
550 3087 668 3148 Παλαιά
682 3085 728 3146 καὶ
740 3087 963 3148 Κοντοσκάλλιον
978 3085 1025 3148 καὶ
1038 3087 1225 3164 Ὑψωμοιθεῑα,
1247 3089 1320 3148 θεῖον
1336 3087 1420 3162 ζῆλον
1433 3086 1619 3161 ἀναλαβόντες

326 3213 533 3292 περιποιήσαντσ
557 3211 619 3271 αύτό
642 3208 688 3270 καὶ
711 3209 760 3269 ούκ
782 3208 892 3289 ὀλίγους
915 3209 1025 3288 ἀγῶνας
1047 3209 1203 3285 κατέβαλον
1228 3207 1267 3282 εἰς
1286 3209 1432 3286 ἀνάκτησιν
1449 3211 1538 3271 αύτού.
1572 3216 1616 3268 τοῦ

328 3334 359 3395 δέ
382 3338 482 3394 σκοπού
505 3335 590 3394 αύτῶν
614 3334 652 3409 μὴ
676 3331 715 3403 είς
738 3331 848 3407 ἔκβασιν
873 3331 1001 3404 ἐλθόντος
1019 3331 1154 3414 ᾐτήσαντο
1171 3331 1318 3412 ἐνθερμώς,
1342 3337 1487 3392 συνενῶσαι
1503 3333 1565 3392 αύτό
1579 3331 1615 3410 τῷ

327 3456 398 3516 κατὰ
424 3457 473 3531 τήν
496 3456 706 3532 Πελοπόννησον
733 3456 851 3534 κειμένῳ
880 3453 943 3536 ἱερῷ
966 3456 1092 3534 ἡμετέρην
1114 3451 1301 3536 πατριαρχικῷ
1323 3451 1370 3514 καὶ
1393 3455 1615 3535 σταιροπηγιακαξι

329 3577 500 3659 μοναστηρίῳ
523 3585 571 3654 τῆς
593 3576 742 3656 ύπεφαγίας
766 3576 909 3654 δεσποίνης
930 3578 1009 3654 ἡμῶν
1025 3577 1162 3657 θεοτόκου,
1184 3580 1231 3637 τού
1246 3577 1382 3655 Μεγάλου
1398 3575 1539 3652 Σπηλαίου
1555 3578 1613 3638 ἐπι-

327 3701 505 3780 κεκλημένῳ,
530 3697 569 3772 είς
591 3699 724 3758 ἀνάσωσιν
748 3699 825 3758 αύτοῦ
847 3697 894 3758 καί
917 3697 1022 3777 ἀγαθὴν
1045 3700 1218 3778 κατάστασιν,
1243 3698 1383 3777 ἐνοριακού
1403 3699 1496 3774 μέντοι
1510 3701 1613 3776 τυγχά-

328 3843 428 3894 νοντος.
467 3820 514 3882 καὶ
545 3821 578 3896 δὴ
601 3821 650 3896 τὴν
681 3821 823 3901 ἀφιέρωσιν
846 3823 933 3882 αύτῶν
959 3821 1057 3896 ταύτην
1080 3819 1281 3896 ἀποδεξάμενοι
1308 3819 1332 3881 οί
1355 3824 1401 3880 τού
1422 3827 1613 3902 πατριαρχικοῡ

327 3945 406 4020 ήμῶν
433 3940 480 4004 καί
507 3946 740 4023 σταυροπηγιακού
766 3941 947 4024 μοναστηρίου
974 3944 1115 4004 όσιώτατοι
1141 3943 1268 4022 πατέρες,
1299 3944 1348 4003 ούκ
1374 3943 1486 4022 ὀλίγους
1509 3944 1613 4023 ἀγῶνας

327 4065 534 4140 καταβαλόντες
560 4067 785 4144 περιεποιήσαντο
811 4066 878 4146 πρός
905 4063 1014 4140 αύξησιν
1036 4057 1084 4125 καί
1106 4063 1249 4149 βελτίωσιν
1273 4067 1361 4124 αύτού.
1408 4064 1531 4124 ἀλλ’ἵνα
1553 4065 1611 4124 δια-

328 4190 398 4271 μένῃ
421 4187 474 4248 ἀιτό
495 4187 573 4248 τοῦδε
595 4186 642 4247 καὶ
665 4185 705 4259 εἰς
726 4189 757 4247 τό
780 4185 845 4262 ἑξῆς
867 4187 1045 4266 ἀναφαίρετον
1067 4185 1114 4246 καί
1135 4186 1339 4248 αἰναπόσπαστον
1357 4187 1409 4246 ἀπό
1425 4191 1472 4246 τού
1485 4207 1610 4268 πατριάρ-

327 4316 407 4390 χικοῦ
428 4309 508 4388 ἡμῶν
532 4309 634 4370 ἐκείνου
658 4309 836 4390 μοναστηρίου
851 4314 897 4370 τού
913 4309 1048 4388 Μεγάλου
1064 4309 1215 4384 Σπηλαίου,
1240 4306 1405 4391 ἐξῃτήσαντο
1422 4308 1609 4387 ἀναδειχθῆναι

251 4471 255 4478 -
329 4434 375 4496 καὶ
389 4439 465 4495 τούτο
480 4436 614 4515 ἡμέτερον
628 4435 823 4515 πατριαφχικόν
838 4432 884 4494 καὶ
901 4433 1142 4513 σταυροπηγιακόν,
1159 4432 1314 4512 ἐλεύθερον,
1331 4430 1495 4510 ἀδούλωτον,
1512 4431 1609 4491 ἀκατα-

327 4561 445 4635 πάτητον
475 4556 521 4618 καί
552 4555 754 4638 ἀνεπηρέαστον
783 4553 830 4617 καὶ
860 4555 987 4616 ἀσύδοτον
1018 4553 1064 4614 καί
1090 4556 1176 4631 πάντη
1205 4554 1390 4633 ἀνενόχλητον
1416 4553 1491 4633 παρὰ
1518 4555 1610 4626 παντός

327 4683 470 4763 προσώπου
497 4680 646 4761 ἱερωμένου
668 4677 714 4738 καὶ
735 4681 845 4760 λαϊκοῦ,
875 4678 1015 4754 ἡνωμένον
1039 4677 1071 4738 δὲ
1093 4680 1111 4752 ἢ
1133 4677 1348 4758 προσηλωμένον
1371 4675 1409 4754 τῷ
1431 4677 1609 4758 πατριαρχικῷ
