3246 5288
243 325 307 390 420

239 517 264 578 εἰ
279 518 332 600 γόιρ
349 517 395 579 καί
412 518 600 595 ἐπιμελεῖσθαι
623 520 711 578 αύτῶν
734 519 779 578 διὰ
794 519 842 594 τὴν
863 519 979 596 ἐντολὴν
1001 518 1201 599 ἐντελλόμεθα,
1225 518 1293 580 ἀλλ’
1307 519 1366 598 οίνχὶ
1380 518 1423 578 καὶ
1435 527 1535 600 τριφσῖν

240 641 335 712 αύτούς
357 645 588 721 παραχωρούμεν,
612 641 836 717 συνεσταλμένως
859 639 889 699 δὲ
913 641 1024 716 μᾶλλον
1047 639 1165 716 ζῆνκαὶ
1188 643 1226 713 ὡς
1249 641 1293 701 δεῖ
1308 641 1368 714 τούς
1389 644 1535 719 μσναχσύς,

235 763 280 822 ἵνα
306 761 353 822 καὶ
376 761 450 822 αύτοί
472 764 517 822 τδν
539 769 589 840 τῆς
611 761 750 838 ὑπομονῆς
779 764 883 843 μισθόν,
911 763 941 822 δν
963 764 981 838 ή
1005 764 1130 844 στέρησις
1151 769 1205 823 τῶν
1232 759 1359 846 όρέξεων,
1379 762 1423 822 καὶ
1444 765 1460 837 ή
1480 771 1537 838 τῆς

237 883 402 964 ἀρρωστείας
426 883 570 965 δυσχέρεια
591 881 732 966 προξενεῖν
756 885 846 956 αύτσῖς
869 885 981 966 μέλλει,
1006 885 1039 944 ἐκ
1061 886 1124 945 θεσύ
1147 885 1349 946 ἀπολαύσωσιν.

342 1005 394 1077 κζ’.
419 1004 498 1065 Ἐπεί
514 1005 593 1088 δέτῇ
617 1011 663 1066 τού
685 985 748 1066 θεοῦ
764 1005 877 1088 προνοίᾳ
892 1006 1001 1087 ἀρρήτῳ
1015 1004 1063 1066 καί
1081 1011 1131 1083 τῆς
1154 1003 1282 1086 ἀσπόρως
1306 1007 1385 1066 αθτδν
1406 1007 1536 1080 τεκούσης

239 1129 326 1207 ἁγνῆς
355 1129 521 1207 θεομήτορος
550 1127 601 1213 καὶΙ
627 1130 737 1202 κτήσεις
766 1127 837 1199 τινὲς
867 1126 987 1204 ἀκίνητοι
1016 1127 1203 1204 ἐπενοήθησαν
1217 1125 1240 1210 ¹)
1267 1133 1301 1210 τή
1333 1133 1413 1209 μονή,
1443 1129 1534 1206 ῶσπερ

197 1228 202 1238 ⁸
240 1250 346 1308 ἄνωθεν
379 1248 494 1330 εἴρηται,
524 1247 571 1308 καί
595 1249 638 1310 δεῖ
667 1251 766 1310 τούτων
778 1246 803 1334 ²)
834 1250 979 1330 φροντίζειν
1009 1251 1054 1309 τδν
1082 1255 1237 1330 προεστῶτα
1260 1247 1306 1309 καί
1333 1251 1536 1330 παρατηρητέον

239 1370 311 1450 αύτῷ
337 1371 371 1430 τδι
398 1369 439 1443 εἰς
466 1371 586 1452 δύναμιν,
615 1370 720 1444 ὁποίους
731 1371 755 1454 ³)
780 1367 850 1432 εῖναι
873 1370 915 1431 δεῖ
936 1371 998 1444 τούς
1020 1370 1061 1444 εἰς
1082 1372 1130 1448 τὴν
1152 1373 1252 1432 τούτων
1274 1373 1402 1452 πρόνοιαν
1423 1392 1534 1448 πεμπο-Ι

238 1494 337 1566 μένους
367 1492 512 1572 ἀδελφούς,
545 1492 674 1566 εὐλαβεῖς
704 1493 832 1568 δηλονότι
859 1491 905 1554 καί
932 1496 1073 1574 σώφρονας
1099 1491 1146 1553 καὶ
1173 1492 1304 1574 γηραιούς
1332 1491 1372 1566 εἰς
1400 1494 1478 1570 όταν,
1508 1490 1534 1550 εἰ

238 1614 359 1694 δυνατόν,
387 1613 434 1673 καί
461 1617 529 1694 πρός
554 1615 588 1674 τὰ
614 1617 687 1700 ποίθη
715 1615 827 1694 νεκρούς
855 1615 899 1675 διὰ
926 1615 975 1688 τὰς
1003 1620 1048 1675 τού
1071 1614 1174 1694 Βελίαρ
1198 1615 1358 1689 ἐπιβουλαῖς.
1403 1615 1531 1690 κοσμικόν

238 1733 269 1794 δὲ
303 1735 441 1796 διακονίαν
470 1737 594 1812 τοιαύτην
624 1737 682 1796 τινόι
711 1742 762 1813 τῆς
796 1743 883 1813 μονῆς
914 1737 1112 1816 ἐγχειρίζεσθαι
1143 1735 1192 1796 ούκ
1223 1736 1358 1816 ἐπιτρέπω
1390 1737 1452 1796 ἄνευ
1481 1743 1534 1794 τῶν

238 1857 367 1935 γηπόνων
384 1855 445 1917 ’καί
471 1865 525 1917 τῶν
551 1859 746 1934 ποιμαινόντων
757 1857 782 1940 ⁴)
808 1859 843 1918 τὰ
872 1860 1025 1939 θρέμματα.
1072 1855 1095 1917 εί
1123 1857 1148 1917 δ’
1164 1855 1230 1929 ἴσως
1256 1855 1298 1932 εἴη
1329 1857 1466 1933 ἐπίκτησις
1495 1855 1532 1930 μὴ

238 1979 473 2060 πλησιόζουσατή
498 1986 578 2061 μονῇ,
602 1977 748 2040 ἀλλὰκαὶ
771 1980 888 2058 ψυχικήν
912 1981 1015 2058 ἔχουσα
1038 1979 1157 2058 βλάβην,
1180 1979 1228 2054 τὴν
1251 1979 1376 2056 τοιαύτην
1400 1978 1534 2058 ἐπιτρέπω

238 2100 351 2176 δοθῆναι
367 2099 410 2160 ἐπί
427 2103 558 2180 συμφώνῳ
574 2104 591 2175 ή
608 2099 831 2181 ἀνταλλάγματι,
854 2101 1051 2180 πλησιέστερον
1068 2101 1169 2179 ἔχουσα
1184 2100 1202 2174 ἡ
1219 2099 1289 2176 μονὴ
1299 2093 1300 2096 “
1312 2099 1361 2175 τήν
1385 2100 1533 2174 ἀνήκουσαν

237 2224 376 2297 ποσότητα
391 2227 439 2296 τῆς
462 2220 576 2300 εἰσόδου,
599 2218 648 2295 τὰς
672 2223 703 2282 δέ
726 2225 851 2295 τοιαύτας
875 2223 1027 2298 ἐπικτήσεις
1049 2221 1096 2282 καὶ
1118 2218 1319 2303 πλησιεστέρας
1343 2221 1534 2296 ἀνεκποιήτσυς

239 2338 309 2402 εἶναι
343 2342 501 2418 βουλόμεθα
529 2346 684 2404 παντάπασι
713 2343 759 2404 καί
789 2345 996 2425 ἀναφαιρέτους,
1029 2345 1104 2423 παρὰ
1138 2343 1256 2419 μηδενός
1286 2344 1485 2425 ἀφαιρουμένας
1514 2346 1531 2417 ή
1604 2395 1605 2412 ,

240 2465 437 2539 έκπσιουμένας
463 2465 529 2524 ποτὲ
556 2468 587 2524 τό
614 2465 726 2525 σύνολον
753 2465 839 2544 χωρίς
865 2469 925 2538 ταῖς
953 2465 1080 2544 ἐχούσαις
1103 2470 1196 2543 ψυχῶν
1220 2465 1339 2542 βλάβην,
1369 2464 1462 2548 ἐπεὶί)
1486 2462 1531 2524 καί

238 2589 338 2659 ταύτας
361 2585 386 2646 σί
408 2587 574 2668 φιλόχριστοι
596 2587 643 2647 καί
665 2589 746 2663 ήμεῖς
770 2585 969 2664 ἐξωνησάμεθσι
990 2586 1037 2648 καὶ
1061 2587 1302 2664 ἐπεκτησάμεθαθ)
1327 2587 1398 2662 μετὰ
1420 2586 1531 2647 πολλῶν

239 2711 332 2768 κόπων
358 2707 405 2766 καί
435 2706 537 2780 ἐξόδων
564 2707 611 2768 καί
636 2709 681 2769 διὰ
702 2710 802 2788 τροφὴν
825 2707 872 2770 καί
893 2709 1061 2790 περιποίησιν
1083 2681 1137 2770 τῶν
1160 2709 1335 2784 ἀσκουμένων
1358 2707 1530 2786 συνοιδελφῶν

238 2832 327 2906 ήμῶν.
364 2827 411 2889 καί
433 2831 448 2888 ό
471 2831 570 2890 τούτων
592 2851 617 2890 τι
640 2831 865 2906 ἀποκτησσίμενος
888 2834 906 2906 ή
930 2831 1124 2912 ἀφσρισόμενος
1147 2830 1191 2890 διὰ
1213 2833 1343 2912 πρόφασιν
1370 2829 1530 2906 σίανδήτινα,

238 2952 276 3032 τῷ
304 2959 352 3028 τῆς
381 2951 534 3032 ἱεροσυλίας
561 2953 732 3012 ύποπεσεῖται
754 2955 862 3024 ποίντως
886 2952 1043 3031 ἐγκλήματι
1065 2951 1112 3012 καί
1135 2955 1195 3024 ταῖς
1219 2951 1262 3012 ἐπὶ
1284 2953 1385 3012 τούτων
1409 2951 1531 3028 νσμίμαις
1603 3011 1604 3036 3

170 3066 174 3074 ’
239 3075 360 3146 εύθύναις
381 3073 469 3154 χωρίς
490 3070 561 3159 [ταῖς
585 3069 723 3158 ἐχούσαις]
731 3075 754 3150 ⁷)
777 3078 870 3152 ψυχῶν
894 3073 1014 3150 βλοίβην.

341 3193 397 3270 κη’.
430 3195 533 3254 Λοιπόν
563 3194 610 3254 καὶ
639 3197 706 3276 πρός
733 3191 767 3254 τὰ
795 3194 874 3254 ἀλλα
899 3195 945 3253 τόν
971 3195 1057 3274 λόγον
1085 3192 1156 3256 ἰτέον
1183 3191 1230 3254 καὶ
1255 3193 1371 3254 λεκτέον
1398 3193 1446 3254 καί
1472 3191 1529 3274 περὶ

239 3315 351 3376 ἐκείνων
383 3289 587 3394 ἐνδεχομένως,
618 3315 680 3395 περί
709 3337 738 3376 τε
769 3321 822 3374 τῶν
852 3315 1029 3396 συναδελφῶν
1059 3316 1138 3392 ήμῶν
1166 3324 1221 3375 τῶν
1252 3315 1281 3375 ἐν
1311 3313 1350 3394 τῷ
1381 3315 1530 3397 ἀρτοκοπίῳ

239 3439 395 3498 κοπιώντων
404 3435 440 3521 8),
467 3439 516 3513 τήν
544 3439 650 3497 ἅπασαν
678 3435 842 3497 ἀκολουθίαν
869 3435 916 3496 καί
939 3437 1034 3509 αύτούς
1057 3436 1250 3518 ἐκπληρωτέον
1272 3435 1320 3497 καί
1343 3435 1381 3514 μὴ
1407 3437 1530 3514 ματαίαις

237 3559 494 3639 προσασχολούντας
521 3561 581 3631 ταῖς
607 3557 742 3633 ὁμιλίαις·
771 3557 851 3618 εἴωθε
877 3557 931 3638 γόιρ
958 3563 1035 3618 τούτο
1064 3558 1092 3618 ἐν
1119 3561 1179 3632 ταῖς
1206 3557 1381 3619 συνελεύσεσι
1403 3559 1528 3638 γίνεσθαι.

239 3679 350 3756 δοθῆναι
378 3679 409 3739 δέ
437 3679 631 3754 διακελεύομαι
658 3681 724 3760 πρδς
746 3680 808 3752 τούς
830 3685 982 3752 κοπιῶντας
1005 3680 1141 3759 ἀδελφούς
1163 3675 1235 3742 οἶνον
1259 3681 1388 3760 εύλογίαν
1411 3683 1442 3740 τό
1463 3680 1528 3740 κατὰ

239 3803 351 3878 σύνηθες
379 3801 519 3878 διδόμενον
547 3799 664 3880 έξσῖγιον.
710 3800 788 3861 ἀλλὰ
815 3802 857 3862 δεῖ
885 3803 1025 3881 ἐπιφωνεῖν
1052 3799 1099 3862 καί
1124 3802 1186 3873 τούς
1215 3802 1245 3862 έν
1267 3801 1420 3883 ἐργοχείριρ
1444 3803 1526 3880 ὄντας,

237 3927 283 3988 τόν
310 3945 345 3992 τεΙ
368 3925 540 4004 σκυτοτόμον,
567 3923 629 3996 τούς
656 3925 785 3993 τέκτονας
812 3922 859 3984 καί
884 3925 1012 4002 χαλκέας
1039 3927 1085 3984 τού
1113 3925 1152 4000 μὴ
1179 3924 1358 4004 ουνέρχεσθαί
1384 3943 1460 3998 τινας
1480 3931 1529 3984 τῶν

238 4045 426 4126 ἀφελεστέρων
454 4045 582 4126 ἀδελφῶν
609 4043 694 4126 χωρίς
721 4051 769 4120 τῆς
795 4049 842 4104 τού
868 4050 1038 4125 προεστῶτος
1062 4043 1203 4124 είδήσεως,
1230 4045 1277 4105 καί
1299 4045 1528 4126 προσασχολοῖντσ

239 4164 278 4237 εἰς
301 4167 469 4247 σίργσλογίας
491 4165 539 4226 καί
561 4164 601 4238 εἰς
624 4165 822 4246 αἰσχρολογίας
845 4166 1030 4248 ἐκτρέποιντο·
1060 4167 1093 4227 ἐκ
1114 4167 1285 4248 πολυλογίας
1307 4171 1362 4248 γάρ
1385 4191 1464 4248 φησιν
1485 4171 1529 4230 ούκ

240 4285 362 4364 ἐκφεύξει
393 4289 537 4369 ἁμαρτίαν.
582 4289 762 4350 νουθετεῖσθαι
792 4288 825 4348 δὲ
853 4288 928 4370 παρὰ
957 4293 1004 4349 τού
1032 4288 1185 4370 κρείττονος
1220 4291 1258 4366 μή
1292 4291 1527 4372 παραιτεῖσθωσαν.

265 4461 423 4470 ...μμ-..η’-
432 4465 443 4470 -

345 4573 364 4636 ¹)
385 4569 556 4634 ἐπειτίσθησαν
574 4572 606 4622 Ε.
665 4571 685 4638 ²)
705 4573 775 4624 τοῦτο
793 4573 824 4624 Ε.
884 4573 905 4638 ³)
924 4571 1015 4632 όποίσις
1033 4575 1065 4625 Ε.
1119 4575 1140 4640 ⁴)
1159 4573 1322 4644 ποιμενόντων
1340 4574 1372 4625 Ε.
1428 4577 1449 4641 ⁶)
1467 4575 1526 4627 είΕ.

238 4667 260 4733 ⁶)
280 4664 354 4718 ίπικτ.
373 4666 406 4716 E.
479 4667 500 4732 ἵ)
519 4667 678 4718 Αθόῖθῖιιιυσ
696 4685 729 4720 ox
747 4670 977 4720 antecedentibus.
1049 4671 1070 4737 8)
1089 4669 1237 4721 κοπισύντων
1255 4671 1286 4721 E.
