3194 5298
1308 349 1367 413 151

72 561 97 598 τε
119 539 167 598 καί
191 541 336 620 ἀκινήτων,
358 550 411 600 τιῐιν
433 563 463 602 τε
486 543 539 618 ήάη
563 543 646 602 όντων
668 541 715 602 καί
737 549 789 601 τῶν
814 541 852 614 είς
876 544 969 602 ἔπειτα
983 545 1245 622 προσγενησομένων
1263 546 1305 624 ἀν,
1330 548 1368 616 ώς

73 661 206 722 ἀνέκαθεν
228 661 274 722 καί
298 661 329 734 ἐξ
357 664 457 743 ἀρχῆς,
488 665 557 724 οῦτω
580 663 626 724 καί
650 663 689 735 είς
711 667 756 723 τόν
780 661 845 739 ἑξῆς
868 667 974 724 ᾶπαντα
995 667 1094 743 χρόνον
1117 664 1226 747 ῦπάρχῃ
1248 665 1295 726 καί
1317 667 1370 728 λέ-

71 805 150 861 γηται
173 783 222 844 καί
244 785 319 865 παρὰ
333 789 440 844 πάντων
455 788 639 863 γιγνώσκηται
654 787 789 866 ἡμέτερον
804 789 999 866 πατριαρχικόν
1015 789 1261 867 σταυροπηγιακόν,
1284 784 1370 848 ἀδοῦ-

70 907 169 985 λιστον,
201 907 410 981 ἀκαταπάτητον
433 906 479 966 καί
503 908 577 979 όλως
600 908 784 986 ἀνενόχλητον
807 910 871 988 παρ’
884 909 1033 968 οὑτινοσοῦν
1055 909 1200 988 προσώπου
1221 908 1370 988 ἱερωμένου

69 1028 220 1107 ῆλαϊκοῦ,
251 1031 491 1104 μνημονευομένου
523 1031 552 1089 ἐν
582 1030 655 1108 αῦτῴ
683 1034 728 1090 τοῦ
751 1035 893 1090 κανονικοῦ
915 1035 1111 1110 πατριαρχικοῦ
1134 1031 1278 1110 ὀνόματος,
1309 1031 1371 1109 ἔχοι

42 1159 44 1163 ’
70 1153 168 1210 καίεο
192 1153 338 1232 προνόμιον
360 1151 430 1211 κατὰ
453 1153 652 1232 πατριαρχικήν
676 1150 839 1232 φιλοτιμίαν,
862 1154 933 1211 ὥστε
955 1153 1000 1212 τόν
1024 1152 1095 1212 κατὰ
1117 1154 1227 1231 καιροὺς
1251 1151 1279 1211 ἐν
1296 1149 1368 1231 αὐτῷ

69 1273 223 1348 ἡγούμενον
247 1273 276 1332 ἐν
297 1277 357 1344 ταῖς
380 1274 549 1352 έορτασίμοις
571 1275 687 1354 ἡμέραις
709 1277 798 1353 φορεῖν
823 1275 866 1334 ἐπ’
879 1274 1030 1351 ἐκκλησίας
1053 1275 1173 1350 μανδῦαν
1195 1276 1369 1355 προχειριζό-

70 1415 151 1468 μενον
184 1395 231 1454 καί
253 1397 422 1474 πατερίτζαν.
451 1395 498 1456 καί
524 1402 630 1474 πρῶτον
659 1397 709 1471 μὲν
733 1397 844 1477 ὑπάρχῃ
867 1396 1086 1476 ἀπηλλαγμένον
1108 1399 1198 1474 πάσης
1221 1393 1370 1476 ἐξαρχικῆς

71 1515 195 1590 ἐξουσίας
216 1517 264 1578 καί
288 1517 462 1590 δεσποτείας·
487 1518 611 1598 δεύτερον
635 1517 666 1577 δὲ
688 1519 766 1597 λόγῳ
790 1519 929 1596 ὑποταγῆς
951 1517 1074 1597 ἀποδιδῷ
1096 1521 1159 1580 καθ’
1172 1522 1286 1580 ἕκαστον
1310 1520 1370 1590 έτος

70 1640 263 1720 ἀπαραιτήτως
284 1641 381 1719 γρόσια
402 1641 543 1719 τριακόσια
566 1638 606 1710 είς
627 1641 658 1699 τό
680 1641 770 1700 κοινόν
792 1645 841 1716 τῆς
863 1641 925 1699 καθ’
938 1643 1012 1718 ήμάς
1034 1646 1080 1704 τοῦ
1103 1643 1217 1722 Χριστοῦ
1241 1641 1370 1720 μεγάλης

70 1761 223 1838 ἐκκλησίας
245 1759 292 1820 καί
315 1760 448 1844 λαμβάνῃ
472 1757 662 1839 ἐξωφλητικὴν
686 1759 822 1834 ἀπόδειξιν
847 1761 926 1820 αὐτοῦ
948 1761 1019 1821 κατά
1033 1765 1064 1822 τό
1079 1763 1144 1842 ῦφος
1160 1769 1212 1822 τῶν
1229 1763 1368 1843 ἐπαρχιῶν

69 1881 115 1941 καί
139 1884 228 1954 οῦτως
251 1883 394 1958 ἀναλαβόν
416 1883 445 1942 τ“ο
470 1883 584 1962 ἀρχαῖον
607 1885 725 1963 γεραρόν
747 1889 795 1958 τῆς
815 1891 1053 1963 σταυροπηγιακῆς
1069 1885 1147 1958 ἀξίας
1162 1887 1307 1964 προνόμιον
1323 1882 1369 1944 καί

69 2005 166 2076 καλῶς
200 2005 384 2081 διοικούμενον
414 2003 460 2066 καί
490 2005 578 2080 μέλος
605 2007 715 2084 γνήσιον
742 2010 789 2064 τοῦ
810 2005 872 2064 καθ’
885 2007 960 2080 ἡμᾶς
983 2007 1133 2085 ἀγιωτάτου
1162 2010 1369 2088 πατριαρχικοῦ,

69 2127 254 2188 ἀποστολικοῦ
277 2126 323 2188 καί
346 2126 533 2202 σίκουμενικοῦ
555 2130 650 2207 θρόνου
673 2129 687 2185 ό
712 2127 739 2186 ἐν
764 2127 836 2205 αῦτῷ
858 2127 930 2188 κατὰ
953 2129 1063 2208 καιροὺς
1084 2131 1254 2211 ήγοίιμενος,
1277 2133 1369 2211 ὥσπερ

70 2250 93 2306 τί
123 2247 275 2330 ἀρχιερεῖς,
310 2253 378 2310 οῦτω
408 2249 454 2308 καί
485 2249 564 2320 αὐτός
594 2251 685 2329 γράφῃ
716 2249 827 2324 ἀμέσως
854 2251 922 2330 προς
943 2251 992 2326 τήν
1015 2252 1077 2310 καθ’
1089 2253 1164 2328 ήμᾱς
1186 2257 1232 2312 τοῦ
1255 2253 1369 2333 Χριστοῦ

71 2373 202 2448 μεγάλην
226 2371 376 2448 ἐκκλησίαν
398 2369 446 2432 καὶ
469 2368 579 2444 ἀξιοῦται
607 2378 656 2446 τῆς
677 2373 866 2449 προσηκούσης
888 2372 1094 2452 ῦπερασπίσεως
1117 2374 1146 2434 ἐν
1168 2376 1228 2444 ταῖς
1250 2374 1369 2449 συμβαι-

70 2496 180 2566 νοῦσαις
201 2495 307 2574 χρείαις
330 2493 376 2554 καὶ
398 2495 552 2556 ὑποθέσεσι·
576 2493 663 2574 τρίτον
685 2467 1183 2575 διαφυλάττωνταικαταγεγραμμένα
1200 2495 1283 2574 ἐντῷ
1300 2496 1368 2556 διω-

71 2620 192 2696 ρισμένῳ
215 2615 312 2678 κώδικι
335 2623 385 2692 τῆς
408 2617 559 2693 ἐκκλησίας
583 2619 688 2677 ἅπαντα
710 2617 743 2675 τὰ
766 2621 892 2694 κτήματα
914 2615 961 2678 καί
983 2619 1159 2699 ἀφιερώματα
1181 2605 1259 2679 αῦέοῦ
1274 2617 1321 2678 καὶ
1336 2617 1369 2678 τά

70 2743 140 2818 χρέη
173 2739 220 2800 καὶ
248 2743 279 2800 τό
301 2745 347 2801 τσῦ
370 2742 523 2818 ἡγουμένου
547 2741 650 2816 όνομα·
689 2743 814 2820 τέταρτον
838 2739 869 2800 δὲ
890 2742 921 2800 τ“ο
943 2741 1078 2818 σιγιλλιον
1101 2741 1179 2800 αὐτοῦ
1202 2741 1256 2822 έχῃ
1278 2743 1369 2816 μένειν

72 2863 278 2943 ἀπαράτρεπτον
308 2860 354 2922 καί
378 2863 564 2942 ἀπαράβατον,
596 2865 634 2938 μὴ
659 2864 790 2938 δεόμενὸν
812 2884 878 2923 ποτε
910 2863 1088 2935 ἀνανεώσεως
1110 2863 1156 2923 καὶ
1180 2863 1370 2942 ἐπικυρώσεως

73 2984 317 3060 ἐκκλησιαστικῆς·
340 2987 463 3060 πέμπτον
487 2984 584 3060 μηδεὶς
603 2989 649 3044 τοῦ
664 2985 760 3045 λοιποῦ
775 2987 887 3063 γένηται
903 2987 932 3044 ἐν
949 2985 1020 3064 αῦτῷ
1035 2987 1188 3063 ἡγούμενος
1200 2985 1263 3044 ἀνευ
1273 2988 1368 3064 γράμ-

73 3128 157 3179 ματος
183 3111 380 3188 πατριαρχικοῦ
407 3105 453 3166 καὶ
482 3105 631 3184 συνοδικοῦ,
662 3107 729 3166 ἀλλ’
743 3107 853 3166 ἐπειδὰν
882 3107 999 3166 ἕλωνται
1023 3108 1101 3166 αῦτόν
1124 3111 1221 3188 γνώμῃ
1243 3112 1321 3189 κοινῇ
1344 3106 1370 3167 οἱ

73 3229 293 3307 ουγκοινοβιάται
314 3231 440 3308 πατέρες,
470 3231 532 3288 τότε
555 3229 738 3304 ἀποοτέληται
759 3229 824 3308 παρ’
838 3229 924 3288 αότῶν
946 3230 1024 3304 κοινὴ
1047 3230 1230 3308 ἐνυπάγραφος
1251 3225 1299 3288 καὶ
1322 3228 1369 3288 ἐν-

73 3355 233 3432 σφράγιστος
257 3351 378 3432 ἀναφορὰ
399 3349 461 3430 περί
483 3357 531 3425 τῆς
553 3352 676 3426 τοιαῦτης
693 3351 816 3430 ἐκλογῆς
831 3353 899 3432 πρός
913 3353 959 3412 τὀν
974 3351 1045 3412 κατὰ
1059 3351 1168 3432 καιροὺς
1185 3349 1369 3426 οίκουμενικόν

72 3477 242 3555 πατριάρχην
273 3471 319 3532 καὶ
349 3474 418 3533 οῦτω
449 3471 483 3532 δι’
497 3473 724 3548 ἐκκλησιαστικοῦ
750 3477 915 3554 γράμματος
942 3474 1158 3535 ἀπσκαθιστῶται
1181 3475 1195 3532 ό
1217 3474 1369 3553 ήγοῦμενος

73 3601 115 3654 τοῦ
138 3596 319 3675 μονασπηρίου
341 3597 442 3675 τοῦτου,
465 3599 662 3670 σημειουμένου
685 3595 731 3655 καί
754 3601 800 3655 τοῦ
823 3597 957 3671 όνόματος
979 3599 1058 3657 αῦτοῦ
1082 3597 1111 3656 ἐν
1133 3595 1172 3677 τῷ
1188 3597 1294 3676 ῥηθέντι
1308 3598 1369 3656 κώ·

74 3719 134 3799 όικι,
159 3719 277 3798 όφειλων
300 3719 361 3778 κατ’
374 3719 435 3789 ἔτος
458 3713 671 3789 ἐξαποστέλλειν
695 3717 793 3797 ἀκριβῆ-
811 3719 996 3798 ἐνυπόγραφσν
1011 3717 1058 3778 καὶ
1074 3719 1264 3798 ἑνσφράγιστον
1279 3738 1369 3778 κατα-

73 3845 178 3921 γραφὴν
201 3847 255 3900 τῶν
277 3845 323 3900 τοῦ
347 3841 423 3910 έτους
443 3839 546 3898 ἐκείνου
562 3847 784 3920 μοναστηριακών
801 3839 913 3900 εἰσόδων
928 3840 974 3900 καί
990 3838 1106 3913 ἐξόδων·
1131 3843 1209 3899 ἕκτον
1224 3841 1242 3915 ή
1257 3837 1371 3919 σφραγίς

73 3970 114 4024 τοῦ
138 3963 319 4043 μοναοτηρίου
346 3963 467 4044 διαιρεώή
496 3960 535 4033 είς
557 3965 687 4037 τμήματα
708 3965 828 4042 τέσσαρα
850 3961 896 4022 καί
918 3965 937 4040 ή
961 3964 1011 4038 μὲν
1034 3962 1110 4038 λαβὴ
1133 3963 1369 4042 παρακατατιθει-

74 4089 139 4162 μένῃ
171 4087 281 4168 ῦπάρχῃ
310 4085 349 4162 τῷ
378 4085 532 4163 ἡγουμένῳ,
566 4085 600 4142 τά
629 4084 659 4142 δὲ
689 4086 807 4164 τέσσαρα
837 4087 967 4159 τμήματα
989 4087 1114 4163 τέσσαρσι
1137 4084 1369 4163 συγκοινοβιάταις

72 4213 212 4290 πατράσιν,
236 4210 432 4286 ἐκλεγομένας
447 4213 545 4276 κοινῶς
560 4207 634 4287 παρὰ
648 4210 754 4266 πάντων
771 4213 823 4266 τῶν
840 4207 1067 4284 συγκοινοβιατῶν
1083 4209 1221 4286 πατέρων·
1251 4206 1369 4282 ἕβδομον

74 4334 96 4390 σί
126 4333 352 4412 ἐπιτετραμμένοι
378 4331 411 4389 τά
439 4332 556 4410 τέσσαρα
583 4333 713 4404 τμήματα
740 4330 787 4389 καί
815 4331 863 4405 τὴν
891 4331 982 4405 λαβήν
1006 4331 1044 4405 μὴ
1069 4330 1167 4407 ἔχωσιν
1191 4329 1283 4388 ἀῦειαν
1306 4331 1368 4390 καθ1

75 4455 183 4526 ἑαυτοὺς
211 4455 363 4535 σφραγίζειν
387 4453 606 4534 μοναστηριακάς
628 4453 798 4533 χρεωστικάς
821 4453 982 4532 ὁμολογίας,
1013 4452 1079 4512 ἀλλ’
1092 4450 1137 4510 ἐπὶ
1158 4450 1291 4532 παρουσίᾳ
1316 4455 1369 4510 τών

74 4579 284 4658 προκριτοτέρων
309 4577 337 4634 ἐν
359 4580 416 4647 τοῖς
439 4577 669 4654 συγκοινοβιάταις
691 4577 921 4656 ῦπογραφομένων
945 4575 1078 4636 κάκείνων
1103 4574 1182 4645 ἰδίαις
1204 4574 1307 4653 χερσίν,
1343 4575 1370 4632 αί

76 4700 101 4760 δέ
125 4702 165 4776 μὴ
189 4699 260 4759 κατὰ
282 4702 326 4759 τόν
351 4699 492 4778 εἰρημένον
511 4701 608 4778 τρόπον
628 4700 820 4776 γεγραμμέναι
840 4698 886 4758 καί
902 4699 1112 4779 ἐσφραγισμένοι
1127 4695 1274 4775 ὁμολογίαι
1289 4695 1368 4769 νομί-
