<?xml version="1.0" encoding="UTF-8"?>
<!DOCTYPE html PUBLIC "-//W3C//DTD XHTML 1.0 Transitional//EN"
    "http://www.w3.org/TR/xhtml1/DTD/xhtml1-transitional.dtd">
<html xmlns="http://www.w3.org/1999/xhtml" xml:lang="en" lang="en">
 <head>
  <title>
</title>
<meta http-equiv="Content-Type" content="text/html;charset=utf-8" />
  <meta name='ocr-system' content='tesseract 3.04.00' />
  <meta name='ocr-capabilities' content='ocr_page ocr_carea ocr_par ocr_line ocrx_word'/>
</head>
<body>
  <div class='ocr_page' id='page_1' title='image "./actaetdiplomata00miklgoog_0606.png"; bbox 0 0 3246 5288; ppageno 0'>
   <div class='ocr_carea' id='block_1_1' title="bbox 1329 341 1394 406">
    <p class='ocr_par' dir='ltr' id='par_1_1' title="bbox 1329 341 1394 406">
     <span class='ocr_line' id='line_1_1' title="bbox 1329 341 1394 406; baseline 0 0"><span class='ocrx_word' id='word_1_1' title='bbox 1329 341 1394 406; x_wconf 75' lang='lat'>425</span> 
     </span>
    </p>
   </div>
   <div class='ocr_carea' id='block_1_2' title="bbox 56 533 1393 618">
    <p class='ocr_par' dir='ltr' id='par_1_2' title="bbox 56 503 1393 618">
     <span class='ocr_line' id='line_1_2' title="bbox 56 533 1393 618; baseline 0.006 -29"><span class='ocrx_word' id='word_1_2' title='bbox 56 535 166 613; x_wconf 81' lang='grc' dir='ltr'>παρὰ</span> <span class='ocrx_word' id='word_1_3' title='bbox 189 541 270 594; x_wconf 79' lang='grc' dir='ltr'>πᾶσιν</span> <span class='ocrx_word' id='word_1_4' title='bbox 295 533 338 594; x_wconf 85' lang='grc' dir='ltr'>ἐπί</span> <span class='ocrx_word' id='word_1_5' title='bbox 360 541 394 616; x_wconf 90' lang='grc' dir='ltr'>τῇ</span> <span class='ocrx_word' id='word_1_6' title='bbox 417 535 509 618; x_wconf 85' lang='grc' dir='ltr'>ἀγαθῇ</span> <span class='ocrx_word' id='word_1_7' title='bbox 532 535 606 611; x_wconf 85' lang='grc' dir='ltr'>ὑμῶν</span> <span class='ocrx_word' id='word_1_8' title='bbox 629 534 676 595; x_wconf 87' lang='grc' dir='ltr'>καὶ</span> <span class='ocrx_word' id='word_1_9' title='bbox 699 541 785 618; x_wconf 89' lang='grc' dir='ltr'>σεμνῇ</span> <span class='ocrx_word' id='word_1_10' title='bbox 808 535 933 618; x_wconf 78' lang='grc' dir='ltr'>πολιτείᾳ</span> <span class='ocrx_word' id='word_1_11' title='bbox 954 537 1079 615; x_wconf 78' lang='grc' dir='ltr'>γένοισθε</span> <span class='ocrx_word' id='word_1_12' title='bbox 1101 537 1191 609; x_wconf 85' lang='grc' dir='ltr'>παίσας</span> <span class='ocrx_word' id='word_1_13' title='bbox 1214 537 1262 609; x_wconf 86' lang='grc' dir='ltr'>τάς</span> <span class='ocrx_word' id='word_1_14' title='bbox 1284 538 1393 618; x_wconf 71' lang='grc' dir='ltr'>ἡμέρας</span> 
     </span>
    </p>
   </div>
   <div class='ocr_carea' id='block_1_3' title="bbox 56 657 1393 1472">
    <p class='ocr_par' dir='ltr' id='par_1_3' title="bbox 56 657 347 733">
     <span class='ocr_line' id='line_1_3' title="bbox 56 657 347 733; baseline 0.007 -2"><span class='ocrx_word' id='word_1_15' title='bbox 56 659 130 731; x_wconf 58' lang='grc' dir='ltr'>τῆς</span> <span class='ocrx_word' id='word_1_16' title='bbox 162 659 240 732; x_wconf 73' lang='grc' dir='ltr'>ζωῆς</span> <span class='ocrx_word' id='word_1_17' title='bbox 263 657 347 733; x_wconf 70' lang='grc' dir='ltr'>ὑμῶν·</span> 
     </span>
    </p>

    <p class='ocr_par' dir='ltr' id='par_1_4' title="bbox 59 777 1393 1472">
     <span class='ocr_line' id='line_1_4' title="bbox 196 777 1392 862; baseline 0 -25"><span class='ocrx_word' id='word_1_18' title='bbox 196 777 253 840; x_wconf 70' lang='grc' dir='ltr'>λό’.</span> <span class='ocrx_word' id='word_1_19' title='bbox 284 777 356 840; x_wconf 83' lang='grc' dir='ltr'>’1ἀοὺ</span> <span class='ocrx_word' id='word_1_20' title='bbox 385 778 440 860; x_wconf 90' lang='grc' dir='ltr'>γάρ</span> <span class='ocrx_word' id='word_1_21' title='bbox 471 779 505 854; x_wconf 82' lang='grc' dir='ltr'>δὴ</span> <span class='ocrx_word' id='word_1_22' title='bbox 532 777 579 840; x_wconf 85' lang='grc' dir='ltr'>καί</span> <span class='ocrx_word' id='word_1_23' title='bbox 608 780 761 860; x_wconf 88' lang='grc' dir='ltr'>ήγοὺμενον</span> <span class='ocrx_word' id='word_1_24' title='bbox 791 779 904 862; x_wconf 78' lang='grc' dir='ltr'>προνοίᾳ</span> <span class='ocrx_word' id='word_1_25' title='bbox 934 781 996 840; x_wconf 90' lang='grc' dir='ltr'>θεοῦ</span> <span class='ocrx_word' id='word_1_26' title='bbox 1019 781 1090 859; x_wconf 85' lang='grc' dir='ltr'>ὑμῖν,</span> <span class='ocrx_word' id='word_1_27' title='bbox 1121 777 1160 858; x_wconf 80' lang='grc' dir='ltr'>τῷ</span> <span class='ocrx_word' id='word_1_28' title='bbox 1183 778 1243 859; x_wconf 84' lang='grc' dir='ltr'>ἐμῷ</span> <span class='ocrx_word' id='word_1_29' title='bbox 1265 780 1392 860; x_wconf 75' lang='grc' dir='ltr'>ποιμνίῳ,</span> 
     </span>
     <span class='ocr_line' id='line_1_5' title="bbox 59 899 1393 982; baseline 0.001 -24"><span class='ocrx_word' id='word_1_30' title='bbox 59 901 295 976; x_wconf 75' lang='grc' dir='ltr'>καταλιμπάνω</span> <span class='ocrx_word' id='word_1_31' title='bbox 310 903 355 962; x_wconf 83' lang='grc' dir='ltr'>τὺν</span> <span class='ocrx_word' id='word_1_32' title='bbox 376 901 557 982; x_wconf 89' lang='grc' dir='ltr'>ίερομόναχον</span> <span class='ocrx_word' id='word_1_33' title='bbox 580 899 627 961; x_wconf 85' lang='grc' dir='ltr'>καὶ</span> <span class='ocrx_word' id='word_1_34' title='bbox 651 901 717 977; x_wconf 79' lang='grc' dir='ltr'>ἐμόν</span> <span class='ocrx_word' id='word_1_35' title='bbox 741 903 875 981; x_wconf 84' lang='grc' dir='ltr'>μαθητήν,</span> <span class='ocrx_word' id='word_1_36' title='bbox 898 905 973 982; x_wconf 90' lang='grc' dir='ltr'>κῦριν</span> <span class='ocrx_word' id='word_1_37' title='bbox 989 901 1131 980; x_wconf 84' lang='grc' dir='ltr'>Ἰωακείμ,</span> <span class='ocrx_word' id='word_1_38' title='bbox 1155 900 1300 980; x_wconf 84' lang='grc' dir='ltr'>ἀρειλοντα</span> <span class='ocrx_word' id='word_1_39' title='bbox 1323 901 1393 977; x_wconf 81' lang='grc' dir='ltr'>μετὰ</span> 
     </span>
     <span class='ocr_line' id='line_1_6' title="bbox 60 1019 1392 1104; baseline 0.002 -24"><span class='ocrx_word' id='word_1_40' title='bbox 60 1022 133 1096; x_wconf 78' lang='grc' dir='ltr'>τὴν</span> <span class='ocrx_word' id='word_1_41' title='bbox 172 1023 243 1098; x_wconf 84' lang='grc' dir='ltr'>ἐμὴν</span> <span class='ocrx_word' id='word_1_42' title='bbox 276 1021 422 1098; x_wconf 86' lang='grc' dir='ltr'>ἀποβίωσιν</span> <span class='ocrx_word' id='word_1_43' title='bbox 449 1025 498 1098; x_wconf 83' lang='grc' dir='ltr'>τὴν</span> <span class='ocrx_word' id='word_1_44' title='bbox 526 1023 690 1104; x_wconf 74' lang='grc' dir='ltr'>προστασίαν</span> <span class='ocrx_word' id='word_1_45' title='bbox 712 1027 803 1084; x_wconf 85' lang='grc' dir='ltr'>πᾶσαν</span> <span class='ocrx_word' id='word_1_46' title='bbox 825 1029 875 1100; x_wconf 80' lang='grc' dir='ltr'>τῆς</span> <span class='ocrx_word' id='word_1_47' title='bbox 905 1028 992 1099; x_wconf 86' lang='grc' dir='ltr'>μονῇς</span> <span class='ocrx_word' id='word_1_48' title='bbox 1015 1019 1207 1102; x_wconf 76' lang='grc' dir='ltr'>ἀναδέξασθαι,</span> <span class='ocrx_word' id='word_1_49' title='bbox 1238 1022 1326 1104; x_wconf 77' lang='grc' dir='ltr'>ἀνδρα</span> <span class='ocrx_word' id='word_1_50' title='bbox 1349 1023 1392 1083; x_wconf 83' lang='grc' dir='ltr'>ἐπ’</span> 
     </span>
     <span class='ocr_line' id='line_1_7' title="bbox 63 1143 1392 1228; baseline 0.003 -28"><span class='ocrx_word' id='word_1_51' title='bbox 63 1143 175 1227; x_wconf 82' lang='grc' dir='ltr'>ἀρετῇ</span> <span class='ocrx_word' id='word_1_52' title='bbox 206 1144 255 1204; x_wconf 83' lang='grc' dir='ltr'>καί</span> <span class='ocrx_word' id='word_1_53' title='bbox 286 1145 419 1228; x_wconf 81' lang='grc' dir='ltr'>εὑλαβείηι</span> <span class='ocrx_word' id='word_1_54' title='bbox 450 1147 705 1226; x_wconf 88' lang='grc' dir='ltr'>μεμαρτηρυμένον,</span> <span class='ocrx_word' id='word_1_55' title='bbox 736 1148 839 1206; x_wconf 80' lang='grc' dir='ltr'>συνέσει</span> <span class='ocrx_word' id='word_1_56' title='bbox 868 1166 899 1206; x_wconf 85' lang='grc' dir='ltr'>τε</span> <span class='ocrx_word' id='word_1_57' title='bbox 921 1144 969 1206; x_wconf 87' lang='grc' dir='ltr'>καί</span> <span class='ocrx_word' id='word_1_58' title='bbox 991 1146 1131 1224; x_wconf 71' lang='grc' dir='ltr'>λογιότητι</span> <span class='ocrx_word' id='word_1_59' title='bbox 1153 1143 1200 1205; x_wconf 72' lang='grc' dir='ltr'>καίΙ</span> <span class='ocrx_word' id='word_1_60' title='bbox 1222 1151 1392 1228; x_wconf 86' lang='grc' dir='ltr'>πνευματικῇ</span> 
     </span>
     <span class='ocr_line' id='line_1_8' title="bbox 64 1264 1392 1350; baseline 0 -25"><span class='ocrx_word' id='word_1_61' title='bbox 64 1269 257 1327; x_wconf 72' lang='grc' dir='ltr'>καταστάσει</span> <span class='ocrx_word' id='word_1_62' title='bbox 283 1268 471 1344; x_wconf 80' lang='grc' dir='ltr'>κοσμούμενον</span> <span class='ocrx_word' id='word_1_63' title='bbox 497 1265 544 1327; x_wconf 85' lang='grc' dir='ltr'>καί</span> <span class='ocrx_word' id='word_1_64' title='bbox 571 1270 627 1339; x_wconf 86' lang='grc' dir='ltr'>τοῖς</span> <span class='ocrx_word' id='word_1_65' title='bbox 654 1267 762 1340; x_wconf 84' lang='grc' dir='ltr'>λοιποῖς</span> <span class='ocrx_word' id='word_1_66' title='bbox 791 1267 906 1347; x_wconf 80' lang='grc' dir='ltr'>ἀγαθοῖς</span> <span class='ocrx_word' id='word_1_67' title='bbox 931 1269 1117 1348; x_wconf 73' lang='grc' dir='ltr'>προτερήμασι</span> <span class='ocrx_word' id='word_1_68' title='bbox 1144 1264 1191 1326; x_wconf 83' lang='grc' dir='ltr'>καὶ</span> <span class='ocrx_word' id='word_1_69' title='bbox 1212 1266 1309 1327; x_wconf 85' lang='grc' dir='ltr'>πολλά</span> <span class='ocrx_word' id='word_1_70' title='bbox 1335 1287 1392 1350; x_wconf 90' lang='grc' dir='ltr'>μοι,</span> 
     </span>
     <span class='ocr_line' id='line_1_9' title="bbox 66 1385 1391 1472; baseline 0.001 -25"><span class='ocrx_word' id='word_1_71' title='bbox 66 1390 121 1460; x_wconf 82' lang='grc' dir='ltr'>ὡς</span> <span class='ocrx_word' id='word_1_72' title='bbox 149 1387 200 1448; x_wconf 82' lang='grc' dir='ltr'>καί</span> <span class='ocrx_word' id='word_1_73' title='bbox 215 1391 293 1465; x_wconf 80' lang='grc' dir='ltr'>ὑμεῖς</span> <span class='ocrx_word' id='word_1_74' title='bbox 316 1389 381 1469; x_wconf 82' lang='grc' dir='ltr'>ἴστε,</span> <span class='ocrx_word' id='word_1_75' title='bbox 405 1391 634 1468; x_wconf 88' lang='grc' dir='ltr'>συγκωπιάσαντα</span> <span class='ocrx_word' id='word_1_76' title='bbox 650 1388 693 1449; x_wconf 84' lang='grc' dir='ltr'>ἐπὶ</span> <span class='ocrx_word' id='word_1_77' title='bbox 715 1396 749 1472; x_wconf 83' lang='grc' dir='ltr'>τῇ</span> <span class='ocrx_word' id='word_1_78' title='bbox 772 1395 821 1465; x_wconf 81' lang='grc' dir='ltr'>τῆς</span> <span class='ocrx_word' id='word_1_79' title='bbox 845 1394 931 1464; x_wconf 76' lang='grc' dir='ltr'>μονῆς</span> <span class='ocrx_word' id='word_1_80' title='bbox 953 1391 1116 1450; x_wconf 81' lang='grc' dir='ltr'>καταστάσει</span> <span class='ocrx_word' id='word_1_81' title='bbox 1138 1385 1187 1448; x_wconf 84' lang='grc' dir='ltr'>καί</span> <span class='ocrx_word' id='word_1_82' title='bbox 1207 1390 1315 1448; x_wconf 79' lang='grc' dir='ltr'>πάντων</span> <span class='ocrx_word' id='word_1_83' title='bbox 1332 1393 1391 1448; x_wconf 88' lang='grc' dir='ltr'>τιῦν</span> 
     </span>
    </p>
   </div>
   <div class='ocr_carea' id='block_1_4' title="bbox 67 1504 1391 1592">
    <p class='ocr_par' dir='ltr' id='par_1_5' title="bbox 67 1504 1391 1592">
     <span class='ocr_line' id='line_1_10' title="bbox 67 1504 1391 1592; baseline 0.002 -25"><span class='ocrx_word' id='word_1_84' title='bbox 67 1511 128 1568; x_wconf 79' lang='grc' dir='ltr'>ὑπ’</span> <span class='ocrx_word' id='word_1_85' title='bbox 149 1513 229 1592; x_wconf 81' lang='grc' dir='ltr'>αὑτῇ.</span> <span class='ocrx_word' id='word_1_86' title='bbox 277 1506 344 1570; x_wconf 89' lang='grc' dir='ltr'>ἀλλ’</span> <span class='ocrx_word' id='word_1_87' title='bbox 361 1504 438 1582; x_wconf 78' lang='grc' dir='ltr'>οὗτος</span> <span class='ocrx_word' id='word_1_88' title='bbox 468 1511 520 1587; x_wconf 84' lang='grc' dir='ltr'>μὲν</span> <span class='ocrx_word' id='word_1_89' title='bbox 549 1511 597 1586; x_wconf 80' lang='grc' dir='ltr'>τὴν</span> <span class='ocrx_word' id='word_1_90' title='bbox 627 1517 677 1587; x_wconf 82' lang='grc' dir='ltr'>τῇς</span> <span class='ocrx_word' id='word_1_91' title='bbox 706 1511 874 1588; x_wconf 90' lang='grc' dir='ltr'>ήγουμενίας</span> <span class='ocrx_word' id='word_1_92' title='bbox 903 1510 1039 1592; x_wconf 75' lang='grc' dir='ltr'>σφραγῖδα</span> <span class='ocrx_word' id='word_1_93' title='bbox 1069 1509 1143 1590; x_wconf 90' lang='grc' dir='ltr'>παρά</span> <span class='ocrx_word' id='word_1_94' title='bbox 1172 1513 1219 1570; x_wconf 88' lang='grc' dir='ltr'>τοῦ</span> <span class='ocrx_word' id='word_1_95' title='bbox 1246 1510 1317 1570; x_wconf 82' lang='grc' dir='ltr'>κατὰ</span> <span class='ocrx_word' id='word_1_96' title='bbox 1343 1511 1391 1586; x_wconf 84' lang='grc' dir='ltr'>τὴν</span> 
     </span>
    </p>
   </div>
   <div class='ocr_carea' id='block_1_5' title="bbox 5 1630 1391 1714">
    <p class='ocr_par' dir='ltr' id='par_1_6' title="bbox 5 1630 1391 1714">
     <span class='ocr_line' id='line_1_11' title="bbox 5 1630 1391 1714; baseline -0.001 -22"><span class='ocrx_word' id='word_1_97' title='bbox 5 1667 6 1670; x_wconf 32' lang='lat'>¹</span> <span class='ocrx_word' id='word_1_98' title='bbox 68 1633 197 1713; x_wconf 82' lang='grc' dir='ltr'>ἡμέραν</span> <span class='ocrx_word' id='word_1_99' title='bbox 215 1635 365 1712; x_wconf 88' lang='grc' dir='ltr'>ἀγιωτάτου</span> <span class='ocrx_word' id='word_1_100' title='bbox 387 1633 533 1694; x_wconf 79' lang='grc' dir='ltr'>ἐπισκόπου</span> <span class='ocrx_word' id='word_1_101' title='bbox 549 1634 694 1710; x_wconf 87' lang='grc' dir='ltr'>Ταμασίας</span> <span class='ocrx_word' id='word_1_102' title='bbox 716 1631 763 1693; x_wconf 84' lang='grc' dir='ltr'>καὶ</span> <span class='ocrx_word' id='word_1_103' title='bbox 782 1633 970 1714; x_wconf 85' lang='grc' dir='ltr'>πρωτοθρόνου</span> <span class='ocrx_word' id='word_1_104' title='bbox 993 1630 1145 1708; x_wconf 76' lang='grc' dir='ltr'>δεξόμενος</span> <span class='ocrx_word' id='word_1_105' title='bbox 1168 1631 1391 1712; x_wconf 84' lang='grc' dir='ltr'>ἀιακυβερνήσειε</span> 
     </span>
    </p>
   </div>
   <div class='ocr_carea' id='block_1_6' title="bbox 7 1872 1390 1957">
    <p class='ocr_par' dir='ltr' id='par_1_7' title="bbox 7 1872 1390 1957">
     <span class='ocr_line' id='line_1_12' title="bbox 7 1872 1390 1957; baseline -0.004 -22"><span class='ocrx_word' id='word_1_106' title='bbox 7 1913 20 1920; x_wconf 83' lang='lat'>·-</span> <span class='ocrx_word' id='word_1_107' title='bbox 73 1876 117 1935; x_wconf 72' lang='grc' dir='ltr'>δὲ</span> <span class='ocrx_word' id='word_1_108' title='bbox 134 1883 219 1936; x_wconf 82' lang='grc' dir='ltr'>πᾶσιν</span> <span class='ocrx_word' id='word_1_109' title='bbox 241 1877 338 1949; x_wconf 86' lang='grc' dir='ltr'>ἀπλιῦς</span> <span class='ocrx_word' id='word_1_110' title='bbox 359 1877 512 1956; x_wconf 89' lang='grc' dir='ltr'>ὑποτίθημι,</span> <span class='ocrx_word' id='word_1_111' title='bbox 536 1873 660 1956; x_wconf 76' lang='grc' dir='ltr'>ἀδελφοί,</span> <span class='ocrx_word' id='word_1_112' title='bbox 684 1877 754 1952; x_wconf 83' lang='grc' dir='ltr'>μετὰ</span> <span class='ocrx_word' id='word_1_113' title='bbox 769 1878 817 1952; x_wconf 79' lang='grc' dir='ltr'>την</span> <span class='ocrx_word' id='word_1_114' title='bbox 839 1876 908 1953; x_wconf 83' lang='grc' dir='ltr'>ἐμὴν</span> <span class='ocrx_word' id='word_1_115' title='bbox 928 1883 981 1936; x_wconf 83' lang='grc' dir='ltr'>τῶν</span> <span class='ocrx_word' id='word_1_116' title='bbox 1005 1872 1060 1957; x_wconf 80' lang='grc' dir='ltr'>ᾧὺε</span> <span class='ocrx_word' id='word_1_117' title='bbox 1083 1879 1244 1952; x_wconf 86' lang='grc' dir='ltr'>μετάστασιν</span> <span class='ocrx_word' id='word_1_118' title='bbox 1267 1873 1390 1934; x_wconf 74' lang='grc' dir='ltr'>σπεύδειν</span> 
     </span>
    </p>
   </div>
   <div class='ocr_carea' id='block_1_7' title="bbox 5 1997 1391 2077">
    <p class='ocr_par' dir='ltr' id='par_1_8' title="bbox 5 1997 1391 2077">
     <span class='ocr_line' id='line_1_13' title="bbox 5 1997 1391 2077; baseline 0.001 -22"><span class='ocrx_word' id='word_1_119' title='bbox 5 2010 27 2040; x_wconf 53' lang='lat'>¹³</span> <span class='ocrx_word' id='word_1_120' title='bbox 74 1997 120 2056; x_wconf 82' lang='grc' dir='ltr'>τὰ</span> <span class='ocrx_word' id='word_1_121' title='bbox 144 2005 202 2057; x_wconf 82' lang='grc' dir='ltr'>τῶν</span> <span class='ocrx_word' id='word_1_122' title='bbox 230 2003 325 2077; x_wconf 78' lang='grc' dir='ltr'>ψυχῶν</span> <span class='ocrx_word' id='word_1_123' title='bbox 352 2001 427 2075; x_wconf 81' lang='grc' dir='ltr'>ὑμῶν</span> <span class='ocrx_word' id='word_1_124' title='bbox 451 1997 523 2077; x_wconf 77' lang='grc' dir='ltr'>αὑτήν</span> <span class='ocrx_word' id='word_1_125' title='bbox 551 1999 704 2058; x_wconf 82' lang='grc' dir='ltr'>ἀνατιθέναι</span> <span class='ocrx_word' id='word_1_126' title='bbox 732 2001 870 2074; x_wconf 77' lang='grc' dir='ltr'>κινήματα</span> <span class='ocrx_word' id='word_1_127' title='bbox 896 2001 983 2058; x_wconf 84' lang='grc' dir='ltr'>πάντα</span> <span class='ocrx_word' id='word_1_128' title='bbox 1005 1997 1052 2058; x_wconf 88' lang='grc' dir='ltr'>καὶ</span> <span class='ocrx_word' id='word_1_129' title='bbox 1074 1997 1136 2070; x_wconf 91' lang='grc' dir='ltr'>τοὺς</span> <span class='ocrx_word' id='word_1_130' title='bbox 1157 1998 1307 2076; x_wconf 77' lang='grc' dir='ltr'>λογισμοὺς</span> <span class='ocrx_word' id='word_1_131' title='bbox 1329 1998 1391 2069; x_wconf 81' lang='grc' dir='ltr'>τοὺς</span> 
     </span>
    </p>
   </div>
   <div class='ocr_carea' id='block_1_8' title="bbox 2 2119 1389 2203">
    <p class='ocr_par' dir='ltr' id='par_1_9' title="bbox 2 2119 1389 2203">
     <span class='ocr_line' id='line_1_14' title="bbox 2 2119 1389 2203; baseline -0.001 -26"><span class='ocrx_word' id='word_1_132' title='bbox 2 2135 15 2166; x_wconf 79' lang='grc'>’-</span> <span class='ocrx_word' id='word_1_133' title='bbox 74 2121 282 2198; x_wconf 76' lang='grc' dir='ltr'>ψυχοβλαβεῖς</span> <span class='ocrx_word' id='word_1_134' title='bbox 309 2119 545 2203; x_wconf 79' lang='grc' dir='ltr'>ἐξομολογεῖσθαι,</span> <span class='ocrx_word' id='word_1_135' title='bbox 578 2120 612 2179; x_wconf 83' lang='grc' dir='ltr'>ἵν’</span> <span class='ocrx_word' id='word_1_136' title='bbox 629 2121 751 2180; x_wconf 85' lang='grc' dir='ltr'>ἐντεῦθεν</span> <span class='ocrx_word' id='word_1_137' title='bbox 780 2120 874 2180; x_wconf 86' lang='grc' dir='ltr'>αὑτίκα</span> <span class='ocrx_word' id='word_1_138' title='bbox 897 2121 914 2195; x_wconf 86' lang='grc' dir='ltr'>ή</span> <span class='ocrx_word' id='word_1_139' title='bbox 937 2121 1005 2200; x_wconf 80' lang='grc' dir='ltr'>πρός</span> <span class='ocrx_word' id='word_1_140' title='bbox 1032 2119 1112 2179; x_wconf 71' lang='grc' dir='ltr'>αὑτόν</span> <span class='ocrx_word' id='word_1_141' title='bbox 1139 2121 1233 2198; x_wconf 82' lang='grc' dir='ltr'>σχέσις</span> <span class='ocrx_word' id='word_1_142' title='bbox 1254 2139 1284 2178; x_wconf 88' lang='grc' dir='ltr'>τε</span> <span class='ocrx_word' id='word_1_143' title='bbox 1314 2120 1389 2194; x_wconf 85' lang='grc' dir='ltr'>ὑμῶν</span> 
     </span>
    </p>
   </div>
   <div class='ocr_carea' id='block_1_9' title="bbox 7 2239 1427 2323">
    <p class='ocr_par' dir='ltr' id='par_1_10' title="bbox 7 2239 1427 2323">
     <span class='ocr_line' id='line_1_15' title="bbox 7 2239 1427 2323; baseline 0.001 -24"><span class='ocrx_word' id='word_1_144' title='bbox 7 2255 35 2292; x_wconf 76' lang='lat'>22·</span> <span class='ocrx_word' id='word_1_145' title='bbox 75 2241 133 2301; x_wconf 80' lang='grc' dir='ltr'>καί</span> <span class='ocrx_word' id='word_1_146' title='bbox 161 2242 291 2321; x_wconf 84' lang='grc' dir='ltr'>διάθεσις,</span> <span class='ocrx_word' id='word_1_147' title='bbox 314 2243 395 2303; x_wconf 90' lang='grc' dir='ltr'>όποία</span> <span class='ocrx_word' id='word_1_148' title='bbox 419 2242 471 2320; x_wconf 81' lang='grc' dir='ltr'>εἴη,</span> <span class='ocrx_word' id='word_1_149' title='bbox 494 2243 729 2323; x_wconf 76' lang='grc' dir='ltr'>χαρακτηρίζοιτο.</span> <span class='ocrx_word' id='word_1_150' title='bbox 760 2242 912 2322; x_wconf 79' lang='grc' dir='ltr'>λογισμοὺς</span> <span class='ocrx_word' id='word_1_151' title='bbox 929 2241 959 2302; x_wconf 84' lang='grc' dir='ltr'>δὲ</span> <span class='ocrx_word' id='word_1_152' title='bbox 976 2247 1005 2303; x_wconf 91' lang='grc' dir='ltr'>οῦ</span> <span class='ocrx_word' id='word_1_153' title='bbox 1021 2243 1082 2314; x_wconf 87' lang='grc' dir='ltr'>τοὺς</span> <span class='ocrx_word' id='word_1_154' title='bbox 1105 2239 1390 2322; x_wconf 82' lang='grc' dir='ltr'>προεξαγορευθέντας</span> <span class='ocrx_word' id='word_1_155' title='bbox 1422 2279 1427 2291; x_wconf 84' lang='grc'><strong>-</strong></span> 
     </span>
    </p>
   </div>
   <div class='ocr_carea' id='block_1_10' title="bbox 22 2363 1390 2446">
    <p class='ocr_par' dir='ltr' id='par_1_11' title="bbox 22 2363 1390 2446">
     <span class='ocr_line' id='line_1_16' title="bbox 22 2363 1390 2446; baseline -0.001 -24"><span class='ocrx_word' id='word_1_156' title='bbox 22 2403 29 2412; x_wconf 88' lang='lat'>-</span> <span class='ocrx_word' id='word_1_157' title='bbox 76 2365 150 2439; x_wconf 87' lang='grc' dir='ltr'>ὑμῖν</span> <span class='ocrx_word' id='word_1_158' title='bbox 174 2385 272 2444; x_wconf 75' lang='grc' dir='ltr'>φαμεν,</span> <span class='ocrx_word' id='word_1_159' title='bbox 304 2364 329 2424; x_wconf 84' lang='grc' dir='ltr'>εί</span> <span class='ocrx_word' id='word_1_160' title='bbox 351 2367 390 2442; x_wconf 86' lang='grc' dir='ltr'>μή</span> <span class='ocrx_word' id='word_1_161' title='bbox 412 2366 463 2426; x_wconf 91' lang='grc' dir='ltr'>ποὺ</span> <span class='ocrx_word' id='word_1_162' title='bbox 485 2387 526 2437; x_wconf 91' lang='grc' dir='ltr'>τις</span> <span class='ocrx_word' id='word_1_163' title='bbox 548 2371 625 2425; x_wconf 85' lang='grc' dir='ltr'>τοῦτο</span> <span class='ocrx_word' id='word_1_164' title='bbox 648 2365 713 2438; x_wconf 85' lang='grc' dir='ltr'>ἴσως</span> <span class='ocrx_word' id='word_1_165' title='bbox 744 2366 815 2426; x_wconf 75' lang='grc' dir='ltr'>ἑνάον</span> <span class='ocrx_word' id='word_1_166' title='bbox 839 2363 1042 2446; x_wconf 76' lang='grc' dir='ltr'>αίρετίσοιτοί),</span> <span class='ocrx_word' id='word_1_167' title='bbox 1074 2364 1151 2424; x_wconf 90' lang='grc' dir='ltr'>ἀλλά</span> <span class='ocrx_word' id='word_1_168' title='bbox 1172 2365 1234 2435; x_wconf 89' lang='grc' dir='ltr'>τοὺς</span> <span class='ocrx_word' id='word_1_169' title='bbox 1257 2364 1390 2443; x_wconf 79' lang='grc' dir='ltr'>ὁσημέραι</span> 
     </span>
    </p>
   </div>
   <div class='ocr_carea' id='block_1_11' title="bbox 1 2480 1390 2568">
    <p class='ocr_par' dir='ltr' id='par_1_12' title="bbox 1 2480 1390 2568">
     <span class='ocr_line' id='line_1_17' title="bbox 1 2480 1390 2568; baseline -0.001 -24"><span class='ocrx_word' id='word_1_170' title='bbox 1 2508 15 2538; x_wconf 74' lang='lat'>2.</span> <span class='ocrx_word' id='word_1_171' title='bbox 75 2480 227 2565; x_wconf 51' lang='lat' dir='ltr'><strong><em>mfflpat</em></strong></span> <span class='ocrx_word' id='word_1_172' title='bbox 259 2485 442 2564; x_wconf 83' lang='grc' dir='ltr'>ἐνοχλοῦντας</span> <span class='ocrx_word' id='word_1_173' title='bbox 469 2487 543 2562; x_wconf 86' lang='grc' dir='ltr'>ὑμῖν·</span> <span class='ocrx_word' id='word_1_174' title='bbox 575 2489 605 2563; x_wconf 77' lang='grc' dir='ltr'>οὑ</span> <span class='ocrx_word' id='word_1_175' title='bbox 627 2489 682 2568; x_wconf 85' lang='grc' dir='ltr'>γάρ</span> <span class='ocrx_word' id='word_1_176' title='bbox 705 2488 787 2567; x_wconf 90' lang='grc' dir='ltr'>ἐστιν,</span> <span class='ocrx_word' id='word_1_177' title='bbox 819 2488 868 2546; x_wconf 89' lang='grc' dir='ltr'>οὑκ</span> <span class='ocrx_word' id='word_1_178' title='bbox 891 2487 961 2546; x_wconf 84' lang='grc' dir='ltr'>ἔστιν</span> <span class='ocrx_word' id='word_1_179' title='bbox 992 2487 1149 2566; x_wconf 81' lang='grc' dir='ltr'>ἀνθρώπους</span> <span class='ocrx_word' id='word_1_180' title='bbox 1179 2485 1258 2556; x_wconf 77' lang='grc' dir='ltr'>ὄντας</span> <span class='ocrx_word' id='word_1_181' title='bbox 1281 2486 1320 2559; x_wconf 82' lang='grc' dir='ltr'>μὴ</span> <span class='ocrx_word' id='word_1_182' title='bbox 1343 2483 1390 2544; x_wconf 86' lang='grc' dir='ltr'>καί</span> 
     </span>
    </p>
   </div>
   <div class='ocr_carea' id='block_1_12' title="bbox 24 2601 1390 2690">
    <p class='ocr_par' dir='ltr' id='par_1_13' title="bbox 24 2601 1390 2690">
     <span class='ocr_line' id='line_1_18' title="bbox 24 2601 1390 2690; baseline -0.001 -24"><span class='ocrx_word' id='word_1_183' title='bbox 24 2651 29 2657; x_wconf 76' lang='lat'>·</span> <span class='ocrx_word' id='word_1_184' title='bbox 78 2601 250 2685; x_wconf 82' lang='grc' dir='ltr'>λογίζεσθαί</span> <span class='ocrx_word' id='word_1_185' title='bbox 271 2607 298 2667; x_wconf 89' lang='grc' dir='ltr'>τί</span> <span class='ocrx_word' id='word_1_186' title='bbox 319 2628 385 2667; x_wconf 89' lang='grc' dir='ltr'>ποτε</span> <span class='ocrx_word' id='word_1_187' title='bbox 412 2611 539 2689; x_wconf 86' lang='grc' dir='ltr'>πονηρόν.</span> <span class='ocrx_word' id='word_1_188' title='bbox 586 2607 632 2667; x_wconf 87' lang='grc' dir='ltr'>καὶ</span> <span class='ocrx_word' id='word_1_189' title='bbox 656 2609 694 2684; x_wconf 86' lang='grc' dir='ltr'>μὴ</span> <span class='ocrx_word' id='word_1_190' title='bbox 719 2608 844 2690; x_wconf 82' lang='grc' dir='ltr'>ἀναβολῇ</span> <span class='ocrx_word' id='word_1_191' title='bbox 868 2609 898 2668; x_wconf 83' lang='grc' dir='ltr'>τό</span> <span class='ocrx_word' id='word_1_192' title='bbox 920 2607 1008 2667; x_wconf 76' lang='grc' dir='ltr'>καλόν</span> <span class='ocrx_word' id='word_1_193' title='bbox 1030 2604 1080 2684; x_wconf 86' lang='grc' dir='ltr'>ήτε</span> <span class='ocrx_word' id='word_1_194' title='bbox 1107 2607 1238 2686; x_wconf 79' lang='grc' dir='ltr'>διδόντες,</span> <span class='ocrx_word' id='word_1_195' title='bbox 1269 2607 1336 2686; x_wconf 84' lang='grc' dir='ltr'>ὅπερ</span> <span class='ocrx_word' id='word_1_196' title='bbox 1359 2607 1390 2665; x_wconf 82' lang='grc' dir='ltr'>οῦ</span> 
     </span>
    </p>
   </div>
   <div class='ocr_carea' id='block_1_13' title="bbox 4 2725 1390 2812">
    <p class='ocr_par' dir='ltr' id='par_1_14' title="bbox 4 2725 1390 2812">
     <span class='ocr_line' id='line_1_19' title="bbox 4 2725 1390 2812; baseline 0.001 -28"><span class='ocrx_word' id='word_1_197' title='bbox 4 2749 36 2784; x_wconf 61' lang='grc' dir='ltr'>ν’.</span> <span class='ocrx_word' id='word_1_198' title='bbox 79 2731 140 2808; x_wconf 81' lang='grc' dir='ltr'>δεῖ,</span> <span class='ocrx_word' id='word_1_199' title='bbox 173 2725 252 2789; x_wconf 87' lang='grc' dir='ltr'>ἀλλά</span> <span class='ocrx_word' id='word_1_200' title='bbox 279 2729 325 2789; x_wconf 89' lang='grc' dir='ltr'>σὺν</span> <span class='ocrx_word' id='word_1_201' title='bbox 351 2727 486 2812; x_wconf 83' lang='grc' dir='ltr'>προθυμίᾳ</span> <span class='ocrx_word' id='word_1_202' title='bbox 512 2732 586 2812; x_wconf 81' lang='grc' dir='ltr'>πάσῇ</span> <span class='ocrx_word' id='word_1_203' title='bbox 613 2729 660 2789; x_wconf 88' lang='grc' dir='ltr'>καὶ</span> <span class='ocrx_word' id='word_1_204' title='bbox 687 2731 790 2812; x_wconf 76' lang='grc' dir='ltr'>σπουδῇ</span> <span class='ocrx_word' id='word_1_205' title='bbox 820 2732 888 2810; x_wconf 79' lang='grc' dir='ltr'>πρός</span> <span class='ocrx_word' id='word_1_206' title='bbox 914 2735 991 2791; x_wconf 86' lang='grc' dir='ltr'>τοῦτο</span> <span class='ocrx_word' id='word_1_207' title='bbox 1017 2731 1141 2811; x_wconf 84' lang='grc' dir='ltr'>τρέχετε,</span> <span class='ocrx_word' id='word_1_208' title='bbox 1172 2731 1211 2800; x_wconf 85' lang='grc' dir='ltr'>ὡς</span> <span class='ocrx_word' id='word_1_209' title='bbox 1233 2731 1265 2787; x_wconf 87' lang='grc' dir='ltr'>ἀν</span> <span class='ocrx_word' id='word_1_210' title='bbox 1288 2730 1318 2786; x_wconf 80' lang='grc' dir='ltr'>ἓν</span> <span class='ocrx_word' id='word_1_211' title='bbox 1340 2725 1390 2805; x_wconf 86' lang='grc' dir='ltr'>ήτε</span> 
     </span>
    </p>
   </div>
   <div class='ocr_carea' id='block_1_14' title="bbox 26 2847 1441 2932">
    <p class='ocr_par' dir='ltr' id='par_1_15' title="bbox 26 2847 1441 2932">
     <span class='ocr_line' id='line_1_20' title="bbox 26 2847 1441 2932; baseline -0.001 -22"><span class='ocrx_word' id='word_1_212' title='bbox 26 2871 34 2879; x_wconf 91' lang='grc'><strong><em>·</em></strong></span> <span class='ocrx_word' id='word_1_213' title='bbox 80 2854 190 2922; x_wconf 82' lang='grc' dir='ltr'>πάντες</span> <span class='ocrx_word' id='word_1_214' title='bbox 205 2850 236 2910; x_wconf 77' lang='grc' dir='ltr'>τό</span> <span class='ocrx_word' id='word_1_215' title='bbox 251 2851 315 2910; x_wconf 76' lang='grc' dir='ltr'>αὑτό</span> <span class='ocrx_word' id='word_1_216' title='bbox 331 2855 499 2932; x_wconf 85' lang='grc' dir='ltr'>ρρονοῦντες,</span> <span class='ocrx_word' id='word_1_217' title='bbox 523 2854 553 2911; x_wconf 80' lang='grc' dir='ltr'>τ“ο</span> <span class='ocrx_word' id='word_1_218' title='bbox 570 2853 633 2912; x_wconf 78' lang='grc' dir='ltr'>αὑτό</span> <span class='ocrx_word' id='word_1_219' title='bbox 648 2853 832 2930; x_wconf 86' lang='grc' dir='ltr'>λογιζόμενοι,</span> <span class='ocrx_word' id='word_1_220' title='bbox 853 2853 894 2930; x_wconf 80' lang='grc' dir='ltr'>ὑφ’</span> <span class='ocrx_word' id='word_1_221' title='bbox 911 2850 950 2912; x_wconf 81' lang='grc' dir='ltr'>ἑνὶ</span> <span class='ocrx_word' id='word_1_222' title='bbox 965 2850 1011 2912; x_wconf 88' lang='grc' dir='ltr'>καὶ</span> <span class='ocrx_word' id='word_1_223' title='bbox 1026 2848 1065 2929; x_wconf 80' lang='grc' dir='ltr'>τῷ</span> <span class='ocrx_word' id='word_1_224' title='bbox 1081 2847 1152 2930; x_wconf 81' lang='grc' dir='ltr'>αὑτῷ</span> <span class='ocrx_word' id='word_1_225' title='bbox 1167 2852 1274 2924; x_wconf 85' lang='grc' dir='ltr'>ποιμένι</span> <span class='ocrx_word' id='word_1_226' title='bbox 1288 2871 1389 2924; x_wconf 88' lang='grc' dir='ltr'>ποιμε-</span> <span class='ocrx_word' id='word_1_227' title='bbox 1436 2918 1441 2926; x_wconf 46' lang='grc'>,</span> 
     </span>
    </p>
   </div>
   <div class='ocr_carea' id='block_1_15' title="bbox 82 2971 1389 3055">
    <p class='ocr_par' dir='ltr' id='par_1_16' title="bbox 3 2971 1389 3055">
     <span class='ocr_line' id='line_1_21' title="bbox 82 2971 1389 3055; baseline -0.001 -21.114"><span class='ocrx_word' id='word_1_228' title='bbox 82 2973 201 3048; x_wconf 87' lang='grc' dir='ltr'>νόμενοί</span> <span class='ocrx_word' id='word_1_229' title='bbox 214 2993 255 3053; x_wconf 88' lang='grc' dir='ltr'>τε,</span> <span class='ocrx_word' id='word_1_230' title='bbox 270 2975 422 3054; x_wconf 89' lang='grc' dir='ltr'>καθαπερεί</span> <span class='ocrx_word' id='word_1_231' title='bbox 436 2995 476 3047; x_wconf 91' lang='grc' dir='ltr'>τις</span> <span class='ocrx_word' id='word_1_232' title='bbox 490 2979 577 3054; x_wconf 85' lang='grc' dir='ltr'>χρυσῇ</span> <span class='ocrx_word' id='word_1_233' title='bbox 594 2974 670 3055; x_wconf 88' lang='grc' dir='ltr'>σειρά</span> <span class='ocrx_word' id='word_1_234' title='bbox 686 2975 825 3050; x_wconf 90' lang='grc' dir='ltr'>ἀλλήλοις</span> <span class='ocrx_word' id='word_1_235' title='bbox 840 2973 1014 3049; x_wconf 86' lang='grc' dir='ltr'>συνδοὺμενοι</span> <span class='ocrx_word' id='word_1_236' title='bbox 1030 2971 1167 3048; x_wconf 89' lang='grc' dir='ltr'>ἀλλήλων</span> <span class='ocrx_word' id='word_1_237' title='bbox 1182 2993 1212 3032; x_wconf 92' lang='grc' dir='ltr'>τε</span> <span class='ocrx_word' id='word_1_238' title='bbox 1227 2974 1389 3052; x_wconf 87' lang='grc' dir='ltr'>περιέχεσθε</span> 
     </span>
    </p>
   </div>
   <div class='ocr_carea' id='block_1_16' title="bbox 13 3092 1388 3178">
    <p class='ocr_par' dir='ltr' id='par_1_17' title="bbox 13 3092 1388 3178">
     <span class='ocr_line' id='line_1_22' title="bbox 13 3092 1388 3178; baseline 0.002 -27"><span class='ocrx_word' id='word_1_239' title='bbox 13 3119 31 3151; x_wconf 79' lang='lat'>·=.</span> <span class='ocrx_word' id='word_1_240' title='bbox 82 3093 135 3154; x_wconf 84' lang='grc' dir='ltr'>καὶ</span> <span class='ocrx_word' id='word_1_241' title='bbox 153 3092 193 3164; x_wconf 88' lang='grc' dir='ltr'>είς</span> <span class='ocrx_word' id='word_1_242' title='bbox 216 3096 246 3153; x_wconf 86' lang='grc' dir='ltr'>ἓν</span> <span class='ocrx_word' id='word_1_243' title='bbox 266 3096 515 3176; x_wconf 84' lang='grc' dir='ltr'>συναρμολογεῖσθε</span> <span class='ocrx_word' id='word_1_244' title='bbox 539 3101 618 3172; x_wconf 83' lang='grc' dir='ltr'>σῶμα</span> <span class='ocrx_word' id='word_1_245' title='bbox 641 3095 691 3155; x_wconf 82' lang='grc' dir='ltr'>ὑπο</span> <span class='ocrx_word' id='word_1_246' title='bbox 707 3096 758 3178; x_wconf 82' lang='grc' dir='ltr'>μιᾷ</span> <span class='ocrx_word' id='word_1_247' title='bbox 779 3094 899 3178; x_wconf 88' lang='grc' dir='ltr'>κεραλῇ,</span> <span class='ocrx_word' id='word_1_248' title='bbox 922 3094 992 3154; x_wconf 86' lang='grc' dir='ltr'>κατὰ</span> <span class='ocrx_word' id='word_1_249' title='bbox 1007 3095 1054 3154; x_wconf 80' lang='grc' dir='ltr'>τὀν</span> <span class='ocrx_word' id='word_1_250' title='bbox 1074 3097 1146 3155; x_wconf 89' lang='grc' dir='ltr'>θεῖον</span> <span class='ocrx_word' id='word_1_251' title='bbox 1170 3094 1333 3174; x_wconf 87' lang='grc' dir='ltr'>ἀπόστολον,</span> <span class='ocrx_word' id='word_1_252' title='bbox 1353 3101 1388 3177; x_wconf 67' lang='grc' dir='ltr'>’τῇ</span> 
     </span>
    </p>
   </div>
   <div class='ocr_carea' id='block_1_17' title="bbox 2 3214 1388 3299">
    <p class='ocr_par' dir='ltr' id='par_1_18' title="bbox 2 3214 1388 3299">
     <span class='ocr_line' id='line_1_23' title="bbox 2 3214 1388 3299; baseline -0.002 -24"><span class='ocrx_word' id='word_1_253' title='bbox 2 3242 31 3281; x_wconf 69' lang='lat'>;,.·.·</span> <span class='ocrx_word' id='word_1_254' title='bbox 83 3217 278 3299; x_wconf 83' lang='grc' dir='ltr'>ἀρχιτεκτονίᾳ</span> <span class='ocrx_word' id='word_1_255' title='bbox 301 3221 346 3276; x_wconf 89' lang='grc' dir='ltr'>τοῦ</span> <span class='ocrx_word' id='word_1_256' title='bbox 367 3218 534 3292; x_wconf 88' lang='grc' dir='ltr'>πνεῦματος·</span> <span class='ocrx_word' id='word_1_257' title='bbox 562 3215 609 3278; x_wconf 86' lang='grc' dir='ltr'>καί</span> <span class='ocrx_word' id='word_1_258' title='bbox 632 3216 705 3293; x_wconf 84' lang='grc' dir='ltr'>εῖητέ</span> <span class='ocrx_word' id='word_1_259' title='bbox 729 3237 784 3298; x_wconf 91' lang='grc' dir='ltr'>μοι,</span> <span class='ocrx_word' id='word_1_260' title='bbox 811 3219 905 3297; x_wconf 87' lang='grc' dir='ltr'>τέκνα,</span> <span class='ocrx_word' id='word_1_261' title='bbox 932 3221 1020 3277; x_wconf 84' lang='grc' dir='ltr'>πᾶσαν</span> <span class='ocrx_word' id='word_1_262' title='bbox 1043 3220 1132 3296; x_wconf 84' lang='grc' dir='ltr'>τιμήν,</span> <span class='ocrx_word' id='word_1_263' title='bbox 1160 3221 1249 3276; x_wconf 80' lang='grc' dir='ltr'>πᾶσαν</span> <span class='ocrx_word' id='word_1_264' title='bbox 1273 3214 1388 3294; x_wconf 88' lang='grc' dir='ltr'>εῦνοιαν,</span> 
     </span>
    </p>
   </div>
   <div class='ocr_carea' id='block_1_18' title="bbox 4 3337 1388 3420">
    <p class='ocr_par' dir='ltr' id='par_1_19' title="bbox 4 3337 1388 3420">
     <span class='ocr_line' id='line_1_24' title="bbox 4 3337 1388 3420; baseline -0.001 -20"><span class='ocrx_word' id='word_1_265' title='bbox 4 3347 28 3406; x_wconf 70' lang='lat'>,2</span> <span class='ocrx_word' id='word_1_266' title='bbox 84 3343 180 3397; x_wconf 80' lang='grc' dir='ltr'>πᾶσαν</span> <span class='ocrx_word' id='word_1_267' title='bbox 197 3337 353 3418; x_wconf 86' lang='grc' dir='ltr'>εὑλάβειαν,</span> <span class='ocrx_word' id='word_1_268' title='bbox 376 3344 465 3398; x_wconf 84' lang='grc' dir='ltr'>πᾶσαν</span> <span class='ocrx_word' id='word_1_269' title='bbox 481 3341 620 3418; x_wconf 76' lang='grc' dir='ltr'>ὑποταγὴν</span> <span class='ocrx_word' id='word_1_270' title='bbox 636 3339 801 3420; x_wconf 80' lang='grc' dir='ltr'>ἀδιάκριτον,</span> <span class='ocrx_word' id='word_1_271' title='bbox 824 3343 915 3400; x_wconf 87' lang='grc' dir='ltr'>πᾶσαν</span> <span class='ocrx_word' id='word_1_272' title='bbox 932 3339 1083 3399; x_wconf 77' lang='grc' dir='ltr'>εὐπείθειαν</span> <span class='ocrx_word' id='word_1_273' title='bbox 1098 3337 1137 3417; x_wconf 79' lang='grc' dir='ltr'>τῷ</span> <span class='ocrx_word' id='word_1_274' title='bbox 1152 3340 1298 3418; x_wconf 81' lang='grc' dir='ltr'>ἡγουμένῳ</span> <span class='ocrx_word' id='word_1_275' title='bbox 1313 3339 1388 3414; x_wconf 86' lang='grc' dir='ltr'>ὑμῶν</span> 
     </span>
    </p>
   </div>
   <div class='ocr_carea' id='block_1_19' title="bbox 6 3458 1390 3544">
    <p class='ocr_par' dir='ltr' id='par_1_20' title="bbox 6 3458 1390 3544">
     <span class='ocr_line' id='line_1_25' title="bbox 6 3458 1390 3544; baseline -0.002 -22"><span class='ocrx_word' id='word_1_276' title='bbox 6 3479 35 3527; x_wconf 60' lang='lat'>121:</span> <span class='ocrx_word' id='word_1_277' title='bbox 85 3461 287 3538; x_wconf 80' lang='grc' dir='ltr'>ἀποσώζοντες,</span> <span class='ocrx_word' id='word_1_278' title='bbox 311 3461 435 3542; x_wconf 80' lang='grc' dir='ltr'>καθάπερ</span> <span class='ocrx_word' id='word_1_279' title='bbox 457 3459 507 3520; x_wconf 88' lang='grc' dir='ltr'>τινὶ</span> <span class='ocrx_word' id='word_1_280' title='bbox 529 3467 583 3536; x_wconf 84' lang='grc' dir='ltr'>τῶν</span> <span class='ocrx_word' id='word_1_281' title='bbox 605 3463 730 3542; x_wconf 86' lang='grc' dir='ltr'>πατέρων</span> <span class='ocrx_word' id='word_1_282' title='bbox 753 3459 870 3541; x_wconf 76' lang='grc' dir='ltr'>εἴρηται·</span> <span class='ocrx_word' id='word_1_283' title='bbox 895 3459 940 3542; x_wconf 65' lang='grc' dir='ltr'>,εἰ</span> <span class='ocrx_word' id='word_1_284' title='bbox 963 3463 1027 3541; x_wconf 90' lang='grc' dir='ltr'>γάρ,</span> <span class='ocrx_word' id='word_1_285' title='bbox 1051 3458 1158 3544; x_wconf 65' lang='grc' dir='ltr'>ρησιί),</span> <span class='ocrx_word' id='word_1_286' title='bbox 1181 3459 1247 3540; x_wconf 85' lang='grc' dir='ltr'>ὑπὲρ</span> <span class='ocrx_word' id='word_1_287' title='bbox 1269 3461 1348 3534; x_wconf 83' lang='grc' dir='ltr'>ήμιῦν</span> <span class='ocrx_word' id='word_1_288' title='bbox 1364 3460 1390 3520; x_wconf 82' lang='grc' dir='ltr'>οῖ</span> 
     </span>
    </p>
   </div>
   <div class='ocr_carea' id='block_1_20' title="bbox 1 3578 1389 3663">
    <p class='ocr_par' dir='ltr' id='par_1_21' title="bbox 1 3578 1389 3663">
     <span class='ocr_line' id='line_1_26' title="bbox 1 3578 1389 3663; baseline 0.004 -26"><span class='ocrx_word' id='word_1_289' title='bbox 1 3592 43 3651; x_wconf 60' lang='grc' dir='ltr'>,ιτ</span> <span class='ocrx_word' id='word_1_290' title='bbox 85 3583 169 3654; x_wconf 84' lang='grc' dir='ltr'>ήμῶν</span> <span class='ocrx_word' id='word_1_291' title='bbox 199 3580 411 3658; x_wconf 80' lang='grc' dir='ltr'>ἐπιμελούμενοι</span> <span class='ocrx_word' id='word_1_292' title='bbox 438 3581 524 3662; x_wconf 88' lang='grc' dir='ltr'>λόγον</span> <span class='ocrx_word' id='word_1_293' title='bbox 551 3582 698 3642; x_wconf 79' lang='grc' dir='ltr'>ἀποδοῦναι</span> <span class='ocrx_word' id='word_1_294' title='bbox 726 3581 870 3663; x_wconf 87' lang='grc' dir='ltr'>μέλλουσι,</span> <span class='ocrx_word' id='word_1_295' title='bbox 899 3589 960 3655; x_wconf 83' lang='grc' dir='ltr'>πῶς</span> <span class='ocrx_word' id='word_1_296' title='bbox 986 3581 1047 3660; x_wconf 85' lang='grc' dir='ltr'>οὑχὶ</span> <span class='ocrx_word' id='word_1_297' title='bbox 1074 3578 1145 3643; x_wconf 84' lang='grc' dir='ltr'>κατὰ</span> <span class='ocrx_word' id='word_1_298' title='bbox 1171 3585 1259 3642; x_wconf 78' lang='grc' dir='ltr'>πάντα</span> <span class='ocrx_word' id='word_1_299' title='bbox 1285 3583 1389 3654; x_wconf 90' lang='grc' dir='ltr'>τοὺτοις</span> 
     </span>
    </p>
   </div>
   <div class='ocr_carea' id='block_1_21' title="bbox 12 3701 1389 3788">
    <p class='ocr_par' dir='ltr' id='par_1_22' title="bbox 12 3701 1389 3788">
     <span class='ocr_line' id='line_1_27' title="bbox 12 3701 1389 3788; baseline -0.003 -21"><span class='ocrx_word' id='word_1_300' title='bbox 12 3713 43 3772; x_wconf 63' lang='grc' dir='ltr'>ὲξέ.</span> <span class='ocrx_word' id='word_1_301' title='bbox 87 3704 325 3781; x_wconf 84' lang='grc' dir='ltr'>ὑποταγησόμεθα</span> <span class='ocrx_word' id='word_1_302' title='bbox 351 3701 399 3762; x_wconf 85' lang='grc' dir='ltr'>καί</span> <span class='ocrx_word' id='word_1_303' title='bbox 426 3705 464 3776; x_wconf 84' lang='grc' dir='ltr'>ὡς</span> <span class='ocrx_word' id='word_1_304' title='bbox 490 3703 635 3788; x_wconf 65' lang='grc' dir='ltr'>περαλῇῖ)</span> <span class='ocrx_word' id='word_1_305' title='bbox 660 3705 694 3764; x_wconf 88' lang='grc' dir='ltr'>τά</span> <span class='ocrx_word' id='word_1_306' title='bbox 715 3704 801 3765; x_wconf 91' lang='grc' dir='ltr'>λοιπά</span> <span class='ocrx_word' id='word_1_307' title='bbox 828 3707 899 3784; x_wconf 84' lang='grc' dir='ltr'>μέρη</span> <span class='ocrx_word' id='word_1_308' title='bbox 921 3708 968 3764; x_wconf 90' lang='grc' dir='ltr'>τοῦ</span> <span class='ocrx_word' id='word_1_309' title='bbox 992 3707 1119 3780; x_wconf 85' lang='grc' dir='ltr'>σώματος</span> <span class='ocrx_word' id='word_1_310' title='bbox 1140 3704 1336 3778; x_wconf 82' lang='grc' dir='ltr'>ὑπακοὺσωμὲν</span> <span class='ocrx_word' id='word_1_311' title='bbox 1358 3725 1389 3763; x_wconf 91' lang='grc' dir='ltr'>τε</span> 
     </span>
    </p>
   </div>
   <div class='ocr_carea' id='block_1_22' title="bbox 86 3823 1386 3908">
    <p class='ocr_par' dir='ltr' id='par_1_23' title="bbox 9 3823 1386 3914">
     <span class='ocr_line' id='line_1_28' title="bbox 86 3823 1386 3908; baseline 0.001 -24.944"><span class='ocrx_word' id='word_1_312' title='bbox 86 3823 137 3883; x_wconf 84' lang='grc' dir='ltr'>καὶ</span> <span class='ocrx_word' id='word_1_313' title='bbox 164 3824 438 3902; x_wconf 67' lang='grc' dir='ltr'>ἑξυπηρετήσομενίίς</span> <span class='ocrx_word' id='word_1_314' title='bbox 468 3824 515 3885; x_wconf 88' lang='grc' dir='ltr'>καὶ</span> <span class='ocrx_word' id='word_1_315' title='bbox 539 3827 554 3885; x_wconf 86' lang='grc' dir='ltr'>ὑ</span> <span class='ocrx_word' id='word_1_316' title='bbox 580 3827 655 3900; x_wconf 88' lang='grc' dir='ltr'>θεῖος</span> <span class='ocrx_word' id='word_1_317' title='bbox 681 3825 729 3886; x_wconf 89' lang='grc' dir='ltr'>καὶ</span> <span class='ocrx_word' id='word_1_318' title='bbox 756 3828 845 3907; x_wconf 88' lang='grc' dir='ltr'>μέγας</span> <span class='ocrx_word' id='word_1_319' title='bbox 873 3827 1027 3900; x_wconf 83' lang='grc' dir='ltr'>ἀπόστολος</span> <span class='ocrx_word' id='word_1_320' title='bbox 1050 3827 1162 3900; x_wconf 83' lang='grc' dir='ltr'>Παῦλος</span> <span class='ocrx_word' id='word_1_321' title='bbox 1189 3827 1274 3898; x_wconf 89' lang='grc' dir='ltr'>οὑτως</span> <span class='ocrx_word' id='word_1_322' title='bbox 1301 3826 1330 3884; x_wconf 90' lang='grc' dir='ltr'>έν</span> <span class='ocrx_word' id='word_1_323' title='bbox 1353 3833 1386 3908; x_wconf 88' lang='grc' dir='ltr'>τῇ</span> 
     </span>
    </p>
   </div>
   <div class='ocr_carea' id='block_1_23' title="bbox 9 3945 1388 4032">
    <p class='ocr_par' dir='ltr' id='par_1_24' title="bbox 9 3945 1388 4032">
     <span class='ocr_line' id='line_1_29' title="bbox 9 3945 1388 4032; baseline -0.001 -22"><span class='ocrx_word' id='word_1_324' title='bbox 9 3953 42 4021; x_wconf 59' lang='grc' dir='ltr'>;,;ζ</span> <span class='ocrx_word' id='word_1_325' title='bbox 87 3950 156 4029; x_wconf 79' lang='grc' dir='ltr'>πρός</span> <span class='ocrx_word' id='word_1_326' title='bbox 180 3947 335 4024; x_wconf 86' lang='grc' dir='ltr'>Ῥωμαίους</span> <span class='ocrx_word' id='word_1_327' title='bbox 343 3945 369 4032; x_wconf 86' lang='lat'>⁴)</span> <span class='ocrx_word' id='word_1_328' title='bbox 398 3950 464 4031; x_wconf 88' lang='grc' dir='ltr'>αὑτῇ</span> <span class='ocrx_word' id='word_1_329' title='bbox 493 3949 624 4030; x_wconf 86' lang='grc' dir='ltr'>ἐπιστολῇ</span> <span class='ocrx_word' id='word_1_330' title='bbox 651 3952 769 4029; x_wconf 77' lang='grc' dir='ltr'>ροίσκει·’</span> <span class='ocrx_word' id='word_1_331' title='bbox 791 3951 937 4029; x_wconf 66' lang='grc' dir='ltr'>,πείθεσθε</span> <span class='ocrx_word' id='word_1_332' title='bbox 963 3951 1021 4022; x_wconf 88' lang='grc' dir='ltr'>τοῖς</span> <span class='ocrx_word' id='word_1_333' title='bbox 1049 3951 1212 4028; x_wconf 86' lang='grc' dir='ltr'>ἡγουμένοις</span> <span class='ocrx_word' id='word_1_334' title='bbox 1239 3949 1314 4022; x_wconf 83' lang='grc' dir='ltr'>ὑμῶν</span> <span class='ocrx_word' id='word_1_335' title='bbox 1341 3947 1388 4008; x_wconf 84' lang='grc' dir='ltr'>καὶ</span> 
     </span>
    </p>
   </div>
   <div class='ocr_carea' id='block_1_24' title="bbox 2 4068 1387 4151">
    <p class='ocr_par' dir='ltr' id='par_1_25' title="bbox 2 4068 1387 4151">
     <span class='ocr_line' id='line_1_30' title="bbox 2 4068 1387 4151; baseline 0 -21"><span class='ocrx_word' id='word_1_336' title='bbox 2 4094 45 4148; x_wconf 60' lang='grc' dir='ltr'>,ς-</span> <span class='ocrx_word' id='word_1_337' title='bbox 90 4069 231 4130; x_wconf 86' lang='grc' dir='ltr'>ὑπείκετε·</span> <span class='ocrx_word' id='word_1_338' title='bbox 256 4068 330 4129; x_wconf 89' lang='grc' dir='ltr'>αὑτοὶ</span> <span class='ocrx_word' id='word_1_339' title='bbox 352 4069 405 4150; x_wconf 89' lang='grc' dir='ltr'>γάρ</span> <span class='ocrx_word' id='word_1_340' title='bbox 422 4070 599 4151; x_wconf 89' lang='grc' dir='ltr'>ἀγρυπνοῦσιν</span> <span class='ocrx_word' id='word_1_341' title='bbox 615 4071 681 4150; x_wconf 82' lang='grc' dir='ltr'>ὑπὲρ</span> <span class='ocrx_word' id='word_1_342' title='bbox 704 4077 757 4130; x_wconf 85' lang='grc' dir='ltr'>τῶν</span> <span class='ocrx_word' id='word_1_343' title='bbox 780 4075 875 4149; x_wconf 82' lang='grc' dir='ltr'>ψυχῶν</span> <span class='ocrx_word' id='word_1_344' title='bbox 898 4072 973 4144; x_wconf 85' lang='grc' dir='ltr'>ὑμῶν</span> <span class='ocrx_word' id='word_1_345' title='bbox 996 4073 1034 4141; x_wconf 88' lang='grc' dir='ltr'>ὡς</span> <span class='ocrx_word' id='word_1_346' title='bbox 1056 4071 1142 4150; x_wconf 89' lang='grc' dir='ltr'>λόγον</span> <span class='ocrx_word' id='word_1_347' title='bbox 1166 4069 1387 4142; x_wconf 61' lang='grc' dir='ltr'>ἀποδώσοντεςίί.</span> 
     </span>
    </p>
   </div>
   <div class='ocr_carea' id='block_1_25' title="bbox 90 4190 1388 4274">
    <p class='ocr_par' dir='ltr' id='par_1_26' title="bbox 1 4190 1388 4274">
     <span class='ocr_line' id='line_1_31' title="bbox 90 4190 1388 4274; baseline 0.002 -23.807"><span class='ocrx_word' id='word_1_348' title='bbox 90 4191 168 4252; x_wconf 90' lang='grc' dir='ltr'>ἀλλά</span> <span class='ocrx_word' id='word_1_349' title='bbox 198 4190 244 4251; x_wconf 86' lang='grc' dir='ltr'>καί</span> <span class='ocrx_word' id='word_1_350' title='bbox 274 4193 341 4272; x_wconf 82' lang='grc' dir='ltr'>πρός</span> <span class='ocrx_word' id='word_1_351' title='bbox 371 4191 517 4266; x_wconf 82' lang='grc' dir='ltr'>ἀλλήλους</span> <span class='ocrx_word' id='word_1_352' title='bbox 547 4193 667 4272; x_wconf 82' lang='grc' dir='ltr'>ἀγάπην,</span> <span class='ocrx_word' id='word_1_353' title='bbox 699 4191 821 4274; x_wconf 86' lang='grc' dir='ltr'>εἰρήνην,</span> <span class='ocrx_word' id='word_1_354' title='bbox 856 4194 983 4268; x_wconf 88' lang='grc' dir='ltr'>όμόνοιαν</span> <span class='ocrx_word' id='word_1_355' title='bbox 1014 4193 1194 4271; x_wconf 81' lang='grc' dir='ltr'>φυλάττοντες</span> <span class='ocrx_word' id='word_1_356' title='bbox 1225 4191 1299 4267; x_wconf 87' lang='grc' dir='ltr'>εῖητέ</span> <span class='ocrx_word' id='word_1_357' title='bbox 1331 4213 1388 4272; x_wconf 86' lang='grc' dir='ltr'>μοι,</span> 
     </span>
    </p>
   </div>
   <div class='ocr_carea' id='block_1_26' title="bbox 92 4308 1388 4395">
    <p class='ocr_par' dir='ltr' id='par_1_27' title="bbox 10 4308 1388 4402">
     <span class='ocr_line' id='line_1_32' title="bbox 92 4308 1388 4395; baseline 0.001 -22.881"><span class='ocrx_word' id='word_1_358' title='bbox 92 4313 230 4388; x_wconf 87' lang='grc' dir='ltr'>ἀλλήλων</span> <span class='ocrx_word' id='word_1_359' title='bbox 260 4313 468 4394; x_wconf 84' lang='grc' dir='ltr'>ὑπερκαιόμενοι</span> <span class='ocrx_word' id='word_1_360' title='bbox 500 4313 533 4373; x_wconf 85' lang='grc' dir='ltr'>ἐκ</span> <span class='ocrx_word' id='word_1_361' title='bbox 562 4315 739 4394; x_wconf 80' lang='grc' dir='ltr'>φιλοστόργου</span> <span class='ocrx_word' id='word_1_362' title='bbox 769 4308 892 4395; x_wconf 81' lang='grc' dir='ltr'>γνώμης,</span> <span class='ocrx_word' id='word_1_363' title='bbox 929 4314 1075 4390; x_wconf 91' lang='grc' dir='ltr'>ἀλλήλους</span> <span class='ocrx_word' id='word_1_364' title='bbox 1106 4313 1285 4395; x_wconf 70' lang='grc' dir='ltr'>στηρίξαντες,</span> <span class='ocrx_word' id='word_1_365' title='bbox 1320 4314 1388 4374; x_wconf 85' lang='grc' dir='ltr'>ὑπο-</span> 
     </span>
    </p>
   </div>
   <div class='ocr_carea' id='block_1_27' title="bbox 1 4625 41 4774">
    <p class='ocr_par' dir='ltr' id='par_1_28' title="bbox 1 4625 41 4774">
     <span class='ocr_line' id='line_1_33' title="bbox 1 4625 41 4680; baseline 0 0"><span class='ocrx_word' id='word_1_366' title='bbox 1 4625 41 4680; x_wconf 56' lang='lat' dir='ltr'><em>ffl</em></span> 
     </span>
     <span class='ocr_line' id='line_1_34' title="bbox 13 4725 30 4774; baseline -0.647 1"><span class='ocrx_word' id='word_1_367' title='bbox 13 4725 30 4774; x_wconf 71' lang='grc' dir='ltr'>ίὶι</span> 
     </span>
    </p>
   </div>
   <div class='ocr_carea' id='block_1_28' title="bbox 90 4488 296 4496">
    <p class='ocr_par' dir='ltr' id='par_1_29' title="bbox 90 4488 296 4496">
     <span class='ocr_line' id='line_1_35' title="bbox 90 4488 296 4496; baseline -0.01 0"><span class='ocrx_word' id='word_1_368' title='bbox 90 4488 296 4496; x_wconf 76' lang='lat'><em>..--—</em></span> 
     </span>
    </p>
   </div>
   <div class='ocr_carea' id='block_1_29' title="bbox 92 4593 1387 4760">
    <p class='ocr_par' dir='ltr' id='par_1_30' title="bbox 92 4593 1387 4760">
     <span class='ocr_line' id='line_1_36' title="bbox 196 4593 1387 4667; baseline 0.003 -23"><span class='ocrx_word' id='word_1_369' title='bbox 196 4593 446 4662; x_wconf 56' lang='grc' dir='ltr'>ήῴΜωωΗ</span> <span class='ocrx_word' id='word_1_370' title='bbox 522 4595 1039 4666; x_wconf 49' lang='grc' dir='ltr'>ήῃώἀώΕ.θΜψΜΕ</span> <span class='ocrx_word' id='word_1_371' title='bbox 1110 4599 1387 4667; x_wconf 56' lang='grc' dir='ltr'>ήΜμΜΗὼ.</span> 
     </span>
     <span class='ocr_line' id='line_1_37' title="bbox 92 4689 251 4760; baseline -0.025 -17"><span class='ocrx_word' id='word_1_372' title='bbox 92 4689 251 4760; x_wconf 58' lang='lat' dir='ltr'>fflffiffl.</span> 
     </span>
    </p>
   </div>
   <div class='ocr_carea' id='block_1_30' title="bbox 0 0 1629 5288">
    <p class='ocr_par' dir='ltr' id='par_1_31' title="bbox 0 0 1629 5288">
     <span class='ocr_line' id='line_1_38' title="bbox 0 0 1629 5288; baseline 0 0"><span class='ocrx_word' id='word_1_373' title='bbox 0 0 1629 5288; x_wconf 95' lang='lat' dir='ltr'> </span> 
     </span>
    </p>
   </div>
  </div>
 </body>
</html>
