3222 5284
1336 332 1400 396 323

93 523 142 586 καί
166 531 222 604 νῦν,
252 526 379 605 δέσποτα,
411 529 574 588 σκεαααάτω
603 548 638 602 με
660 529 678 602 ἡ
701 527 764 606 χείρ
787 548 844 606 σου,
872 524 919 586 καί
943 526 1020 586 έλθοι
1044 525 1086 586 ἐπ’
1100 525 1151 601 ἐμὲ
1173 527 1203 585 τδ
1232 525 1313 598 ἐλεός
1336 547 1396 587 σου·

94 647 143 718 δδς
170 646 253 720 δόξαν
276 645 315 728 τῷ
338 647 451 723 όνόματί
473 669 520 708 σου
542 647 580 726 τῷ
604 647 675 728 άγίῳ
697 645 744 707 καί
765 653 799 729 τῇ
821 653 856 729 σῇ
880 647 991 722 δυνάμει
1014 647 1140 725 ἀνάγαγέ
1163 667 1198 720 με
1221 644 1261 718 εἰς
1282 649 1312 706 τδ
1329 648 1401 708 θεῖόν

93 791 142 830 σου
168 770 258 848 βῆμα,
283 771 312 829 ἐν
335 769 373 850 τῷ
396 769 535 848 κρίνεσθαί
557 791 591 845 με
616 771 654 845 μὴ
677 769 833 844 καταλάβοι
856 789 891 843 με
914 770 932 842 ή
954 766 1016 847 χείρ
1039 771 1084 828 τοῦ
1108 768 1240 848 άρηγοντος
1262 773 1308 828 τοῦ
1328 772 1398 829 σκό-

93 912 157 962 τους
181 891 275 951 τοῦτου
298 889 339 959 εἰς
361 893 392 950 τδ
414 890 589 952 καταστᾶσαί
612 912 647 968 με
669 891 715 950 τὀν
739 891 905 970 ἁμαρτωλὸν
928 887 968 962 είς
991 890 1071 965 βυθόν
1088 886 1189 971 Ἅιδου,
1213 890 1291 950 ἀλλὰ
1305 893 1399 970 παρά-

94 1013 174 1086 στηθί
198 1033 245 1088 μοι
267 1012 315 1072 καί
343 1017 423 1091 γενοῦ
447 1034 493 1088 μοι
521 1014 611 1093 σωτὴρ
634 1011 681 1072 καὶ
705 1012 891 1092 άντιλήττωρ·
924 1011 1040 1086 ἐλέησον
1063 1012 1137 1092 κῦριε
1159 1013 1207 1086 τὴν
1232 1011 1400 1091 ρυπωθείσαν

93 1135 152 1204 τοῖς
175 1135 275 1194 πάθεσι
297 1113 343 1194 τοῦ
367 1133 426 1210 βίου
448 1135 541 1194 τοῦτου
564 1135 654 1212 ψυχήν
679 1155 740 1214 μου,
762 1132 810 1194 καί
832 1133 955 1214 καθαράν
977 1133 1059 1208 αθτὴν
1083 1132 1128 1192 διά
1148 1132 1294 1208 μετανοίας
1309 1137 1399 1214 πρόσ-

95 1253 187 1333 δεξαι,
218 1257 260 1314 ὅτι
288 1255 440 1334 εὐλογητὸς
463 1251 489 1316 εἰ
512 1254 551 1328 εἰς
576 1256 638 1326 τοὺς
665 1254 774 1326 αἰῶνας.
821 1258 905 1316 ταῦτά
926 1275 967 1314 σοι
994 1254 1069 1335 παρὰ
1096 1253 1195 1315 δοῦλου
1218 1255 1330 1334 ἀχρείου
1352 1254 1400 1316 καὶ

94 1381 225 1437 ταπεινοῦ
248 1375 296 1436 καί
316 1371 380 1437 λίαν
396 1377 572 1456 άμαρτωλοῦ,
595 1376 787 1455 πανσικτίρμον
802 1377 887 1459 κῦριε,
910 1377 1149 1456 φιλανθρωπότατε
1165 1375 1289 1456 βασιλεῦ,
1312 1397 1399 1457 προο-

94 1498 202 1558 πίπτων
233 1497 280 1558 οὖν
311 1498 382 1574 μετὰ
410 1501 637 1580 συντετριμμένης
668 1497 783 1578 καρδίας
813 1497 925 1558 ἱκετεύω
947 1496 994 1558 καί
1024 1495 1133 1577 δέομαι,
1166 1499 1204 1572 μὴ
1228 1499 1325 1581 ἀπάτη
1351 1501 1400 1574 τὴν

95 1618 230 1695 δουλικήν
254 1641 301 1680 σου
328 1621 425 1694 ταῦτ-ην
452 1620 544 1680 θυσίαν
567 1619 614 1680 καί
641 1617 755 1692 ἀναξίαν
776 1622 972 1699 προσαγωγὴν,
1003 1619 1081 1680 ἀλλὰ
1107 1619 1178 1680 κατὰ
1200 1622 1230 1680 τδ
1253 1623 1300 1680 σδν
1323 1621 1398 1682 άνεί-

93 1761 198 1801 καστον
229 1739 277 1800 καί
308 1737 491 1821 άνέκφραστον
522 1741 604 1813 ἕλεος
634 1737 781 1821 πρόσδεξαι
809 1741 906 1818 ταῦτην
930 1741 958 1800 ἐν
990 1739 1093 1824 εἰρήνη,
1124 1739 1172 1800 καί
1202 1741 1400 1822 φιλανθρώπως

97 1863 176 1922 ἔπιδε
199 1860 245 1922 ἐπὶ
267 1864 297 1922 τδ
320 1865 415 1943 μικρὸν
438 1866 514 1924 τοῦτο
537 1861 672 1942 ποίμνιον,
705 1864 745 1922 δτι
767 1862 939 1941 κληρονομία
961 1883 1008 1922 σου
1030 1863 1165 1938 κέκληται
1187 1861 1234 1922 καί
1258 1863 1323 1944 έστί,
1352 1863 1400 1925 καί

95 1981 222 2062 φύλαξον
244 1985 343 2060 ταύτην
367 1985 396 2044 ἐν
420 1983 515 2066 εἰρήνη
537 1982 584 2044 καὶ
607 1983 730 2066 ὁμονοίᾳ,
754 1989 891 2063 συντηριῦν
913 1983 948 2042 τὰ
971 1982 1171 2061 διατεταγμένα
1192 1985 1259 2062 πρὸς
1281 1984 1332 2059 σὴν
1354 1989 1400 2044 τοῦ

96 2106 228 2184 μεγάλου
250 2106 313 2166 θεοῦ
335 2103 382 2164 καὶ
404 2110 527 2186 σωτῆρος
548 2106 637 2183 ἡμῶν,
659 2110 709 2180 τῆς
725 2105 829 2176 ένιαίας
844 2103 890 2165 καί
905 2105 1075 2184 τριλαμποῦς
1090 2103 1136 2164 καί
1153 2106 1302 2186 ἰνιιερτάτης
1318 2105 1400 2182 βασι-

95 2224 181 2298 λείας
205 2225 333 2297 ἐπιεικιῦς
356 2226 543 2306 εῦαρέστησιν·
574 2226 609 2285 τὰ
631 2226 665 2285 σά
688 2225 742 2306 γάρ
765 2225 873 2286 ἐκτῶν
896 2231 950 2284 σῦν
973 2247 1014 2285 σοι
1035 2227 1203 2308 προσφέρων,
1235 2229 1400 2305 συγγνώμην

73 2346 168 2407 ,αἰτῶ
191 2351 237 2406 τοῦ
259 2347 448 2426 τολμήματος,
473 2344 554 2419 εἰδὼς
576 2347 615 2407 ότι
638 2347 669 2406 οῦ
692 2347 901 2421 δικαιωθήσεται
924 2346 1038 2407 ἐνώπιόν
1061 2367 1107 2406 σου
1130 2353 1205 2408 πᾶσα
1220 2345 1297 2428 σάρξ,
1322 2345 1401 2424 εἰμὴ

95 2472 126 2527 τδ
152 2471 201 2528 οδν
223 2474 274 2545 τῆς
296 2468 499 2549 φιλανθρωπίας
521 2470 668 2548 προφθάσει
691 2469 886 2542 ἀκατάληπτον
908 2467 955 2527 καί
972 2467 1119 2546 ἀδιήγητον
1137 2469 1228 2548 ἕλεος,
1252 2466 1287 2529 δι’
1300 2463 1332 2528 οὗ
1354 2468 1401 2530 καί

96 2590 130 2648 τά
157 2591 400 2669 προσενηνεγμένα
422 2588 497 2650 ταυτί
520 2590 618 2664 εῦτελή
640 2589 912 2665 πολυπλασιασθῆναι
934 2589 1050 2650 πιοτεθω
1072 2587 1120 2649 καὶ
1143 2588 1270 2670 εὔχομαι,
1294 2589 1340 2651 καί
1363 2589 1402 2664 είς

97 2711 220 2770 ἐπίδοσιν
244 2707 393 2786 ουίξηθῆναι
416 2709 462 2770 καὶ
484 2707 585 2788 πολλῷ
605 2709 713 2770 πλείοσι
729 2715 782 2770 τῶν
798 2711 937 2786 δεομένων
953 2710 1197 2788 ἐπιδαψιλευθῆναι
1211 2711 1246 2770 τὰ
1260 2711 1401 2792 κρείττονα

97 2830 145 2891 διὰ
168 2838 222 2890 τῶν
253 2830 374 2906 εῦσεβῶν
405 2831 555 2892 διαδόσεων
588 2829 627 2903 εἰς
649 2831 697 2906 τήν
720 2835 766 2891 τοῦ
789 2834 837 2892 σοῦ
867 2834 984 2912 κράτους
1015 2831 1127 2908 διηνεκῆ
1160 2828 1332 2914 εἰιχαριοτίαν
1354 2833 1401 2894 καί

97 2950 291 3029 δοξολάγησιν.
339 2951 388 3012 εἰσί
417 2952 449 3012 δὲ
476 2953 509 3010 τὰ
540 2951 715 3033 βρεβωθέντα
741 2951 780 3030 τῷ
807 2973 836 3011 τε
868 2949 988 3028 δουλικῷ
1017 2973 1063 3012 σου
1095 2954 1265 3034 μοναστηρίῳ
1292 2954 1339 3015 καί
1362 2956 1401 3036 τῷ

95 3073 310 3153 πτωχοτροφείῳ
332 3074 417 3152 ταυτί,
442 3067 483 3144 οἷς
507 3075 741 3151 συνταχθήσονται
762 3072 809 3134 καὶ
831 3073 865 3132 τὰ
888 3075 1034 3150 μετέπειτα
1055 3073 1334 3153 προσεπαυξσινόμενα
1357 3076 1403 3137 διὰ

95 3201 150 3270 τῆς
171 3199 223 3270 σῆς
246 3195 375 3272 μεγάλης
399 3194 528 3270 βοηθείας
551 3193 598 3254 καὶ
621 3195 794 3274 ἐπινεῦσεως,
818 3193 873 3253 εἴτε
896 3194 930 3253 δι’
945 3193 1011 3269 ἐμοῦ
1027 3189 1111 3272 αὖθις,
1136 3195 1191 3255 εἴτε
1208 3197 1253 3256 διά
1267 3199 1402 3276 φιλοθέων
1443 3225 1449 3238 ·

96 3314 146 3374 καὶ
169 3315 290 3388 εθοεβιῦν
313 3317 413 3394 ἑτέρων
437 3316 552 3395 ἀνδρῶν,
576 3311 614 3374 ὧν
637 3313 686 3374 καί
708 3316 742 3374 τά
764 3316 885 3390 ὀνόματα
905 3314 1041 3394 δφείλουοι
1058 3316 1206 3390 δηλοῦσθαι
1222 3319 1252 3376 ἐν
1267 3325 1299 3400 τῇ
1315 3341 1402 3398 προσ-

96 3443 190 3519 γραφῇ
213 3441 260 3496 τοῦ
283 3439 487 3518 καθιερωμένου
510 3439 671 3518 πράγματος
693 3440 803 3512 κινητοῦ
822 3439 841 3511 ή
857 3437 994 3518 ἀκινήτου,
1017 3439 1055 3508 ὡς
1071 3439 1104 3496 ἂν
1121 3439 1341 3514 μνημονεῦωνται
1358 3441 1403 3500 διά

96 3559 202 3630 παντὸς
225 3559 254 3618 ἐν
277 3560 338 3631 ταῖς
359 3560 503 3638 ήμεριναῑς
526 3557 573 3618 καί
595 3560 762 3638 νυκτεριναϊς
785 3555 963 3636 δοξολογίαις
984 3563 1030 3618 τοῦ
1052 3560 1125 3618 θείου
1148 3563 1221 3620 ναοῦ.

478 3763 513 3826 α’.
537 3767 598 3826 Διὰ
619 3772 681 3826 τῶν
704 3765 801 3847 ίεριῦν
824 3767 1022 3842 κειμηλίων.

204 3919 297 3980 Είκὼν
313 3923 427 4000 μεγάλη
444 3921 614 4002 ῦλογραφικὴ
630 3921 761 4001 στασίδια,
779 3923 884 3997 Ἰησοῦς
896 3924 1037 4002 Χριστδςό
1054 3923 1269 4004 Πανοικτίρμων,
1294 3925 1402 4006 σταυροὶ

99 4041 213 4123 άργυροὶ
225 4041 367 4123 διάχρυσοι
380 4041 547 4120 βαϊοφορικοὶ
559 4045 698 4123 τέσσαρες.
723 4041 804 4102 εἰκὼν
817 4043 931 4123 άργυρά,
944 4045 1143 4124 προσευχάδιον
1156 4045 1298 4124 διάχρυσον
1311 4046 1325 4104 ό
1338 4045 1401 4105 Σω-

98 4167 161 4244 τήρ,
183 4164 290 4239 λαιμὴν
312 4162 428 4242 δίθυρον,
453 4163 564 4240 ἔχουσαι
580 4163 608 4222 αἰ
623 4165 699 4244 θῦραι
720 4164 821 4222 έσωθεν
837 4165 888 4239 μὲν
903 4165 952 4240 τὴν
972 4165 1121 4246 ὑπεραγίαν
1138 4163 1275 4227 Θεοτάκον
1295 4163 1342 4226 καὶ
1357 4167 1402 4226 τδν

100 4287 188 4362 τίμιον
206 4284 378 4364 Πρόδρομον,
401 4285 464 4355 τοὺς
479 4283 572 4362 άγίους
588 4284 754 4356 ἀποστόλους
772 4285 875 4364 Πέτρον
890 4283 938 4344 καί
954 4285 1076 4365 Παῦλον,
1097 4287 1142 4345 τδν
1159 4289 1235 4366 άγιον
1251 4289 1402 4367 Ἀρτέμιον,

99 4405 147 4466 καὶ
174 4408 221 4468 τδν
251 4407 329 4483 ἅγιον
353 4405 543 4484 Λουκιλιανόν,
575 4403 676 4476 ἔξωθεν
699 4404 760 4476 τοὺς
783 4405 877 4484 ἁγίους
900 4408 1037 4486 μάρτυρας
1060 4407 1080 4465 Γ
1081 4409 1206 4486 εώργιον,
1238 4407 1402 4488 Ἀκίνδυνον,

102 4529 180 4606 άγιον
204 4527 357 4604 Νικόλαον,
380 4524 427 4583 καὶ
449 4527 494 4584 τδν
519 4525 596 4604 άγιον
619 4525 767 4606 Μεθόδιον,
794 4529 839 4586 τόν
863 4528 940 4606 ἅγιον
965 4529 1080 4604 Κοσμᾶν
1103 4526 1149 4588 καὶ
1171 4529 1217 4587 τδν
1241 4530 1318 4608 ἅγιον
1341 4531 1401 4589 Δα-

102 4650 209 4724 μιανάν.
250 4649 330 4726 ἑτέρα
353 4645 435 4705 εἰκὼν
458 4645 562 4726 άργυρδι
586 4645 733 4726 διάχρυσος
755 4648 770 4705 ό
791 4648 898 4728 Σωτήρ,
922 4649 1024 4724 λαιμίην
1049 4649 1151 4726 ἔχουσα
1172 4649 1286 4729 γυρόθεν
1310 4648 1403 4710 εἰκόνα

1144 4769 1194 4819 21*
