3246 5288
1314 356 1378 422 429

45 551 352 628 προσκομισθήσεται.
385 550 535 630 διορίζομαι
557 550 626 630 προς
646 551 749 622 τούτοις
772 549 803 609 δὲ
826 548 872 608 καί
895 549 931 610 τά
954 550 1075 626 ἀνύματα
1099 551 1212 610 ἑκάστου
1234 557 1287 609 τῶν
1310 550 1378 624 θνη-

47 674 195 731 σκόντων
219 674 387 750 σημειωτέον
410 673 457 732 τὀν
480 672 686 751 ἑκκλησιάρχην
711 673 739 731 ἐν
762 671 801 751 τῷ
825 669 961 752 εἰρημένῳ
985 671 1155 753 μηνολογίῳ,
1187 670 1378 748 ἐντελλόμεθα

48 791 92 850 δὲ
124 792 177 853 καὶ
199 796 257 866 τοῖς
279 800 327 870 τῆς
350 800 438 870 μονῆς
460 793 559 874 ἱερεῦσι
582 793 653 853 κατὰ
674 799 763 853 πᾶσαν
795 792 869 852 θείαν
893 792 1045 874 ἱερουργίαν
1070 793 1174 853 ἐπιέναι
1196 793 1230 852 τὰ
1251 791 1377 872 δίπτυχα,

49 913 110 974 ἵνα
138 916 180 991 μὴ
204 913 251 975 καί
282 914 356 976 αύτσὶ
377 917 408 974 τδ
437 917 522 996 κρῖμα
553 915 708 991 βαστάσωσι
729 920 778 991 τῆς
809 913 920 974 ἐκείνων
954 910 1104 990 ἀμνηστίας
1126 913 1172 974 καί
1199 917 1377 995 ὑστερήσεως.

180 1037 239 1115 μγ’.
261 1038 291 1121 Ἃ
317 1039 368 1113 μὲν
391 1035 507 1112 σίντην
531 1038 653 1097 σύστασιν
675 1043 725 1112 τῆς
752 1037 890 1116 παρούσης
911 1037 991 1112 ἡμῶν
1014 1034 1165 1110 διατάξεως
1193 1036 1345 1116 ἀναγκαίαν
1357 1034 1377 1118 ¹)

54 1156 266 1238 ἐξειργάσατο,
296 1159 330 1218 τά
352 1160 642 1238 προαναπεφωνημὲνα
664 1160 832 1238 παρέστησεν
855 1157 1010 1238 ἀριδήλως·
1041 1158 1123 1230 πίτυς
1145 1159 1198 1238 γάρ
1220 1157 1267 1218 καί
1290 1160 1379 1218 κατά-

55 1301 165 1352 στασις
189 1281 298 1356 ἀληθὴς
321 1281 427 1356 ἀληθὲς
435 1279 459 1363 ¹)
482 1282 627 1357 κσινύβιον.
659 1279 706 1340 καί
722 1280 764 1355 εἴη
780 1281 798 1356 ἡ
814 1280 889 1361 τριὰς
913 1279 978 1360 ἀχρὶ
992 1285 1042 1356 τῆς
1056 1284 1103 1340 τοῦ
1124 1281 1257 1360 παρόντος
1280 1279 1379 1352 αἰῶνος

62 1400 241 1473 συντελείας
263 1401 487 1484 ἀπαρεγχείρητα
508 1405 597 1462 πάντα
612 1402 647 1462 τά
661 1403 817 1462 ιυπωθέντα
840 1402 1019 1483 φυλάττουσα,
1043 1402 1077 1460 ἵν’
1090 1402 1159 1462 σύτω
1175 1399 1220 1461 καί
1237 1407 1278 1482 φῶ
1294 1403 1379 1482 εύαγ-

58 1525 209 1602 γελικῶς,
232 1526 262 1584 τδ
277 1528 324 1584 τοῦ
340 1526 453 1604 Χριστοῦ
476 1523 638 1600 δνομάζεται
660 1524 784 1599 ποίμνιον
800 1522 846 1583 καί
862 1525 930 1604 πρδς
953 1521 1102 1600 οἰκοδομὴν
1126 1523 1236 1598 μᾶλλον
1252 1523 1287 1583 δι’
1301 1525 1380 1583 αὺτοῦ

63 1646 217 1724 ἐνεχθεῑεν
240 1645 287 1706 καὶ
311 1649 405 1726 ἕτερον.
437 1644 484 1706 καὶ
501 1645 543 1721 εἴη
566 1647 689 1721 ποίμνιον
711 1650 757 1706 τσῦ
781 1647 896 1726 Χριστοῦ
918 1646 1031 1722 ἀληθῶς
1056 1644 1188 1705 ἐκλεκτὸν
1203 1644 1250 1704 καί
1269 1644 1380 1714 πολλὰς

61 1767 226 1847 ἀνθρώπων
250 1767 341 1846 ψυχὰς
363 1770 419 1840 τοῖς
441 1769 508 1848 παρ’
520 1768 614 1828 ἑαυτοῦ
638 1765 819 1845 ύτοδείγμασι
841 1767 1008 1847 καταρτίζειν
1033 1765 1194 1845 δυνάμενον,
1225 1767 1317 1847 ὥσπερ
1340 1765 1380 1837 εἰς

62 1889 232 1969 ἀρχέτυπον
257 1890 412 1965 θαυμαστδν
434 1889 483 1966 τὴν
506 1889 605 1970 ἀκριβῆ
628 1890 720 1949 τούτου
742 1889 883 1949 πολιτείαν
907 1888 1071 1963 βλέποντας.
1104 1887 1163 1948 ἐπεὶ
1186 1889 1218 1948 δὲ
1238 1887 1277 1966 τῷ
1296 1887 1379 1965 κοινῷ

69 2009 191 2089 νομίμῳ
216 2011 370 2072 ἀκόλουθον
392 2008 489 2088 ἦνκαὶ
512 2011 671 2092 ἐπιτρόπους
686 2017 735 2086 τῆς
757 2011 896 2091 παρούσης
910 2013 990 2086 ἡμῶν
1014 2008 1165 2083 διατάξεως
1187 2009 1379 2091 ἀποφέρεσθαι,

68 2132 133 2208 ἤδη
157 2130 206 2192 καί
229 2133 338 2204 τούτους
361 2132 494 2211 ἀνίστημι,
520 2133 554 2192 τά
577 2132 624 2193 δύο
647 2135 730 2192 ταῦτα
752 2135 867 2211 μέγιστά
889 2154 919 2192 τε
942 2131 989 2192 καί
1011 2131 1287 2212 ψυχωφελὲσταταθ),
1318 2131 1379 2189 θεον

66 2259 184 2335 πρῶτον
215 2253 262 2314 καὶ
293 2255 341 2328 τὴν
373 2255 507 2334 ἄχραντον
538 2253 618 2313 αύτσῦ
648 2256 753 2335 μητέρα
777 2299 783 2312 .
803 2301 809 2314 .
828 2255 865 2336 ,4)
896 2251 927 2326 ἐξ
958 2247 989 2314 ού
1018 2252 1065 2314 καί
1096 2251 1131 2314 δι’
1143 2246 1174 2312 ού
1206 2253 1240 2312 ἐκ
1267 2256 1313 2312 τοῦ
1341 2251 1379 2327 μὴ

71 2376 157 2449 ὄντος
181 2375 221 2448 είς
242 2377 273 2436 τδ
297 2371 366 2436 εἶναι
388 2377 462 2451 ἡμᾶς
483 2378 655 2456 παρήγαγεν,
686 2375 807 2451 ἀνίστημι
830 2375 861 2436 δὲ
885 2375 1026 2456 ἐπίτροπον
1048 2377 1094 2436 τδν
1118 2372 1148 2448 ἐξ
1171 2375 1251 2434 αύτσῦ
1273 2372 1320 2434 καί
1344 2372 1378 2433 δι’
1416 2416 1418 2418 -

72 2499 159 2556 αὺτοῦ
181 2498 294 2572 ἀληθῶς
326 2497 506 2570 βασιλεύοντα
536 2499 662 2576 μέγιστον
692 2498 772 2574 ἡμῶν
801 2498 921 2572 βασιλέα
942 2497 989 2557 καὶ
1013 2495 1207 2579 αὐτοκράτορα,
1238 2496 1284 2555 σύν
1308 2495 1380 2574 αύτῷ

72 2620 109 2678 δὲ
133 2619 180 2680 καί
203 2620 265 2691 τούς
287 2620 348 2695 μετ’
358 2621 436 2680 αύτδν
454 2621 487 2679 ἐκ
509 2621 573 2680 θεοῦ
596 2619 861 2696 δικαιωθησομὲνους
883 2620 916 2678 τά
939 2619 1066 2699 ῥωμαῖκά
1081 2625 1214 2700 σκῆπτρα,
1238 2620 1312 2688 ὅπως
1326 2623 1379 2676 τῶν

74 2741 155 2818 ἐμῶν
179 2741 401 2816 ἀντιλαμβάνωσι
423 2743 548 2821 πατέρων
563 2739 610 2801 καί
631 2741 759 2820 ἀδελφῶν
774 2739 821 2800 καί
835 2739 1017 2825 περιέπωσιί)
1033 2742 1082 2816 τἠν
1106 2742 1191 2816 μονὴν
1207 2739 1251 2799 διὰ
1266 2741 1380 2819 ψυχικὸν

76 2864 170 2923 αύτῶν
193 2863 275 2936 ἔλεος
297 2861 344 2924 καί
367 2864 469 2939 μισθόν.
502 2861 647 2923 ἀλλὰκαὶ
670 2863 732 2936 τούς
753 2863 825 2924 κατὰ
846 2864 895 2938 τὴν
918 2865 1024 2944 ἡμέραν
1047 2866 1105 2935 ταῖς
1120 2869 1169 2940 τῆς
1185 2865 1267 2938 νήσου
1282 2861 1380 2936 ταύτης

77 2987 182 3067 ἀρχαῖς
212 2981 419 3061 διαλάμποντος
452 2984 556 3064 ἐνορκιῒι
584 2982 624 3057 εἰς
650 2986 695 3044 τάν
723 2985 813 3065 κύριον
836 2985 914 3060 ἡμῶν
938 2986 1041 3061 Ἰησοῦν
1064 2986 1178 3064 Χριστδν
1200 2983 1247 3044 καί
1271 2982 1310 3056 εἰς
1331 2983 1381 3058 τὴν

77 3110 216 3186 ἄχραντον
247 3109 328 3166 αὑτοῦ
358 3109 472 3186 μητέρα,
502 3107 556 3186 ἵνα,
589 3105 664 3186 είπερ
687 3105 713 3166 οἱ
742 3103 860 3184 μοναχοὶ
889 3107 1066 3187 προσέλθοιεν
1075 3105 1098 3188 ¹)
1128 3107 1231 3178 τούτοις
1262 3102 1310 3164 καὶ
1332 3105 1380 3178 τὴν

76 3231 219 3309 παροῦσαν
241 3227 353 3302 τοπικὴν
377 3224 497 3299 διάταξιν
525 3227 693 3307 ἑμφανίζειεν
716 3225 763 3287 καί
786 3227 897 3306 λέγοιεν
905 3224 931 3310 ⁷)
959 3225 1110 3288 ἀδικεῖσθαι
1131 3230 1205 3308 παρά
1225 3247 1313 3306 τινων,
1336 3226 1381 3284 ἵνα

78 3347 283 3431 ἐπεξέρχωνται
305 3349 345 3428 τῷ
375 3348 509 3410 ἀδικοῦντι
536 3347 583 3409 καί
614 3345 836 3431 ἀναστέλλωσιί)
859 3349 907 3424 τὴν
930 3350 1029 3408 τούτων
1053 3349 1139 3428 ὁρμὴν
1162 3347 1208 3408 καί
1232 3348 1265 3407 ἐκ
1286 3349 1381 3429 χειρίς

78 3473 264 3551 στερεωτέρας
272 3471 295 3552 ¹¹)
318 3472 348 3530 τδ
371 3476 416 3530 τοῦ
440 3472 556 3551 Χριστοῦ
587 3471 700 3552 ῥύωνται
729 3470 853 3546 ποίμνιον
883 3465 931 3530 καί
961 3472 999 3547 μὴ
1031 3470 1263 3552 παραβλέπωνται
1293 3475 1379 3550 τοῦτο,

78 3594 148 3654 ἀλλ’
162 3593 332 3671 ἀντέχωνται
354 3590 400 3652 καί
424 3591 683 3675 ύπερασπίζωσινίθ)
708 3593 787 3652 αύτοῦ
802 3592 874 3653 κατὰ
888 3594 934 3652 τὀν
958 3593 1071 3669 ἔννομον
1094 3591 1242 3672 λόγονκαὶ
1266 3593 1380 3671 δίκαιον,

77 3716 111 3774 ἵν’
126 3715 197 3775 ούτω
228 3715 323 3790 μισθδν
347 3715 453 3786 ἑαυτοῖς
474 3711 668 3796 προξενύσωσι.
714 3712 761 3774 καὶ
782 3716 831 3790 τὴν
854 3714 929 3775 θείαν
954 3715 1095 3791 εθμένειαν
1127 3711 1241 3795 ἕξουσιν,
1272 3714 1330 3774 ἀνθ’
1343 3709 1381 3773 ὧν

80 3840 203 3913 εἰνμενῶς
225 3837 288 3910 τούς
319 3837 457 3914 μοναχσύς
478 3841 528 3912 τῆς
555 3835 704 3917 ύπεραγίας
734 3837 862 3896 θεοτύκου
884 3840 931 3896 τοῦ
953 3836 1032 3916 ὄρους
1053 3841 1099 3896 τοῦ
1123 3837 1258 3917 Μαχαιρᾶ
1280 3837 1381 3897 ύπεδὲ-

81 3958 162 4032 ξαντσ
185 3957 231 4018 καὶ
253 3957 442 4039 χειραγωγίας
464 3963 512 4035 τῆς
535 3959 724 4039 προσηκούσης
745 3955 880 4034 ἠξίωσαν·
904 3959 996 4018 τούτου
1018 3954 1072 4039 γὰρ
1096 3960 1179 4018 ἕνεκα
1201 3957 1247 4018 καί
1270 3979 1380 4034 μνημο-

80 4081 203 4141 νεύεσθαι
225 4082 335 4152 τούτους
356 4079 561 4160 τετίπωταιέέ).
592 4081 606 4138 θ
623 4081 655 4140 δέ
670 4101 704 4159 γε
718 4082 786 4162 προς
809 4080 934 4158 ἀθέτησιν
957 4085 1007 4158 τῆς
1021 4080 1159 4161 παρούσης
1174 4086 1287 4156 τυπικῆς
1301 4081 1381 4156 ἡμῶν

82 4201 234 4276 διατάξεως
257 4207 382 4284 χωρῆσαι
404 4203 638 4282 πειραθησύμενος
659 4204 727 4284 πρδς
741 4204 772 4262 τ“σ
792 4203 831 4278 μὴ
855 4200 1041 4264 εἰσακούεσθαι
1064 4202 1212 4283 ἀλλότριος
1235 4202 1311 4262 ἔσται
1332 4207 1381 4277 τῆς

188 4419 209 4484 ¹)
228 4415 296 4486 ἀναγ.
315 4417 386 4486 ἡμῶν
404 4417 435 4468 Ε.
507 4417 528 4482 ¹)
547 4413 625 4480 ἀληθῆ
643 4417 674 4468 Ε.
746 4418 767 4484 ³)
785 4415 963 4486 ψυχώταταΕ.
1034 4419 1056 4484 ⁴)
1076 4417 1213 4480 Quaedam
1233 4417 1326 4468 deesse
1344 4419 1381 4468 vi-

84 4515 188 4566 dentur.
260 4515 280 4580 ⁵)
294 4511 713 4582 ἀντιλαμβανόντων-περιέπουσι
726 4513 756 4563 Ε,
829 4512 850 4578 ⁶)
863 4511 962 4582 προέλθ.
976 4513 1007 4564 Ε.
1081 4511 1235 4582 mima.
1289 4512 1310 4579 ⁸)
1323 4509 1381 4562 ἀνα-

85 4608 216 4660 στέλλσυοι
233 4608 263 4660 Ε.
337 4607 358 4675 ⁹)
377 4606 540 4675 στερεωτέρυυ
559 4609 590 4658 E.
663 4607 694 4674 ¹⁰)
714 4605 810 4675 ῥύονται
831 4637 858 4644 -
880 4606 1082 4674 παραβλέπσνται,
1101 4605 1241 4677 ἀντέχονται
1260 4637 1291 4647 -
1311 4607 1382 4677 ύττερ-

86 4704 227 4763 ασπίζουσιν
245 4705 276 4754 Ε,
350 4703 381 4770 ¹¹)
399 4703 518 4754 τετύπωτε
537 4703 568 4752 Ε.
