3246 5288
252 321 316 388 422

254 518 360 578 ἀπασαν
384 515 546 576 ἀκολουθίαν
570 513 617 575 καί
639 515 724 587 οὓτως
747 511 893 589 εἰσιτητέον
917 513 1011 585 αὐτοίις
1033 511 1079 572 καὶ
1103 511 1224 590 δεκτέον,
1248 514 1328 590 χάριν
1342 511 1374 570 δέ
1393 509 1523 589 ἀδροφορια,

254 641 272 713 ἡ
296 639 392 718 ἑτέρας
416 637 555 709 διακονίας
577 635 638 697 οὔτε
662 633 880 714 εἰσαχθήσσνται,
904 632 965 695 οὔτε
987 633 1186 694 δουλεύσουσιν.

357 758 415 820 λα’.
440 758 553 833 Ἐπειδὴ
575 759 664 833 πίιλην
688 757 788 837 ἀρετῆς
811 756 1030 832 βασιλικωτάτην
1052 755 1101 830 την
1129 752 1285 834 φιλοξενίαν
1313 749 1483 832 γινώσκομεν.
1502 755 1527 824 ᾗ·

254 903 294 954 τις
318 879 348 953 ἐξ
371 881 482 960 ἀγάπης
505 879 601 940 εἰωθεν
624 879 824 958 ἀποτίκτεσθαι,
848 885 898 954 τῆς
920 881 1029 957 πρώτης
1051 883 1105 936 τῶν
1130 877 1243 956 ἀρετῶν,
1268 877 1434 953 βσυλάμεθα,
1455 875 1531 944 καθίνς

254 1001 301 1064 καί
329 1005 382 1073 ἕως
408 1007 455 1062 τοῦ
481 1006 525 1062 νῦν
554 1000 686 1080 ἐτελεῖτο,
714 999 761 1060 καί
788 998 872 1060 πάλιν
894 998 1016 1077 γίνεσθαι
1040 998 1084 1060 ἐπὶ
1106 1001 1162 1072 τοῖς
1184 1000 1395 1080 τραπεζομένοις
1416 999 1533 1073 μοναχῶς

256 1124 348 1205 ἐντῇ
378 1122 444 1203 άγίφι
474 1129 554 1204 μονῇ,
588 1123 686 1182 ὁπόθεν
718 1125 749 1180 ἀν
779 1119 826 1180 καί
857 1116 923 1200 είεν,
957 1119 1087 1198 δέχεσθαι
1117 1119 1167 1196 μὲν
1196 1123 1302 1192 πάντας
1331 1121 1376 1180 καί
1403 1121 1532 1192 ἀπονέμει,

256 1245 346 1317 αὺτοῖς
368 1247 416 1319 τὴν
440 1243 628 1322 ἀναλογοῦσαν
650 1243 749 1324 τροφὴν
771 1249 820 1318 τῆς
842 1245 959 1324 ἡμέρας,
989 1239 1019 1315 ἐξ
1042 1235 1079 1301 ῶν
1103 1242 1232 1302 ἐσθίουσιν
1255 1243 1281 1302 σί
1303 1242 1421 1322 ἀδελφοί.
1468 1238 1489 1300 εἰ
1510 1241 1534 1296 Ξὲ

255 1389 295 1438 τις
323 1364 354 1439 ἐξ
382 1365 469 1425 αθτῶν
496 1372 549 1426 τῶν
576 1363 730 1444 ἀξιολόγων
759 1365 801 1440 εἰη
828 1363 874 1425 καὶ
902 1369 948 1426 τοῖν
976 1365 1115 1443 ζωοδάχου
1138 1366 1220 1443 τάφου
1242 1367 1446 1444 προσκυνήσεως
1467 1365 1534 1440 χάρη

255 1490 273 1564 ἡ
298 1487 423 1566 ἑνδημία,
448 1487 659 1568 ένστερνίζεσθαι
680 1491 773 1548 τοῦτον
800 1483 846 1546 καὶ
870 1487 999 1564 δέχεσθαι
1023 1484 1067 1546 έπί
1089 1492 1122 1566 τῇ
1145 1493 1222 1568 κοινῇ
1245 1489 1365 1570 τραπέζη
1387 1485 1429 1546 καί
1453 1484 1535 1558 ἐπῖτης

257 1612 314 1681 τοῖς
337 1607 469 1687 ἀδελφοῖς
492 1607 679 1689 διατρέφεσθαι
704 1607 744 1688 ἐφ’
757 1607 836 1678 ὅλαις
851 1606 935 1687 τρισίν
958 1609 1076 1688 ἡμέραις
1099 1605 1315 1684 ἐπιξενούμενον.
1348 1609 1421 1668 ἀλλὰ
1433 1607 1479 1667 καί
1492 1613 1535 1664 τῶν

257 1729 310 1790 ἀπθ
325 1735 375 1807 τῆς
396 1734 492 1810 χώρας
509 1725 648 1809 ἀρχόντων
662 1729 911 1809 παραβαλλόντων,
937 1737 988 1789 τῶν
1010 1729 1137 1808 ἀδελφῶν
1160 1732 1308 1806 τηνικαῦτα
1331 1727 1535 1808 ξηροφαρούπων
1580 1711 1581 1796 ί

256 1853 302 1912 τθν
326 1851 377 1928 μὲν
393 1855 439 1911 τοῦ
453 1851 588 1924 κοινοβίου
603 1850 715 1932 τόπονί)
739 1851 919 1930 φυλάττεσθαι
941 1852 1007 1931 χρή,
1030 1852 1075 1909 τὀν
1099 1851 1130 1910 δέ
1152 1852 1353 1931 παραβαλόντα
1372 1851 1535 1928 ἀποδέχεσθαι
1581 1813 1582 1884 ί

1583 2017 1584 2068 ί

257 2096 448 2173 ἀναλογοθσης
462 2099 542 2168 τιμῆς
562 2090 715 2168 ἀξιωθήτω.
747 2093 772 2154 σί
795 2094 826 2153 δὲ
841 2096 1058 2173 προσερχόμενοι
1074 2093 1112 2172 τῷ
1127 2093 1232 2154 πυλῶνι
1248 2097 1414 2174 συχνοτέρως
1434 2098 1536 2168 πένητες
1584 2120 1585 2176 γ

257 1973 364 2044 ἄλλως.
396 1971 443 2032 καί
466 1974 677 2051 συγκαθεσθήτω
699 1973 737 2052 τῷ
760 1979 907 2052 προεστῶτι
930 1970 976 2032 καί
1000 1973 1186 2052 ἀκαιακρίτως
1210 1971 1412 2056 συνεσθιέτωῖ),
1432 1971 1473 2032 καί
1495 1978 1536 2046 τῆς

256 2215 304 2276 καί
331 2213 494 2294 συναδελφοί
520 2217 609 2294 ἡμῶν,
639 2215 696 2275 ἐπεὶ
724 2217 828 2287 πάντας
852 2215 930 2276 ἔνδον
954 2214 1114 2294 εἰσάγεσθαι
1134 2221 1181 2276 τοῦ
1209 2219 1388 2298 μοναστηρίσυ
1411 2217 1535 2277 ἀδίνατον.
1585 2221 1586 2292 ί

257 2333 325 2396 ἀλλ’
341 2337 370 2396 έν
398 2335 436 2414 τῷ
459 2334 624 2415 ξενοδοχείῳ
645 2337 684 2414 τῷ
708 2333 809 2408 ἔξωθεν
832 2342 880 2414 τῆς
908 2343 995 2413 μονῆς
1020 2333 1272 2424 [δεχθήσονταιμλ
1299 2337 1347 2398 καί
1362 2341 1383 2398 ’ό
1405 2337 1537 2416 ξενοὲἑχος
1586 2324 1587 2412 ί

259 2459 457 2537 έπιχορηγήσει
484 2459 589 2536 ἑκάστῳ
618 2457 697 2536 ἀφτον
729 2457 775 2516 καί
802 2457 834 2516 τά
863 2458 915 2518 ἀπο
942 2465 992 2535 τῆς
1021 2463 1156 2538 τραπέζης
1187 2463 1453 2540 παραμυθήσεταιί)·
1481 2461 1537 2520 οῦδὲ
1587 2448 1588 2508 ί

257 2580 311 2660 γάρ
343 2581 515 2658 ὑποστρέφειν
543 2580 602 2638 τινά
624 2583 669 2639 τοῦ
700 2581 827 2650 πυλῶνος
854 2581 1003 2660 αἱροίμεθα
1025 2585 1125 2662 νήσιιν,
1156 2583 1234 2642 ἀλλὰ
1255 2585 1324 2663 προς
1346 2585 1394 2660 τὴν
1417 2587 1537 2646 διατντω-
1589 2627 1590 2706 γ

257 2703 350 2762 θεῖσαν
378 2702 481 2760 ἀνωθεν
509 2702 649 2775 συνήθειαν
677 2700 722 2760 καί
749 2705 851 2774 πάντας
882 2703 1050 2764 ἀνακτᾶσθαι
1080 2711 1179 2784 τροφῆς
1206 2704 1253 2765 καὶ
1281 2708 1399 2780 εὐποιίας
1424 2711 1451 2768 τό
1475 2707 1538 2766 κατὰ

258 2823 379 2903 δύναμιν,
403 2821 426 2882 εἰ
443 2825 481 2898 μή
498 2843 536 2892 τις
552 2822 595 2898 εἰη
611 2825 692 2901 γυνή·
717 2824 825 2894 ταύταις
841 2825 895 2904 γάρ
911 2827 941 2886 οἰι
957 2827 1134 2902 μεταδοτέον,
1158 2829 1188 2888 οἰ
1208 2833 1351 2903 μισοῦντες
1366 2832 1395 2890 τ“ο
1411 2833 1536 2908 συγγενές.

258 2947 359 3024 ἀπαγε,
383 2944 461 3004 ἀλλά
475 2945 523 3018 τἠν
541 2943 643 3004 ἐκεῖθεν
667 2945 778 3022 βλάβην
794 2946 973 3026 ἀφορῶμενοι,
997 2949 1036 3020 ὡς
1059 2951 1097 3024 μὴ
1121 2950 1263 3027 συνηθείας
1283 2955 1431 3030 κρατοίσης
1448 2956 1537 3012 πυκνό-

256 3087 335 3145 τερον
362 3064 399 3143 τῷ
426 3066 530 3125 πυλῶνι
555 3065 749 3145 παραβάλλειν
778 3067 859 3138 αἰντίις
885 3067 932 3127 καί
955 3077 1049 3129 κακῶν
1073 3070 1161 3144 αἰτίας
1188 3074 1342 3148 μᾶλλο·ιῆ
1366 3075 1469 3152 ἀγαθῶν
1489 3075 1538 3142 τοῖς

258 3187 390 3266 ἀδελφοῖς
413 3187 589 3266 εὑρίσκεσθαι.
620 3189 668 3246 καί
689 3193 781 3246 τοῦτον
804 3189 946 3266 φυλάττειν
961 3190 1006 3250 τάν
1027 3193 1120 3272 όρονό
1142 3195 1281 3274 προεστὼς
1304 3193 1352 3256 καί
1375 3199 1390 3255 ό
1413 3195 1539 3268 οἰκονόμος

257 3307 304 3368 καί
326 3310 341 3366 ό
364 3305 510 3385 ξενοδόχος
534 3309 598 3388 άχρι
620 3310 720 3380 παντός
743 3309 934 3384 ἐντελλόμεθα
957 3311 984 3370 ἐν
1009 3312 1079 3392 άγίῳ
1105 3316 1245 3390 πνεύματι.
1291 3316 1338 3376 καί
1366 3319 1400 3378 τά
1427 3319 1473 3394 μέν
1496 3325 1539 3392 τῆς

258 3426 413 3508 φιλοξενίας
434 3426 482 3488 καί
504 3429 693 3505 έλεημοσθνης
718 3431 803 3503 οὓτως
826 3430 868 3490 ἀεὶ
892 3435 1080 3512 τηρηθήσεται.
1129 3435 1173 3496 έπί
1196 3437 1284 3497 δὲτὰ
1308 3441 1471 3520 συμφέροντι
1491 3444 1538 3509 τοῖς

259 3549 390 3629 ἀδελφοῖς
413 3548 489 3622 αὖθις
510 3553 649 3629 τρεπτέον.

363 3671 420 3745 λβ’.
445 3671 577 3752 Ἐφείσθω
597 3673 682 3732 τοίνυν
698 3673 736 3753 τῷ
752 3681 909 3755 προεστῶτι,
934 3679 996 3737 καθ’
1009 3679 1056 3750 οθς
1072 3682 1103 3736 ἂν
1120 3681 1199 3753 αὐτός
1222 3681 1324 3761 αίροῖτο
1333 3684 1357 3759 ⁵)
1373 3685 1489 3765 καιρούς,
1511 3683 1541 3754 εἰς

258 3793 293 3851 τὰ
319 3799 372 3852 τῶν
402 3792 530 3874 ἀδελφῶν
559 3795 661 3856 κελλία
692 3793 864 3876 εἰσέρχεσθαι
887 3797 933 3858 καί
963 3800 1155 3881 ἀναψηλαφάν,
1187 3805 1225 3878 μή
1253 3803 1303 3862 ποθ
1326 3826 1367 3876 τις
1399 3806 1541 3886 ἑργόχειρον

258 3916 455 3985 κατασκευάζει
477 3921 527 3990 τῆς
549 3917 628 3976 αἰτοῦ
651 3917 755 3993 βουλῆς
770 3917 815 3977 καί
838 3921 951 3996 γνώμης
976 3922 1064 4001 ἐκτός,
1089 3923 1143 3982 εἴτε
1160 3923 1194 3983 τά
1216 3925 1359 4004 λεγόμενα
1374 3929 1445 3988 κατά
1463 3950 1541 3988 κοινο-

258 4029 356 4108 λεξίαν
373 4037 532 4116 μαργοθνια,
556 4038 611 4098 εἴτε
626 4039 686 4100 τινὰ
700 4045 793 4115 κτῆσιν
810 4042 913 4121 ἑτέραν,
936 4041 1051 4102 καὶτῶν
1067 4044 1265 4126 εάτελεστέρων
1287 4047 1542 4130 ἀναθεωροὺμεναί).

258 4155 351 4218 καὶεί
383 4159 508 4240 εὑρίσκοι,
541 4155 626 4244 [δέον]
658 4160 825 4242 ἀφαιρεῖσθαι
834 4161 859 4245 ⁷)
890 4169 974 4224 ταῦτα
999 4164 1085 4241 καὶῆ
1112 4167 1173 4247 πυρί
1202 4167 1326 4244 καίεινῆ
1350 4173 1408 4243 τοῖς
1437 4173 1542 4248 πτωχοῖς

259 4279 406 4360 διανέμειν,
438 4283 515 4341 αίιτδν
540 4282 570 4342 δὲ
593 4283 638 4343 τδν
660 4286 830 4361 κτησάμενον
852 4280 886 4345 τά
909 4285 1006 4346 δέοντα
1034 4293 1174 4368 παραινεῖν
1203 4288 1250 4350 καί
1272 4293 1318 4350 τοῦ
1340 4293 1461 4352 τοιούτου
1483 4294 1540 4351 ἀνα-

259 4455 464 4465 -ι--ο--ι

365 4565 385 4632 ¹)
411 4563 482 4616 τόπον
508 4566 540 4618 Ε.
612 4567 632 4633 ²)
661 4567 807 4619 ουνισθιάτω
835 4571 865 4620 Ε.
937 4572 958 4637 ³)
982 4573 1178 4641 Supplevimus.
1250 4578 1270 4641 ⁴)
1292 4578 1497 4646 παραμυθιίσεται
1517 4581 1541 4632 E.

260 4659 281 4724 5)
301 4657 398 4727 αἱρείτω
417 4661 447 4711 Ε.
519 4661 540 4729 ⁶)
558 4663 646 4716 Locus
668 4671 815 4731 suspectus.
889 4664 1076 4736 7)οίφιιιρείσθω
1095 4669 1126 4720 Ε.
1147 4670 1336 4738 Supplevimus
1355 4673 1417 4725 θέον.
