3222 5284
243 381 307 447 326

243 573 395 633 ἀποστόλου
420 572 523 652 Πέτρου
554 572 588 631 τὰ
619 571 665 631 διὰ
687 570 862 645 Κλήμεντος.
910 571 1001 649 ἕτερον
1033 567 1140 644 βιβλίον
1166 570 1311 645 σωμάτιον,
1343 566 1468 646 ἑρμηνεία
1489 571 1530 625 τοῦ

243 692 397 773 θεολόγου.
429 695 531 772 ἕτερον,
555 690 737 772 Εἱρμολόγιον
761 690 937 766 βαμβθκινον.
970 693 1062 770 ἕτερον
1086 688 1192 764 βιβλίον
1215 688 1395 768 κονθακάριον
1415 687 1529 760 Ψαλτή-

244 835 311 896 ριον,
334 812 518 895 Εἱρμολόγιον
537 813 584 874 καί
599 815 633 874 τὰ
648 813 865 894 Ἀλληλουϊοίρια
882 809 1058 897 Προκίοπίου]
1067 809 1099 895 ¹).
1132 815 1223 892 ἕτερον
1247 809 1367 889 βιβλίον,
1390 811 1528 887 Σχηματο-

243 937 339 1016 λόγιον

347 1058 391 1116 Τὰ
414 1057 445 1116 δὲ
469 1053 539 1133 μετὰ
557 1057 699 1132 τελευτὴν
721 1063 775 1116 τῶν
805 1057 943 1134 κτητόρων
967 1054 1082 1114 δοθέντα
1104 1054 1179 1134 παρά
1200 1058 1247 1113 τοῦ
1270 1055 1413 1133 ἐπιτρόπου
1434 1049 1528 1131 βιβλία,

243 1177 347 1238 καὶτὰ
375 1179 552 1253 ἐπικτηθέντα
576 1177 645 1253 μετὰ
671 1180 754 1236 ταῦτα
768 1175 822 1236 ’διὰ
848 1176 944 1254 γρείαν
967 1181 1016 1253 τῆς
1044 1169 1186 1260 μον[ἠς]ἳ)
1211 1173 1307 1248 βιβλία
1329 1171 1378 1233 καὶ
1398 1173 1431 1232 τά
1450 1193 1528 1253 προσ-

244 1299 393 1377 ενεχθέντα
414 1299 489 1380 παρὰ
511 1303 557 1360 τοῦ
580 1303 704 1376 μοναχοθ
726 1301 807 1378 κυροθ
830 1298 957 1358 Ἰωάννου
979 1297 1026 1357 καὶ
1048 1299 1230 1372 πνευματικοῦ
1251 1297 1355 1376 πατρός
1377 1297 1423 1354 τοῦ
1443 1315 1527 1368 μακα-

244 1420 316 1500 ρίτου
339 1421 465 1480 αίιθέντον
487 1423 566 1496 ἡμῶν
589 1419 635 1481 καί
657 1423 799 1501 κτήτορος,
823 1419 868 1478 διὰ
890 1420 939 1494 τὴν
962 1421 1108 1495 στενότητα
1129 1423 1179 1494 τῆς
1203 1418 1231 1477 ἐν
1255 1417 1294 1496 τῷ
1316 1419 1427 1495 παρόντι
1444 1415 1529 1494 χωρίῳ

243 1546 418 1621 προσγραρῆς
439 1547 493 1600 τῶν
516 1541 631 1616 βιβλίων
653 1544 699 1601 τοῦ
720 1544 829 1601 ιυπικοῠ
851 1541 1076 1620 προσεγράρησαν
1101 1538 1129 1598 έν
1153 1537 1192 1616 τῷ
1207 1539 1283 1598 τέλει
1303 1541 1351 1598 τοῦ
1368 1537 1475 1613 τείχους
1488 1540 1527 1594 τοῦ

245 1661 325 1721 αὺτοῦ
346 1665 464 1721 τυπικοῦ.

693 1848 726 1909 δ’.
752 1849 812 1910 Διό
834 1855 897 1909 τῶν
921 1848 1096 1924 βλαττίων.

348 2023 462 2099 Ἐνδυσὴ
487 2021 544 2099 μία,
569 2021 697 2097 βλαττίον
720 2021 870 2101 κραμβίζον
892 2027 942 2096 τῆς
964 2021 1046 2100 ἁγίας
1067 2024 1213 2102 τραπέζης,
1243 2023 1347 2100 ἔχουσα
1368 2022 1467 2093 πόλους
1488 2021 1527 2100 ια’,

244 2145 434 2226 γρυψολέοντοι
458 2143 614 2222 δικέφαλον.
662 2144 743 2224 ἑτέρα
771 2142 867 2219 ἐνθυιὴ
890 2143 953 2217 λινὴ
977 2143 1124 2224 ζωγραφία.
1171 2145 1402 2218 καταπετάσματα
1424 2143 1528 2222 θάσ,τό
1590 2139 1591 2208 ᾗ

246 2265 296 2340 μὲν
319 2266 349 2324 έν
373 2263 413 2336 είς
434 2265 466 2324 τό
488 2265 622 2346 τέμπλον,
645 2262 692 2324 καί
714 2266 744 2324 τό
767 2266 859 2344 ἕτερον
884 2263 923 2335 εἰς
946 2266 991 2325 τόν
1013 2264 1100 2341 τίμιον
1122 2263 1169 2324 καὶ
1192 2267 1270 2342 ἅγιον
1286 2264 1453 2345 Πρόδρομον.
1482 2285 1527 2322 πο-

244 2385 447 2467 σςροκαλυμμα
476 2387 646 2466 καινούργιον
669 2387 708 2466 έν,
738 2383 786 2445 καὶ
815 2385 934 2446 παλαιόν
959 2387 997 2446 έν.
1043 2387 1124 2464 ἑτέρα
1147 2387 1252 2466 &vem-4,
1283 2385 1411 2460 βλαττίον
1433 2405 1526 2463 σκαρα-

245 2509 363 2586 μάγγιον
390 2512 440 2582 τῆς
472 2506 551 2583 ἁγίας
581 2508 732 2585 τραπέζης·
764 2507 964 2581 καταπέτασμα
994 2507 1122 2581 βλαττίον
1149 2511 1195 2567 τοῦ
1224 2506 1348 2580 τέμπλου
1378 2508 1467 2581 ὅμοιον
1486 2511 1528 2580 τῆς

245 2628 357 2704 ἐνθυτῆς
382 2629 582 2708 περικαλίνπτον
605 2627 652 2688 καὶ
675 2629 736 2700 τοὺς
763 2628 857 2700 κίονας
879 2634 932 2688 τῶν
960 2627 1046 2705 ἁγίων
1073 2630 1172 2708 θυρῶν
1205 2628 1239 2687 τὰ
1262 2629 1402 2709 ἀμφότερα
1422 2629 1525 2688 παλαιά.

244 2751 337 2829 ἕτερον
360 2743 489 2824 βλαττίον
511 2751 712 2825 καταπέτασμα
735 2749 889 2823 διβλοίττιον
912 2746 988 2822 όξθν·
1013 2749 1114 2809 όταὼν
1130 2751 1281 2827 κογχευτός
1297 2749 1367 2824 μετὰ
1381 2747 1527 2829 περιρερίων

245 2869 391 2950 ἐσορορίων
413 2871 578 2930 πιστακέων·
603 2869 650 2930 καὶ
674 2872 766 2952 ἕτερον
789 2869 905 2930 ἔπιπλον
929 2871 1143 2946 στενοεπίμηκες
1164 2869 1211 2930 καὶ
1234 2868 1382 2943 όξόλευκον
1404 2871 1433 2930 τό
1447 2871 1526 2946 λεγό-

246 3012 328 3066 μενον
351 2991 578 3066 ἁμπελοκλιίόιον
602 2992 673 3067 μετὰ
694 2991 865 3072 περιρερίων,
891 2991 1037 3071 ἐσορορίων
1058 2999 1171 3052 κοινῶν·
1199 2997 1283 3052 ταθτα
1304 2993 1340 3052 τὰ
1363 2991 1415 3051 θθω
1438 2991 1526 3051 ἔπιπλα

245 3112 381 3192 ἀριερὼθη
407 3112 440 3172 ἐκ
461 3114 543 3173 πόθου
566 3112 604 3194 τῷ
626 3113 706 3192 τιμίῳ
729 3111 777 3172 καὶ
800 3111 870 3192 ἁγίῳ
888 3111 1042 3192 Προθρόμῳ
1064 3113 1138 3194 παρὰ
1161 3117 1207 3173 τοῦ
1225 3113 1399 3194 πραιποσίτου
1415 3114 1527 3173 Ἰωάννου

245 3231 293 3293 καὶ
316 3232 360 3293 ἐπὶ
383 3236 428 3294 τοῦ
443 3234 647 3296 Κωνσταντίνου
671 3234 710 3308 εἰς
734 3236 827 3314 άρεσιν
851 3235 990 3314 ἁμαρτιῶν
1014 3237 1104 3316 αυτοῦ,
1128 3236 1165 3306 ὡς
1189 3237 1221 3295 ἂν
1241 3237 1272 3295 τό
1293 3235 1344 3310 μὲν
1360 3237 1390 3295 ἓν
1405 3237 1434 3296 τό
1449 3235 1526 3294 στενόν

247 3355 407 3435 ἀπρώρηται
429 3355 495 3435 ὑπὲρ
518 3355 566 3431 τὴν
595 3356 686 3431 τιμίαν
716 3356 842 3436 κεφαλὴν
870 3355 959 3434 αυτοῦ,
988 3357 1019 3416 τό
1043 3355 1075 3416 δὲ
1106 3359 1198 3438 ἕτερον
1229 3358 1381 3438 ἔμπροσθεν
1412 3359 1485 3416 αὑτοῦ
1504 3355 1527 3412 ἐν

247 3473 323 3548 τάξει
346 3478 496 3548 ποόώσεως
519 3478 548 3536 ἐν
570 3479 630 3548 ταῖς
654 3479 769 3557 ἑορταῖς.

611 3682 643 3743 ε’.
668 3685 730 3743 Διὰ
751 3691 814 3744 τῶν
837 3687 1004 3761 ἀκινήτων
1027 3689 1184 3763 κτήσεων.

353 3839 393 3900 To
417 3841 596 3920 μοναστήριον
619 3840 683 3899 αὺτό
707 3841 752 3900 σὺν
774 3844 830 3912 τοῖς
847 3843 999 3920 ἐνοικικοῖς,
1023 3842 1061 3921 τῷ
1083 3865 1113 3902 τε
1130 3843 1288 3922 μαγκιπικῷ
1305 3845 1479 3925 ἐργαστηρθρ,
1499 3841 1528 3917 τῷ

250 3957 391 4042 μυρεψικῷ
414 3960 461 4020 καὶ
483 3965 540 4033 τοϊς
562 3959 815 4041 ἀνωγεωκατώγοις
842 3962 971 4038 οἰκήμασι
994 3967 1050 4036 τοῖς
1075 3965 1216 4036 ἐνοικυκῶς
1240 3965 1435 4044 ἐκόιόομένοις,
1465 3965 1529 4031 ἐκτός
1590 4015 1591 4042 ,

250 4076 288 4142 ὧν
312 4080 465 4164 θπεξεῖλον,
496 4088 542 4142 τοῦ
564 4105 595 4142 τε
616 4085 734 4158 ἡλιακοῦ
756 4084 802 4144 καὶ
826 4090 871 4144 τοῦ
899 4088 1040 4163 κατωγέου
1063 4092 1116 4146 τῶν
1139 4083 1300 4166 ἀφορώντων
1324 4085 1364 4166 εἰς
1386 4089 1434 4164 τὴν
1456 4085 1527 4158 αθλὴν
1590 4143 1591 4160 ,

250 4209 297 4264 τοῦ
319 4209 415 4282 μικροῦ
437 4203 521 4269 οἴκου.
551 4207 569 4279 ἠ
592 4207 703 4280 ἡμίσεια
724 4207 860 4283 πρόσοδος
881 4211 928 4267 τοῦ
951 4207 1024 4267 οἴκου
1047 4211 1093 4267 τοῦ
1114 4207 1306 4288 περιελθόντος
1326 4229 1373 4282 μοι
1388 4209 1440 4268 ἀπό
1455 4207 1529 4280 Θωμᾶ

251 4330 296 4386 τοῦ
311 4326 453 4396 Νικαέως·
478 4326 492 4383 ό
517 4327 591 4396 ἐντός
613 4331 659 4385 τοῦ
681 4329 796 4406 κάστρου
819 4334 868 4402 τῆς
885 4327 1040 4388 Ῥαιόεστοθ
1063 4331 1153 4405 μέγας
1173 4323 1249 4399 οίκός
1265 4348 1317 4402 μου
1333 4327 1364 4400 ἐξ
1379 4329 1528 4406 ὁλοκλήρου,

251 4449 281 4506 όν
304 4446 338 4520 δὴ
361 4445 408 4506 καὶ
429 4449 645 4528 πτωχοτρορεῑον
668 4441 736 4507 εἶναι
759 4448 806 4507 καὶ
829 4448 1011 4524 ὀνομάζεσθαι
1034 4450 1167 4528 ἐτθπωσοι,
1191 4447 1238 4508 καὶ
1253 4445 1528 4527 ἀλληλουχεῑσθιιτῲ

359 4705 378 4770 ¹)
398 4705 540 4770 Supplevit
558 4706 584 4754 S.
657 4705 678 4770 ²)
698 4705 840 4770 Supplevit
858 4706 883 4755 S.
