3246 5288
239 337 304 401 442

345 540 434 595 Situm
459 541 618 594 πιοπαεόιιθί
641 546 737 596 auctor
763 547 851 594 noster
876 540 916 594 εἰσ
944 540 1069 593 describit
1095 537 1139 609 (p.
1159 535 1226 607 86):
1252 531 1308 592 ὅλα
1328 531 1364 591 τὰ
1384 527 1465 611 πέριξ
1487 535 1538 605 τῆς

242 660 327 731 μονῆς
351 651 420 716 είναι
442 654 524 729 βουνδι
550 654 676 736 πετρώδη
699 652 745 714 καὶ
768 652 934 730 δόσβατακαὶ
955 655 1180 730 κατασκιασμένα
1202 655 1256 713 ἀπό
1280 649 1471 734 ἀγριόδενδρα.
1518 653 1537 726 ἡ

242 778 274 838 δὲ
297 779 367 854 μονὴ
384 781 477 838 κεῖται
499 775 540 850 είς
565 779 649 838 τόπον
671 777 716 855 όχι
737 778 850 856 τερπνόν
877 774 924 836 καὶ
947 776 1128 836 άναπαυτικδν
1150 774 1197 836 καὶ
1219 773 1410 848 ἑξανοινιτικόν.
1458 773 1538 833 ἀλλὰ

242 898 282 972 είς
311 901 392 960 τόπον
426 899 507 975 βαθὺν
537 899 795 980 περικεκλεισμένον
824 899 947 979 τριγίρου
979 897 1032 958 ἀπδ
1067 897 1150 974 βουνδι
1180 896 1273 974 ὑψηλὰ
1302 893 1349 956 καὶ
1380 891 1457 955 άλλο
1488 894 1538 954 δὲν

242 1023 341 1098 βλέπει
364 1017 417 1082 ἀπό
440 1022 494 1083 ὅλα
516 1021 550 1082 τὰ
580 1023 650 1102 μέρη
677 1021 752 1101 παρὰ
775 1021 842 1081 αθτὰ
864 1021 899 1080 τὰ
921 1020 1005 1094 βουνὰ
1028 1015 1233 1101 (ἐξαιρουμένου
1256 1019 1317 1090 ἑνδς
1341 1017 1451 1098 μέρους,
1483 1017 1539 1076 άπδ

241 1146 272 1205 τό
303 1145 393 1204 όποϊσν
423 1144 521 1222 θεωρεῖ
550 1145 690 1204 θάλασσαν
717 1141 765 1203 καὶ
787 1143 895 1223 ἀντικρδ
916 1143 962 1203 τδν
985 1139 1118 1224 Τζεσμέ),
1148 1141 1181 1200 τὰ
1203 1141 1283 1200 διτοϊσ
1313 1143 1455 1218 χειμῶνος
1477 1141 1540 1220 ῦιρᾳ

242 1264 399 1346 προξενοῦσι
429 1269 585 1346 ψυχρότητα
610 1265 657 1326 καὶ
679 1267 760 1346 νρθον
783 1265 957 1346 ἀνυπόρορον,
988 1261 1019 1338 ἐξ
1043 1263 1166 1337 ἐναντίας
1189 1263 1221 1323 δὲ
1243 1261 1282 1334 εἰς
1304 1265 1352 1322 τδν
1373 1263 1469 1339 καιρόν
1490 1263 1540 1320 τοῦ

242 1388 419 1467 καλοκαιρίον
445 1389 548 1467 θέρμην
570 1386 616 1448 καὶ
638 1391 731 1448 καῦσιν
757 1386 867 1462 πολλὴν
884 1438 890 1450 .
910 1433 915 1445 .
935 1435 941 1448 .
959 1399 984 1447 et
1001 1411 1033 1464 p.
1053 1395 1107 1448 85:
1130 1386 1177 1445 δὲν
1201 1386 1292 1461 ἔμεινε
1315 1386 1419 1444 κονὲνα
1433 1383 1488 1442 άπδ
1505 1383 1540 1442 τὰ

243 1509 350 1571 παλαιὰ
373 1507 581 1585 οἰκοδομήματα
603 1509 651 1584 τὴν
674 1511 792 1588 σήμερον
815 1515 898 1584 (anuo
917 1512 1011 1582 1804)
1035 1504 1088 1580 ἔξω
1109 1507 1161 1567 άπδ
1175 1507 1224 1582 τὴν
1246 1508 1392 1587 τράπεζαν,
1415 1505 1469 1565 ἀπό
1492 1505 1541 1564 τόν

243 1633 354 1712 πθργσν,
379 1632 433 1692 ἀπό
448 1633 496 1707 τὴν
519 1633 666 1712 ρσυντάναν
681 1629 728 1691 καὶ
751 1631 805 1690 ἀπδ
826 1631 875 1705 τὴν
899 1628 1058 1707 ἐκκλησίαν.
1091 1629 1229 1708 όπῦργος
1252 1623 1321 1688 είναι
1344 1629 1393 1688 ἕνα
1415 1627 1541 1708 ρροθριον

242 1756 311 1835 πρδς
334 1754 438 1830 δυσμὰς
460 1753 586 1829 κείμενον
607 1750 647 1826 είς
668 1755 700 1813 τδ
721 1751 890 1832 ὑψηλότερον
912 1753 996 1834 μέρος
1018 1755 1064 1811 τοῦ
1087 1749 1277 1831 μοναοτηρίου,
1300 1751 1403 1832 ἔρημον
1427 1747 1467 1821 εἰς
1489 1749 1541 1822 τὰς

243 1879 350 1956 ἡμέρας
380 1896 434 1950 μας
466 1875 513 1936 καὶ
544 1871 691 1956 ἄχρηστον,
721 1876 739 1950 η
769 1877 901 1954 ρουντάνα
931 1869 999 1933 είναι
1030 1871 1176 1952 ἀξιόλογον
1198 1877 1312 1952 πρᾶγμα
1333 1869 1382 1931 καὶ
1402 1873 1541 1951 χρήσιμον

245 2000 338 2075 ἀκόμα
351 1995 398 2058 καὶ
412 1999 462 2073 τὴν
477 2000 605 2078 σήμερον,
627 1995 736 2057 πολλοῦ
757 1997 856 2076 χρόνον
871 1993 919 2056 καὶ
933 1997 1019 2056 κόπου
1037 1993 1084 2055 καί
1107 1995 1232 2070 δαπάνης
1253 1995 1284 2053 οῦ
1306 1998 1423 2074 σμικρᾶς
1447 1993 1541 2073 ἔργον,

246 2119 341 2196 ἐπειδὴ
372 2121 431 2198 ἔχει
461 2120 553 2180 ἱκανόν
584 2119 669 2193 βάθος
696 2117 742 2180 καὶ
765 2113 833 2180 είναι
858 2117 1030 2196 ἐσκαμμένον
1051 2117 1099 2179 καὶ
1122 2117 1284 2197 άνοιγμένον
1306 2117 1371 2176 αθτδ
1392 2116 1424 2176 τό
1454 2115 1542 2190 βάθος

245 2241 286 2314 εἰς
306 2245 388 2303 τόπον
403 2245 569 2324 τραχύτατον
588 2241 635 2302 καὶ
657 2238 793 2322 πετρώδη,
817 2241 958 2323 διαιρεῖται
981 2239 1012 2301 δὲ
1033 2241 1064 2300 τδ
1086 2241 1192 2312 πλάτος
1213 2259 1262 2314 της
1286 2237 1326 2311 εἰς
1347 2239 1409 2319 τρία
1432 2239 1469 2314 μὲ
1492 2238 1542 2298 δῦο

244 2367 353 2436 στάσεις
375 2365 507 2425 κολωνῶν
530 2365 651 2442 ὑψηλῶν.
690 2365 850 2444 ἠτράπεζα
874 2357 1012 2423 εἶναικαὶ
1034 2363 1101 2437 αδτὴ
1126 2359 1273 2440 ἀξιόλογος
1295 2357 1439 2440 οἰκοδομή,
1464 2362 1542 2435 ὅμως

245 2487 317 2568 άργλ
340 2485 387 2548 καὶ
411 2487 555 2569 ἄχρηστος.

350 2615 374 2670 Ι.
398 2633 429 2686 ρ.
456 2618 484 2685 1,
512 2615 531 2670 ί.
557 2617 623 2670 911
648 2617 688 2670 13
708 2615 831 2685 forsitan
853 2615 992 2669 delendum
1015 2605 1062 2666 καὶ
1084 2620 1146 2668 ante
1169 2607 1289 2681 ὀνόματι.
1330 2611 1410 2666 Urmia
1432 2611 1541 2666 ν’ποίπεα

245 2740 302 2794 eine
317 2745 381 2794 ποια
395 2755 443 2793 ποι
458 2738 651 2809 supplevimus.
683 2737 724 2808 II,
743 2754 776 2808 p.
795 2739 824 2806 3,
847 2737 866 2792 l.
885 2741 905 2790 4
925 2729 1071 2810 χαρίσασα.
1102 2737 1173 2807 Leye
1195 2753 1255 2790 σιινιι
1278 2733 1359 2789 Scdck.
1383 2727 1542 2807 γνωρίσασα

246 2869 270 2918 et
292 2869 379 2916 verte:
400 2868 466 2916 ποια
481 2860 590 2930 facim
612 2861 670 2930 ejus
693 2859 830 2914 liberam
853 2859 999 2928 dexteram,
1023 2865 1047 2913 et
1063 2859 1119 2914 dele
1141 2864 1195 2912 ποι.
1216 2860 1242 2912 1.
1275 2857 1365 2926 Hujus
1388 2857 1543 2910 documenti

246 2985 299 3039 ιίιω
314 2983 474 3055 framenta
489 2984 614 3056 loquutur
629 2983 705 3052 apud
720 2981 842 3052 Νθσερθ,
866 2982 885 3036 ι’.
902 2999 924 3035 e.
940 2981 1047 3036 τ’τιίόίιιπι
1063 2981 1120 3034 άοο.
1133 2997 1165 3049 μ.
1184 2981 1212 3048 2,
1236 2980 1255 3034 l.
1274 2979 1410 3048 23σάρ.
1430 2979 1459 3048 3,
1483 2978 1542 3032 l.6

247 3096 339 3173 δεξιάν
362 3104 485 3177 (Niceph.
496 3124 529 3176 p.
551 3103 601 3174 72)
624 3123 683 3160 σωκ
706 3105 788 3159 varia
810 3103 933 3158 lectione:
960 3103 979 3158 l.
998 3104 1037 3156 21
1060 3095 1202 3156 τοσοῦτων.
1237 3101 1256 3156 l.
1274 3101 1315 3155 23
1338 3090 1383 3154 ἐπί
1404 3093 1542 3164 κάκείνως

245 3225 354 3295 πάντως
370 3222 457 3297 μέλον
473 3223 544 3282 θεοῦ.
576 3227 595 3282 ί.
613 3229 654 3282 28
669 3221 811 3299 συγγινόμ.
842 3225 861 3280 l.
879 3226 921 3280 29
935 3219 1001 3297 ὑπέρ
1016 3238 1046 3277 τε
1060 3223 1107 3316 τοῦ
1122 3219 1221 3277 κοινοῦ.
1247 3241 1280 3292 p.
1299 3223 1327 3291 3,
1348 3221 1366 3276 l.
1386 3215 1541 3294 4χαρίτων

246 3344 400 3426 γνωρίσασα
423 3353 480 3405 sine
501 3341 556 3402 καί.
591 3349 704 3420 Aliquid
726 3351 814 3404 deesse
836 3347 944 3402 videtur
966 3347 985 3401 l.
1004 3349 1023 3400 5
1041 3353 1105 3417 ροσι
1128 3338 1309 3420 εῦπορήσασα.
1344 3345 1362 3398 l.
1383 3346 1425 3398 10
1448 3337 1542 3408 αῦτοδς

247 3475 362 3528 correxit
385 3471 415 3528 S.
432 3489 464 3526 σα
487 3465 585 3538 αἰετοῖς.
620 3471 639 3525 l.
660 3473 698 3524 14
722 3469 752 3525 S.
768 3469 872 3524 mavult
894 3465 1044 3542 καταοῦρον
1068 3461 1170 3532 αθτοός.
1204 3467 1223 3522 l.
1243 3469 1282 3520 19
1304 3483 1372 3520 corr.
1397 3459 1540 3540 ἠρεμαῖον.

247 3597 265 3650 l.
291 3597 333 3650 20
355 3587 483 3663 εὐσεβοῦς
505 3611 574 3647 σοιν.
600 3591 629 3647 S.
653 3610 686 3646 ια
708 3584 851 3659 εῦλαβοῦς.
897 3592 916 3645 l.
938 3591 980 3644 20
1002 3585 1089 3662 ἕτεροι
1112 3587 1142 3644 S.
1166 3571 1236 3643 οσον.
1260 3605 1293 3642 σε
1314 3581 1424 3660 ἑτέρων.
1469 3587 1540 3657 Ρσρ.

248 3723 337 3772 autem
363 3717 402 3771 66
426 3723 450 3770 τι
475 3717 515 3770 67
537 3715 598 3769 Nic.
612 3713 718 3784 profert
740 3714 818 3768 aliud
833 3713 1028 3784 fraqmentum,
1054 3711 1073 3765 τ’,
1095 3729 1116 3765 e.
1136 3729 1169 3780 p.
1187 3713 1216 3779 4,
1240 3709 1258 3764 l.
1279 3711 1320 3763 19
1341 3702 1461 3773 θεσπίζει
1483 3725 1541 3761 cum

246 3841 327 3894 varia
343 3839 452 3893 lectione
474 3837 493 3892 ί.
511 3839 552 3891 20
575 3829 628 3890 ἀπό
650 3850 693 3907 γε.
725 3835 745 3890 l.
765 3837 815 3904 21,
841 3836 882 3888 22
903 3828 1026 3908 περιέναι
1049 3826 1126 3902 δίκην
1147 3824 1317 3900 οἱαςδήτινος
1332 3825 1427 3884 ἕνεκεν
1444 3821 1539 3894 αἰτίας.

247 3961 266 4017 l.
291 3963 333 4014 22
362 3956 465 4028 θεῶν.
511 3959 529 4013 l.
555 3959 596 4012 20
627 3946 659 4010 αὖ
683 3952 782 4030 ἑτέρων
806 3999 812 4012 .
839 3998 845 4010 .
871 3998 877 4011 .
903 3947 1089 4026 διασταζίοιεν.
1136 3953 1154 4008 l.
1181 3955 1221 4007 92
1248 3947 1353 4026 ἀφιέναι
1377 3942 1541 4026 δικαστηρίῳ

247 4081 288 4151 (in
311 4088 384 4136 textu
406 4082 563 4152 smpsimus
587 4074 627 4152 ἐρ.
645 4097 677 4134 αα
699 4098 768 4134 corr.
794 4075 835 4146 S).
867 4079 885 4132 l.
905 4080 945 4131 34
961 4070 1012 4130 ἀνά
1036 4070 1127 4145 μέσον.
1154 4093 1187 4146 p.
1206 4079 1234 4145 4,
1258 4076 1277 4129 l.
1293 4076 1315 4128 2
1332 4081 1398 4144 post
1419 4067 1541 4148 πληροῦν

248 4201 340 4259 addit?
370 4197 413 4256 ἵνα
443 4197 481 4269 ὡς
511 4197 540 4256 ἐν
570 4195 675 4267 ἀδύτοις
702 4192 752 4254 τισὶ
783 4193 1039 4272 μυσταγωγοῦμενοι
1056 4190 1108 4252 καὶ
1131 4193 1162 4251 τό
1184 4191 1316 4269 ἠρεμαῖον
1338 4189 1387 4250 καί
1408 4189 1541 4266 γαλήνιον

246 4320 379 4380 πάντοθεν
410 4319 522 4396 ἔχοντες
551 4313 767 4388 ἀνεπιθολώτους
796 4315 845 4386 τὰς
874 4313 941 4394 ὑπὲρ
972 4320 1022 4390 τῆς
1057 4312 1200 4387 βασιλείας
1230 4311 1348 4384 ίκετείας
1377 4311 1447 4392 πρὸς
1480 4309 1540 4370 θεδν

249 4443 409 4522 ἀναφέρωσι.
444 4445 534 4516 confer
551 4464 584 4516 p.
603 4447 630 4514 9,
655 4445 673 4500 l.
693 4446 741 4498 16.
776 4443 795 4498 1.
815 4447 834 4498 5
855 4436 921 4506 ἴσως
944 4461 1012 4497 οων.
1031 4441 1060 4497 S.
1078 4459 1110 4496 ωε
1131 4433 1206 4495 ἴσων.
1238 4441 1317 4495 117
1339 4455 1371 4493 αα
1393 4435 1540 4512 ταγμάτων

248 4587 317 4626 σοιν.
336 4567 365 4625 S.
411 4571 429 4624 l.
450 4571 489 4625 19
511 4563 585 4643 άνθρ.
610 4567 688 4623 addit
712 4565 741 4621 S.
787 4565 806 4620 l.
824 4566 865 4620 20
889 4577 1017 4637 συνωναρ.
1034 4583 1104 4618 corr.
1122 4562 1151 4618 S.
1174 4581 1206 4616 αα
1229 4554 1417 4634 σινννσταρίων.
1464 4561 1483 4616 l.
1502 4562 1539 4614 21

250 4685 376 4747 δουλείαν
393 4709 462 4746 corr.
481 4691 510 4747 S.
528 4709 560 4744 ιω
576 4680 712 4754 δουλείας.
744 4688 803 4756 ΙΙΙ,
822 4705 855 4757 p.
874 4689 902 4756 5,
929 4688 948 4741 6
969 4687 1001 4740 de
1023 4685 1071 4740 ίιοο
1093 4683 1261 4756 σθνμεοόιιίίο
1283 4683 1344 4738 Nic.
1361 4684 1401 4737 εἰσ·
1423 4683 1541 4754 loquitur
