3208 5310
247 261 291 326 40

1547 330 1549 420 ί

238 455 333 531 μοδίου
348 453 385 516 α’.
409 457 502 536 ἕτερον
524 455 554 514 τδ
576 451 695 530 πλησίον
718 457 763 514 τοῦ
782 447 965 534 Χορευτηρίου
986 454 1017 514 τ“ο
1040 452 1093 514 ἀπὸ
1114 457 1161 514 τοῦ
1184 452 1230 533 σῦρ
1246 452 1366 513 Λεοῦνου
1388 451 1492 528 μοδίου
1512 446 1542 510 α’

239 579 332 660 ἕτερον
354 575 402 637 ἀπ’
414 577 493 636 αὑτοῦ
514 576 545 636 τ“ο
566 576 721 655 λεγόμενον
744 578 791 636 τοῦ
806 574 938 650 Νήσακος
957 573 1002 634 σῦν
1018 578 1065 634 τοῦ
1079 573 1100 632 Γ
1101 576 1252 655 ρηγεράτου
1269 572 1371 648 μοδίων
1382 570 1422 652 γ’.
1449 575 1519 652 ἕπερ

238 701 269 760 τδ
292 698 344 760 ἀπδ
366 702 413 760 τοῦ
436 697 597 778 Καοτρισίου
618 698 649 758 τδ
671 697 787 774 πλησίον
809 697 948 778 χωραρίου
969 699 1016 758 τοῦ
1039 695 1240 774 Χαμοοχῦνδου
1263 693 1365 771 μοδίων
1377 691 1416 771 β’.
1441 699 1532 774 χωρτὶ

238 841 285 902 ριοι
307 821 413 880 ἅπαντα
436 819 465 880 ἐν
487 825 520 904 τῇ
544 819 610 903 αῦιῇ
634 819 700 903 ἁγίᾳ
722 825 793 902 μονῇ
816 818 900 896 μόδια
914 815 1040 900 ρκθ’ς”
1060 816 1107 880 καὶ
1123 817 1333 896 ἀμοδιολόγητα
1347 817 1499 893 κομμάτια
1515 814 1539 887 ζ’

794 1112 981 1189 Ἀμπέλια.

343 1307 483 1381 Ὁμοίως
513 1304 568 1366 καί
597 1305 637 1366 τὰ
662 1304 812 1380 ἀμπέλια
841 1309 900 1382 τῆς
927 1305 1119 1384 ἁγιωτάτης
1142 1305 1329 1383 ἐπισκοπῆς
1350 1304 1390 1365 τὰ
1412 1305 1477 1364 ῦπδ
1505 1303 1542 1382 τί

239 1431 335 1508 μέρει
352 1428 516 1504 ΙΙαλικής.
542 1427 645 1503 ἀμπὲλι
668 1431 713 1488 τοῦ
728 1424 901 1506 ’Υδρομῦλου
922 1427 952 1486 τδ
975 1425 1091 1502 πλησίον
1114 1426 1250 1503 ἀμπελίου
1273 1431 1319 1488 τοῦ
1334 1427 1482 1508 Δρεπάνου
1500 1423 1548 1486 καὶ

238 1557 284 1612 τοῦ
302 1551 455 1630 Πειρασμοῦ
478 1549 524 1610 καὶ
547 1549 678 1628 σύνεγγυς
699 1552 746 1608 τοῦ
763 1548 941 1629 διερχομένου
956 1551 1088 1630 ποταμοῦ,
1113 1549 1205 1619 καθὼς
1223 1548 1292 1610 ἐστιν
1307 1545 1547 1628 ίδιοπεριόριστον,

239 1674 302 1732 ὅσον
316 1669 364 1732 καί
379 1664 434 1732 οἷόν
452 1670 532 1732 ἐστιν.
550 1673 629 1750 ἕτερα
645 1672 785 1746 κομμοίτια
797 1669 821 1745 β’
840 1667 879 1740 είς
895 1673 941 1730 τοῦ
956 1669 1105 1747 Σουγιοίνου
1121 1669 1253 1745 μοδίωνβ
1290 1672 1381 1750 ἕτερον
1396 1672 1446 1729 τοῦ
1463 1664 1563 1749 Καρ-ί

239 1796 316 1870 μέως
337 1793 367 1854 τ“ο
390 1793 513 1854 κάτωθεν
534 1792 674 1872 χωραηίου
695 1795 741 1852 τοῦ
756 1791 892 1872 Μαχαιρᾶ
914 1787 961 1850 καί
982 1789 1098 1866 πλησίον
1120 1795 1171 1866 τῆς
1194 1790 1327 1866 δημοσίας
1348 1789 1412 1851 ὁδοῦ
1435 1758 1564 1868 μοδίωνί

238 1914 275 1996 γ’.
301 1919 394 1996 ἕτερον
416 1913 457 1987 είς
478 1915 509 1974 οδ
532 1914 637 1990 ἃμπέλι
659 1915 768 1992 Βαῦχου
790 1913 821 1974 τ“ο
843 1913 998 1992 λεγόμενον
1024 1913 1042 1988 ἡ
1065 1911 1206 1988 Ἄμπελος
1234 1911 1279 1972 σῦν
1300 1914 1347 1972 τοῦ
1369 1912 1566 1988 κλείσματαςγ

238 2037 285 2098 καί
312 2041 358 2099 τοῦ
385 2036 537 2114 κομματίου
563 2033 617 2096 τῶν
645 2033 768 2096 Ῥοίδίων
797 2032 898 2110 μοδίων
914 2032 947 2105 ζ’.
979 2037 1071 2115 ἕτερον
1097 2039 1147 2110 τῆς
1175 2033 1337 2108 Ἀναβαίοιας
1363 2034 1394 2093 εδ
1420 2033 1567 2111 πλησίονι

239 2159 375 2236 ἀμπελίου
398 2164 443 2220 τοῦ
466 2161 629 2240 Βαρυπράτη
652 2159 683 2218 τδ
711 2158 832 2217 κάτωθεν
854 2159 901 2216 τοῦ
922 2159 1041 2235 κρεμνοῦ
1064 2155 1166 2231 μοδίων
1182 2152 1220 2234 γ’.
1257 2157 1337 2236 ἕτερα
1359 2156 1486 2236 ἁρμάκια
1511 2157 1568 2214 τδιἶ

239 2277 361 2341 κάτωθεν
384 2285 430 2342 τοῦ
453 2280 589 2356 ἀμπελίου
615 2283 663 2340 τοῦ
679 2278 775 2359 Χοιδοῖ,
798 2279 891 2352 καθὼς
913 2277 1073 2352 ἀναβαίνουν
1097 2279 1180 2359 μέχρι
1202 2282 1252 2354 τῆς
1268 2275 1332 2338 ὁδοῦ
1354 2275 1399 2336 σῦν
1422 2277 1471 2338 καὶ
1497 2284 1545 2338 τοῦ

240 2397 345 2462 ἄνωθεν
367 2407 417 2477 τῆς
439 2400 503 2462 ὁδοῦ
526 2401 629 2477 μοδίων
645 2399 672 2480 γ’
694 2401 729 2461 τὰ
751 2401 899 2481 ἀμρίτερα.
925 2402 1017 2482 ἕτερον
1041 2399 1146 2476 ἀμπὲλι
1169 2397 1209 2473 εἰς
1223 2400 1269 2460 τὀν
1286 2401 1363 2480 ἅγιον
1379 2397 1545 2460 Θεόδουλον

238 2525 268 2584 ιο
290 2523 444 2601 λεγόμενον
471 2526 518 2582 τοῦ
540 2522 627 2602 Δρυδς
653 2523 683 2582 τδ
706 2521 823 2600 πλησίον
845 2521 973 2600 λαχιδίου
995 2526 1042 2584 τοῦ
1064 2523 1153 2584 Χοιδοί
1175 2521 1222 2584 σῦν
1245 2519 1360 2582 καὶτοῦ
1382 2521 1545 2600 λαγγαδίον

239 2647 293 2716 ἕως
321 2647 368 2705 τοῦ
394 2645 415 2704 Γ
417 2645 526 2726 ε’ροντος
556 2645 590 2704 τὰ
616 2644 757 2725 ἀμφότερα
787 2644 889 2720 μοδίων
905 2641 939 2705 ε’.
971 2647 1063 2726 ἕτερον
1091 2643 1227 2721 ἀμπέλων
1255 2641 1295 2717 εἰς
1321 2641 1355 2703 τὰ
1382 2643 1467 2724 ἄγρια
1496 2648 1544 2704 τοῦ

238 2767 393 2848 λαγγαδίου
415 2769 445 2827 τ“ο
468 2765 645 2828 ἀποκάτωῦεν
669 2766 804 2842 ἀμπελίου
826 2769 873 2828 τοῦ
888 2768 1050 2847 Βαρυπράτη
1074 2765 1169 2841 μοδίου
1185 2761 1212 2824 α’
1246 2768 1338 2846 ἕτερον
1359 2763 1399 2838 εἰς
1413 2767 1444 2825 τ“ο
1461 2767 1542 2846 Βαρ-

240 2891 308 2965 δαίνη
331 2889 361 2948 ιδ
383 2888 498 2965 πλησίον
521 2885 568 2948 καί
590 2887 722 2966 σύνεγγυς
749 2886 885 2962 ἀμπελίου
907 2891 954 2948 τοῦ
976 2886 1134 2965 Μιχαλίτζη
1158 2885 1254 2964 μοδίου
1270 2885 1306 2947 α’.
1338 2890 1420 2968 ἕτεροι
1443 2885 1486 2960 είς
1509 2889 1544 2948 τὰ

239 3013 331 3083 Βατία
358 3011 392 3070 τὰ
417 3010 560 3088 λεγόμενα
587 3013 633 3070 τοῦ
654 3009 832 3090 Βελλεροίτου
858 3011 999 3085 κομμάτια
1026 3009 1073 3069 δύο
1096 3007 1199 3084 μοδίων
1213 3007 1253 3090 γ’,
1280 3009 1314 3070 τὰ
1337 3009 1467 3070 ἀποκάτω
1493 3016 1543 3086 τῆς

239 3131 341 3204 οἰκείας
370 3135 416 3192 τοῦ
438 3129 589 3213 Κονδύλου,
619 3132 713 3204 καθὼς
741 3133 921 3214 κατέρχονται
951 3132 1033 3211 μέχρι
1063 3135 1109 3192 τοῦ
1139 3133 1343 3214 κατερχομένον
1374 3134 1540 3214 χειμάρρου.

241 3255 321 3334 ἔτερα
343 3257 397 3314 τῶν
413 3251 592 3333 Ἁλμυρίδων,
614 3248 708 3324 καθώς
729 3251 805 3336 εἰσιν,
829 3253 931 3328 μοδίων
943 3251 980 3333 γ’.
1006 3256 1087 3336 ἕτερα
1103 3252 1141 3326 είς
1157 3255 1205 3329 τἠν
1220 3252 1387 3330 Τζαλαμίδα
1402 3255 1420 3330 ἡ
1437 3253 1542 3314 Φυλέα

238 3375 269 3434 τδ
292 3373 455 3433 ἀνατολικὸν
477 3375 523 3434 τοῦ
545 3375 678 3456 ποταμοῦ,
706 3375 770 3436 ὅσον
793 3371 839 3435 καί
862 3366 918 3435 σίίν
943 3375 1025 3454 ἐστιν,
1052 3371 1145 3446 καθώς
1169 3375 1224 3435 ἐστι
1246 3377 1460 3456 περιωρισμένον
1485 3395 1540 3450 μο-

240 3495 305 3556 δίων
321 3491 409 3570 δ’ς”.
434 3495 527 3576 ἕτερον
549 3495 579 3556 τδ
602 3494 673 3554 κατὰ
696 3493 800 3571 δυσμὰς
821 3499 868 3556 τοῦ
891 3498 970 3556 αυτοῦ
993 3497 1129 3574 ἀμπελίου
1152 3499 1182 3557 τ“ο
1204 3498 1319 3574 πλησίον
1339 3497 1477 3572 ἀμπελίου
1494 3501 1540 3558 τοῦ

239 3617 338 3698 Κρασοῑ
360 3613 407 3676 καί
430 3619 475 3677 τοῦ
498 3615 668 3694 Ἀβαστάγου
690 3616 786 3694 μοδίου
800 3613 849 3691 ς”.
869 3614 892 3678 δ’
904 3614 956 3692 ς”.
980 3620 1073 3700 ἕτερον
1096 3616 1135 3690 είς
1157 3620 1187 3678 rb
1210 3619 1398 3699 Δρογγαρικδν
1420 3617 1540 3694 πλησίον

240 3736 376 3814 ἀμπελίου
398 3741 444 3798 τοῦ
467 3736 545 3818 ἁγίου
561 3735 679 3818 Ἐσδρδις
699 3737 792 3812 μοδίου
809 3735 845 3800 α’.
869 3741 961 3820 ἕτερον
977 3739 1017 3812 είς
1031 3739 1065 3800 τὰ
1080 3739 1229 3820 Δαματερὰ
1243 3741 1327 3818 ἤγουν
1342 3745 1392 3816 τῆς
1408 3740 1540 3808 Παλαιᾶς

240 3861 409 3936 Ἑπισκοπῆς
435 3859 520 3939 ἤγουν
550 3865 600 3935 τῆς
623 3859 729 3942 Πετρδς
752 3859 797 3920 σὐν
820 3865 865 3922 τοῦ
888 3861 1065 3924 ἀποκάτωῦεν
1089 3861 1185 3939 μοδίου
1200 3859 1234 3923 α’.
1266 3863 1411 3944 ἕτεροντὸ
1434 3863 1540 3923 ἄνωθεν

238 3987 286 4043 τοῦ
308 3981 444 4063 τηγαδίου
472 3982 502 4042 τδ
528 3979 575 4044 καί
602 3981 717 4058 πλησίον
745 3982 873 4060 ἀμπέλου
900 3989 946 4045 τοῦ
968 3987 1110 4066 Μαρκοῦρι
1133 3985 1236 4061 μοδίων
1252 3983 1278 4060 β’
1302 3985 1347 4044 σῦν
1369 3989 1424 4045 τῶν
1448 3984 1540 4046 ἐκεῖσε

240 4104 390 4181 ἱσταμένων
419 4103 546 4184 δένδρων.
579 4107 671 4188 ἕτερον
698 4103 738 4177 είς
764 4107 810 4166 τὀν
837 4107 914 4186 ἅγιον
937 4106 1078 4168 Νικόλαον
1107 4106 1147 4180 είς
1173 4110 1218 4168 τδν
1241 4108 1341 4168 Σκινέα
1367 4107 1398 4166 τ“ο
1420 4107 1539 4182 πλησίον

238 4229 285 4286 τοῦ
308 4229 373 4286 ναοῦ
396 4225 499 4302 μοδίων
514 4224 551 4303 β’.
575 4229 667 4308 ἕτερον
690 4225 730 4300 εἰς
752 4227 798 4289 τον
822 4229 900 4289 αῦτδν
916 4231 997 4290 τόπον
1012 4231 1043 4290 τδ
1058 4230 1129 4291 κατὰ
1146 4229 1249 4306 δυσμὰς
1265 4229 1367 4304 μοδίων
1383 4227 1419 4304 β’.
1444 4231 1539 4310 ἕτερον

239 4345 281 4419 είς
308 4347 357 4424 τὴν
379 4347 538 4409 τοποθεσίαν
567 4352 614 4409 τοῦ
636 4349 727 4411 Λῦκου
749 4351 780 4411 το
802 4348 849 4412 καὶ
871 4349 989 4428 πλησίον
1011 4357 1058 4415 τοῦ
1080 4351 1217 4428 ἀμπελίου
1238 4355 1285 4412 τοῦ
1307 4352 1538 4413 Κοπελοϊωοίννου

240 4468 342 4546 μοδίων
358 4467 449 4544 α’ς”.
481 4471 573 4552 ἕτερον
601 4469 641 4544 είς
667 4473 697 4532 τὀ
725 4473 863 4554 λαγγοίδιν
890 4475 921 4534 τ“ο
943 4473 1059 4552 πλησίον
1083 4470 1219 4552 ἀμπελίου
1241 4480 1288 4538 τοῦ
1310 4475 1437 4555 μεγάλου
1460 4473 1537 4536 οἰκο-

239 4595 324 4668 νόμου
350 4591 557 4672 τὸλεγόμενον
582 4597 627 4655 τοῦ
649 4594 745 4676 Δρυὸς,
777 4597 838 4656 ὅσον
861 4595 907 4657 καὶ
930 4589 985 4657 οίόν
1009 4597 1088 4658 ἐστιν.
1119 4595 1225 4674 ἀμπὲλι
1249 4597 1288 4672 είς
1309 4599 1355 4660 τδν
1377 4597 1485 4658 Γελλδν
1509 4598 1538 4656 τ“ο
