3222 5284
221 335 284 400 318

220 529 264 588 ίνα
286 529 393 609 γίνηται
415 529 430 588 δ
451 529 556 610 κλῆρος
579 531 612 590 ἐκ
634 537 684 606 τῆς
707 531 782 602 θείας
803 533 902 610 ψήφου,
933 532 1026 604 καθὼς
1048 530 1250 613 προδιέστειλα,
1280 532 1328 593 καί
1349 535 1409 594 τότε
1430 555 1527 614 σφρα-

220 649 328 728 γίζητοιι
358 651 513 730 ήγούμενος
541 652 615 732 παρὰ
646 657 692 714 τοῦ
723 651 867 733 εἰρημένου
897 655 1103 730 καθηγουμένου
1131 656 1146 714 δ
1174 655 1207 715 ἐκ
1233 661 1286 716 τῶν
1315 656 1418 716 ἀδύτων
1444 657 1527 718 κατὰ

221 773 326 853 κλῆρον
350 774 497 852 ἐπιλεγείς,
537 777 551 834 δ
575 777 668 850 μέντοι
690 776 1028 857 λαμπράτατσςιέπαρχος
1052 779 1126 838 ἐσται
1149 778 1466 854 συναντιλαμβανάμενος
1494 777 1527 837 ἐν

220 897 279 964 ταῖς
302 894 391 968 δίκαις
412 901 459 956 τοῦ
481 917 511 956 τε
534 897 712 975 μσναστηρίου
735 895 782 957 καὶ
803 901 850 957 τοῦ
871 899 1090 986 πτωχοτροφείου
1114 919 1165 974 μου
1188 900 1260 960 κατὰ
1274 901 1323 975 τὴν
1338 920 1527 980 προεκφωνη-

222 1015 314 1076 θεῑσαν
337 1016 548 1096 άπαραποιήτως
571 1016 691 1091 διάταξιν
713 1018 779 1098 ύπέρ
802 1023 921 1097 ψυχικῆς
944 1021 1024 1080 αὺτοῦ
1047 993 1180 1099 σωτηρίας
1200 1021 1246 1080 καί
1266 1028 1316 1097 τῆς
1336 1019 1377 1090 εἰς
1395 1023 1438 1080 τὀν
1453 1022 1527 1080 θεὸν

222 1135 378 1216 θεραπείας,
402 1140 442 1218 ὅς,
467 1137 542 1220 ε’ίπερ
565 1139 580 1196 δ
602 1143 762 1214 τιμιώτατος
777 1141 985 1217 καθηγούμενος
1000 1141 1169 1223 ἐπιχειρήσει
1186 1143 1345 1203 δεσποτείαν
1361 1146 1379 1218 ῆ
1395 1142 1527 1222 ἐφορείαν

222 1259 251 1318 ἐν
273 1263 329 1330 τοῖς
351 1262 463 1340 εύαγέσι
484 1262 587 1333 τούτοις
609 1265 838 1343 προσκτήσασθαι,
861 1263 905 1323 ἵνα
927 1264 1024 1347 κωλύη
1048 1264 1125 1324 αῦτδν
1148 1261 1196 1324 καί
1219 1261 1308 1346 ἐξωθῇ
1330 1269 1378 1325 τοῦ
1398 1267 1524 1325 τοιούτου
1604 1349 1605 1352 ¹

220 1380 366 1462 προνομίου
396 1380 442 1441 καί
470 1382 631 1461 διαδέχηται
654 1384 733 1456 αὐτδς
755 1385 770 1442 θ
792 1385 988 1466 λαμπρότατος
1011 1385 1123 1460 δηλαδῆ
1149 1385 1270 1464 ἔπαρχος
1290 1387 1339 1460 τήν
1362 1390 1407 1446 τοῦ
1428 1387 1524 1465 ήγου-

221 1504 303 1578 μένου
325 1503 501 1584 προχείρισιν.
532 1505 618 1566 πλέον
642 1505 674 1566 δέ
695 1507 794 1581 ταύτης
816 1506 935 1583 καὶτῆς
960 1509 988 1568 ἐν
1012 1511 1071 1580 ταῖς
1091 1507 1179 1579 δίκαις
1194 1507 1370 1584 ἀντιλήψεως
1384 1505 1430 1568 καὶ
1445 1506 1524 1583 βοη-
1604 1579 1605 1582 ς

221 1624 296 1696 θείας
327 1624 415 1706 ἐπέχῃ
446 1626 542 1702 μηδέν.
588 1631 671 1688 ταῦτα
694 1627 725 1688 δέ
748 1629 823 1690 ἔσται
846 1629 917 1704 μετὰ
938 1629 988 1705 τήν
1018 1629 1182 1709 παρέλευσιν
1205 1635 1254 1704 τῆς
1277 1630 1331 1690 άπδ
1353 1633 1399 1691 τοῦ
1421 1631 1524 1708 γένους

221 1769 273 1824 μου
303 1748 428 1827 ἐφορείας
457 1747 503 1808 καί
530 1751 696 1831 κυριάτητος,
727 1752 765 1822 ὡς
795 1753 1010 1831 προγέγραπται.
1056 1751 1262 1830 ἀπαγορεύομεν
1292 1751 1346 1832 γὰρ
1375 1751 1524 1823 παντελῶς

220 1868 267 1930 καί
289 1874 378 1930 πᾶσαν
402 1866 525 1942 ἐξουσίαν
547 1873 680 1948 κοσμικὴν
702 1893 733 1931 τε
755 1870 803 1931 καὶ
826 1871 963 1952 ἱερατικὴν
979 1871 1168 1948 ἀποσοβσῦμεν
1182 1877 1229 1932 τοῦ
1244 1873 1362 1933 τοιούτου
1378 1893 1522 1948 μοναστη-
1604 1865 1605 1926 ί

221 1991 277 2072 ρίου
303 1990 350 2052 καί
377 1996 422 2051 τοῦ
451 1991 678 2074 πτωχοτροφείου,
709 1991 756 2054 καί
784 1995 860 2074 μένῳ
888 1993 943 2072 θεῷ
971 2015 1009 2073 τῳ
1034 1995 1062 2053 ἐν
1095 1993 1271 2076 ἀρχικωτάτη
1293 1992 1341 2053 καὶ
1372 1993 1524 2074 ύπερουσίῳ
1604 2021 1605 2058 ι

220 2113 318 2192 Τριάδι
347 2111 522 2194 δοξαζομένῳ
551 2118 635 2175 ταῦτα
666 2115 858 2195 άνατιθέμεθα,
889 2116 961 2175 καθὰ
989 2115 1137 2194 πολλαχοῦ
1166 2121 1215 2192 τῆς
1244 2115 1382 2194 παρούσης
1412 2119 1524 2194 γραφῆς

221 2233 398 2314 διελάβομεν,
421 2233 468 2296 καί
491 2234 580 2308 οῦδείς
608 2238 699 2310 έτερος
722 2237 751 2296 ἐν
775 2238 865 2308 αύτοῖς
887 2237 1018 2312 διοικήσει
1040 2235 1143 2296 καὶτὰ
1165 2238 1352 2316 προειρημένα
1374 2233 1430 2308 ἕξει
1449 2255 1524 2315 προ-
1604 2263 1605 2266 “

221 2357 302 2430 νόμια
326 2354 370 2415 ἐπὶ
393 2357 565 2437 εύαρεστήσει
587 2362 632 2417 τοῦ
655 2359 718 2418 θεοῦ
742 2356 788 2418 καί
812 2357 973 2431 ἀκολούθως
995 2363 1044 2434 τῆς
1067 2359 1204 2438 παρούσης
1227 2378 1278 2432 μου
1302 2355 1463 2436 διατάξεως,
1498 2355 1523 2416 εί

221 2477 260 2554 μὴ
282 2477 297 2535 ὁ
319 2479 430 2556 γνήσιός
453 2499 504 2553 μου
520 2477 585 2556 υἱὸς,
610 2481 829 2560 ύμυστογράφος
844 2479 891 2540 καὶ
908 2479 1051 2554 βασιλικδς
1069 2481 1203 2558 νοτάριος,
1226 2483 1274 2558 κύρ
1292 2477 1450 2558 Θεόδωρος,
1472 2476 1524 2537 καί

221 2597 245 2657 οἱ
268 2599 331 2658 καθ’
344 2596 409 2674 ἑξῆς
433 2599 466 2669 ἐκ
487 2606 536 2676 τῆς
558 2600 655 2680 δσφύος
678 2603 758 2660 αύτοῦ
780 2599 949 2682 κληρονόμοι
973 2621 1024 2677 μου
1047 2598 1088 2672 είς
1110 2600 1270 2681 ἀπέραντον,
1293 2601 1366 2659 κατὰ
1379 2601 1428 2675 τῆν
1442 2597 1522 2672 τάξιν
1604 2647 1605 2650 ¹

220 2717 268 2780 καὶ
289 2722 335 2780 τδν
358 2722 431 2802 ὅρον,
456 2721 525 2802 άπερ
548 2721 650 2798 ἐθέμην
674 2723 702 2781 ἐν
726 2717 765 2794 οἷς
787 2721 849 2802 περὶ
873 2722 997 2802 ἐφορείας
1019 2720 1066 2782 καί
1087 2721 1247 2796 διοικήσεως
1262 2727 1311 2797 τῆς
1327 2727 1414 2798 μονῆς
1430 2721 1522 2796 ἐμνη-
1604 2755 1605 2788 3

223 2842 349 2920 μάνευσα,
372 2843 443 2902 ὥστε
464 2843 510 2902 τδν
534 2843 634 2924 ἄρρενα
656 2845 835 2923 προτιμᾶσθαι
857 2847 903 2903 τοῦ
926 2843 1036 2918 θήλεως
1058 2841 1105 2903 καὶ
1127 2844 1173 2902 τδν
1195 2842 1349 2923 κρείττονος
1371 2841 1430 2918 βίον
1454 2841 1524 2901 ύντα

221 2969 275 3022 τῶν
297 2964 412 3043 λοιπῶν,
435 2961 483 3024 καὶ
505 2963 604 3036 άπλῶς
627 2964 711 3035 σύτως
735 2965 850 3042 ἔσονται,
874 2967 965 3043 ῶσπερ
989 2963 1017 3024 ἐν
1031 2962 1071 3042 τῷ
1086 2963 1196 3043 δπισθίῳ
1215 2967 1337 3040 τμήματι
1351 2963 1524 3043 πλατύτερον

221 3085 255 3144 τά
276 3083 338 3163 περὶ
361 3086 447 3146 αὐτῶν
470 3083 602 3158 συνέταξα
623 3085 670 3146 καί
693 3083 869 3162 διεταξάμην.
904 3083 927 3145 εί
951 3086 982 3146 δέ
1003 3106 1044 3158 τις
1065 3091 1115 3163 τῆς
1138 3086 1284 3161 βασιλικῆς
1307 3084 1418 3164 μερίδος
1435 3087 1453 3159 ἡ
1469 3089 1524 3158 τῆς

222 3205 455 3284 έκκλησιαστικῆς
477 3211 495 3282 ή
519 3207 611 3285 άλλης
632 3209 704 3280 τινδς
726 3207 877 3288 προνομίας
900 3211 917 3282 ἢ
941 3208 1047 3282 βαθμοῦ
1068 3207 1188 3285 ήτύχης
1202 3205 1409 3288 παρασαλεῦσαί
1423 3225 1449 3265 τι
1464 3213 1521 3264 τῶν
1604 3169 1605 3212 ί

222 3326 398 3408 δεδογμένων
421 3349 467 3405 μοι
494 3328 646 3408 δοκιμάσει,
673 3331 741 3409 προς
762 3327 801 3408 τῷ
825 3329 863 3406 μῆ
893 3327 1097 3404 είσακουσθῆναι
1121 3329 1319 3409 ἐπικατάρατος
1342 3321 1421 3399 ούτσς
1444 3327 1523 3406 παρὰ

222 3447 277 3526 θεῷ
298 3447 346 3509 καί
376 3449 527 3530 ἀνθρώποις
548 3449 596 3510 καὶ
619 3450 672 3510 ἀπδ
697 3453 782 3525 μόνης
804 3455 853 3526 τῆς
884 3450 1082 3530 ἐπιχειρήσεως
1112 3451 1210 3528 ἐνοχος
1238 3450 1312 3510 ἐσται
1335 3449 1436 3520 πάσαις
1458 3451 1522 3520 ταῖς

221 3571 465 3649 προηγησαμένοις
487 3570 576 3650 ἀραῖς,
599 3569 647 3630 καί
670 3570 766 3646 ἐπίσης
789 3571 981 3650 λογισθήσεται
1003 3572 1021 3646 ή
1046 3569 1123 3652 μερὶς
1146 3572 1226 3632 αθτοῦ
1244 3572 1301 3642 τοῖς
1317 3569 1521 3645 άναθεματιζο-

222 3691 314 3765 μένοις
337 3689 366 3750 ἐν
388 3692 447 3763 ταῖς
469 3689 562 3771 άγίαις
585 3691 757 3772 ἐκκλησίαις,
781 3693 820 3764 ὡς
841 3693 1003 3772 παραβάτης
1026 3690 1072 3752 καί
1096 3691 1285 3771 άπατρθπαιος.

487 3898 538 3961 ια’.
564 3899 644 3981 Περὶ
666 3906 728 3959 τῶν
751 3900 919 3980 παροίκων
942 3898 998 3960 καὶ
1021 3901 1250 3980 ἐκληπτάρων.

325 4054 361 4115 Οἱ
383 4055 414 4114 δέ
435 4057 561 4136 πάροικοι
583 4054 630 4116 καί
653 4057 824 4136 ἐκλήπτορές
847 4077 898 4132 μου
921 4055 1057 4136 θφειλουσι
1073 4056 1257 4135 διατηρείσθω
1273 4054 1457 4132 ἀνενέχλητοι
1471 4052 1519 4114 καὶ

221 4179 259 4254 μή
290 4175 523 4258 καταβαρύνεσθαι
554 4176 593 4248 είς
619 4178 735 4239 πλείονα
765 4178 838 4239 δάσιν
868 4181 971 4238 πάκτου
998 4181 1016 4252 ή
1048 4177 1191 4256 δουλειιῦν,
1221 4176 1285 4256 παρ’
1296 4177 1363 4256 ύπερ
1395 4175 1438 4234 ἐπ’
1453 4175 1520 4250 ἐμοῦ

220 4299 431 4374 κατεβάλλοντο
454 4297 501 4361 καί
524 4297 683 4360 ἐδούλευον·
707 4300 753 4360 τδν
775 4301 855 4360 τύπον
878 4299 931 4379 γὰρ
954 4297 1001 4360 καί
1023 4300 1071 4374 τὴν
1087 4295 1162 4370 τάξιν
1177 4302 1228 4374 τῆς
1242 4297 1415 4378 λειτουργίας
1431 4297 1519 4356 αύτῶν

221 4419 412 4501 έναλλαγῆναι
435 4421 466 4482 οθ
489 4426 634 4501 συγχωρῶ,
660 4419 682 4480 εἰ
707 4423 745 4496 μή
768 4442 809 4493 τις
832 4419 927 4502 εὑρεθῆ
950 4419 1067 4481 πλείονα
1088 4426 1138 4496 τῆς
1154 4419 1360 4496 ἐπιβαλλούσης
1374 4423 1429 4498 γῆς
1444 4415 1518 4495 αύτῷ

219 4545 346 4621 κατέχων
368 4541 416 4604 καὶ
439 4542 660 4622 ἐκκαρπούμενος
683 4545 701 4617 ἡ
725 4542 799 4602 άλλο
821 4563 846 4602 τι
870 4541 1005 4623 ἐπισυμβῆ
1029 4541 1191 4623 ἀπρόοπτον,
1216 4541 1347 4616 δεόμενον
1361 4540 1520 4622 προσθήκης

221 4665 352 4726 δουλειῶν
376 4667 462 4725 αθτῶν
484 4668 502 4738 ῆ
527 4669 712 4744 συνεισφορῶν.
