3240 5286
846 798 940 872 XII.

776 989 871 1065 *Acta
892 991 992 1066 ιιιίκ.

528 1215 554 1280 Ι.
578 1213 780 1298 6472-964,
805 1237 916 1280 mense
939 1227 1086 1300 augusto,
1109 1215 1175 1281 ind.
1199 1216 1259 1282 IX.

249 1397 414 1452 Ροίπίανοίιιι
425 1398 583 1468 polyeuctus
595 1397 717 1452 declarat
727 1399 917 1454 monasterium
931 1398 1047 1454 Sanctae
1058 1397 1169 1454 Μανίας
1181 1399 1280 1454 dictum
1292 1399 1452 1468 Ρόέίοεορίιι·
1460 1399 1543 1452 situm

596 1519 684 1574 prope
700 1501 891 1560 Ποιιιοίειιιιιιιιι
906 1522 961 1560 cm
975 1505 1185 1578 ιόιιιιτορορίιιιιι.

270 1704 452 1786 Κόριλλος,
485 1705 570 1786 ἐλέῳ
602 1709 678 1768 θεοῦ
710 1707 975 1789 άρχιεπίσκοπος
1000 1707 1398 1784 Κωνσταντινουπόλεως,
1429 1705 1521 1780 Νέας

536 1829 676 1908 Ῥώμης,
699 1829 754 1891 καὶ
778 1829 1011 1906 οίκουμενικδς
1032 1833 1250 1912 πατριάρχης.

350 1999 424 2060 Ἴσον
454 2003 676 2082 ἀπαραλλάκτως
706 2009 752 2064 τοῦ
781 2003 838 2065 ἴσου
866 2009 913 2066 τοῦ
943 2007 1115 2086 πρωτοτόπου
1137 2009 1333 2086 πατριαρχικοῦ
1354 2003 1542 2082 παλαιγενοῦς

246 2121 437 2201 σιγιλλιώδους
466 2127 638 2205 γράμματος,
673 2125 809 2203 ἐκβληθέν
836 2127 911 2207 παρὰ
932 2131 979 2188 τοῦ
1000 2127 1119 2188 παλαιοῦ
1142 2125 1188 2188 καὶ
1212 2127 1327 2207 ἀρχαίου
1349 2125 1469 2197 κωδαος
1490 2131 1542 2200 τῆς

245 2249 292 2304 τοῦ
314 2245 430 2325 Χριστοῦ
460 2247 589 2324 μεγάλης
620 2247 780 2328 ἐκκλησίας,
810 2247 954 2330 ὁραθέντσς
976 2252 1050 2330 παρά
1072 2270 1102 2309 τε
1124 2255 1173 2324 τῆς
1195 2251 1274 2325 ημῶν
1297 2249 1472 2329 μετριότητος
1493 2246 1543 2306 καὶ

245 2371 294 2442 τῆς
316 2367 550 2448 ῦπερτελεστάπης
572 2367 647 2448 ἱερᾶς
670 2375 723 2429 τῶν
746 2370 897 2450 ἀρχιερέων
921 2371 1040 2452 συνόδου,
1063 2378 1116 2432 τῶν
1133 2373 1161 2432 ἐν
1182 2371 1253 2451 άγίιρ
1267 2371 1398 2447 πνεῦματι
1412 2370 1543 2430 ποθεινο-

244 2491 333 2548 τάτων
355 2488 481 2568 ἀδελφῶν
503 2487 550 2550 καί
572 2489 800 2571 συλλειτουφγιῦν,
823 2497 876 2552 τιῦν
899 2491 945 2552 καὶ
967 2494 1090 2553 κάτωθεν
1111 2493 1331 2574 ιἰτιογραψόντων.

348 2615 364 2688 †
388 2612 609 2693 Πολύευκτος,
640 2611 726 2692 ἐλέῳ
749 2615 823 2674 θεοῦ
848 2613 1544 2694 άρχιεπίσκοπος,Κωνσταντινουπόλεως,

245 2732 334 2806 Νέας
357 2733 494 2814 Ῥώμης,
517 2731 573 2795 καὶ
595 2731 829 2810 οίκουμενικδς
851 2739 1061 2818 πατριάρχης
1084 2742 1109 2814 †.

349 2853 444 2932 γΚαὶ
475 2855 595 2932 λιμένων
626 2855 676 2932 μέν
702 2855 867 2919 κατασκευαὶ
893 2862 950 2930 τοῖς
977 2859 1010 2919 ἐκ
1031 2857 1171 2938 πελάγους
1192 2859 1416 2938 χειμαζομένοις,
1447 2856 1545 2917 οἰκιῶν

245 2998 274 3036 τε
304 2981 483 3051 καταστάσεις
511 2976 637 3059 πρόξενοι
666 2961 814 3060 ὑποδοχῆς,
845 2981 938 3042 τάλλα
967 3003 1007 3062 τε,
1039 2983 1173 3054 όσκ.τοῖς
1197 2977 1347 3062 ἀνθρώποις
1371 2981 1546 3056 ἐπινενόηται

244 3101 312 3178 πρός
342 3099 494 3180 ἐπικουρίαν
523 3106 576 3161 τῶν
609 3097 805 3186 ἐντχλοόντων,
835 3108 950 3183 πρᾶγμα
976 3108 1052 3164 τοῦτο
1079 3101 1223 3174 λυσιτελὲς
1248 3102 1296 3162 καί
1327 3103 1438 3182 πολλὴν
1466 3103 1545 3182 ὠφέ-

245 3223 325 3282 λειαν
356 3221 483 3298 ἐμποιοῦν
509 3227 565 3295 τοῖς
594 3223 656 3306 περὶ
677 3229 760 3285 ταῦτα
784 3223 991 3286 ἐσπουδακόσιν·
1024 3225 1091 3286 ἀλλ’
1105 3223 1177 3286 οθπω
1199 3227 1288 3286 πάντα
1309 3228 1393 3285 ταῦτα
1414 3229 1545 3284 τοσοῦτσν

212 3411 214 3416 .
246 3345 392 3424 ἐπωφελεῖ,
423 3346 485 3405 ὅσον
515 3345 594 3426 ίεριῦν
624 3345 706 3407 οἴκων
733 3343 875 3422 οἰκοδομαί
901 3345 949 3407 καὶ
974 3347 1114 3426 προσόδων
1140 3347 1261 3428 χορηγία
1289 3348 1357 3427 πρός
1386 3349 1465 3407 τοῦτο
1493 3347 1545 3421 τὴν

248 3468 379 3543 διαμονὴν
411 3467 497 3528 αὐτῶν
528 3469 704 3540 διασώζουσαι.
740 3469 773 3528 τὰ
800 3469 850 3545 μὲν
876 3469 930 3550 γὰρ
957 3465 1009 3529 κάν
1036 3491 1095 3529 τινα
1121 3471 1295 3550 παρέχωνται
1316 3469 1365 3544 τὴν
1393 3469 1546 3548 ὠφέλειαν,
1618 3539 1619 3564 γ

246 3589 323 3650 ἀλλὰ
345 3587 406 3670 περὶ
428 3591 458 3649 τό
481 3596 570 3670 σῶμα,
593 3589 640 3650 καὶ
662 3592 744 3666 μόνον
767 3591 858 3652 τοῦτου
880 3593 899 3670 ἡ
922 3591 1062 3670 θεραπεία,
1090 3591 1108 3664 ἡ
1132 3589 1164 3650 δέ
1186 3611 1220 3670 γε
1242 3597 1296 3650 τῶν
1318 3589 1398 3670 ίεριῦν
1415 3590 1546 3662 σύστασις
1618 3657 1619 3688 γ

245 3711 292 3772 καὶ
319 3711 480 3791 ἀμφοτέροις
502 3712 550 3788 τἠν
574 3711 727 3793 ἐπικουρίαι
752 3713 873 3792 ἐπάγει·“
895 3711 984 3790 ψυχὰς
1007 3712 1061 3793 γὰρ
1085 3711 1178 3772 οἰκειοῖ
1200 3709 1238 3791 τῷ
1268 3710 1323 3790 θεῷ
1347 3709 1392 3770 διὰ
1413 3709 1547 3790 πράξεώς

245 3855 276 3893 τε
306 3832 353 3894 καὶ
382 3832 506 3914 θεωρίας,
537 3828 575 3894 ὧν
606 3835 723 3915 ἑκάτερα
753 3833 791 3912 τῷ
822 3835 934 3914 μονήρει
962 3833 1012 3913 βίῳ
1039 3833 1176 3894 κάλλιστα
1206 3833 1397 3912 κατορθοῦνται
1429 3833 1463 3892 ἐκ
1492 3839 1547 3907 τῆς
1618 3873 1619 3878 1

245 3963 379 4032 κοσμικῆς
404 3963 457 4016 τῶν
486 3949 632 4037 ἀνθρώπων
660 3955 872 4036 ἀναχωρήσεως,
901 3953 949 4015 καὶ
975 3955 1008 4015 τὰ
1034 3959 1080 4016 τοῦ
1106 3951 1233 4032 σώματος
1261 3957 1328 4015 πάνυ
1352 3955 1381 4014 ἐν
1404 3955 1547 4037 ἀσφαλείᾳ

245 4083 329 4156 τηρεῖ.
374 4077 422 4152 τὴν
451 4078 505 4158 γὰρ
536 4078 663 4153 βιωτικὴν
694 4077 839 4156 ἀποφυγὼν
871 4077 1081 4157 αῦτοτρικυμίαν,
1112 4077 1159 4137 καὶ
1188 4082 1221 4159 τῇ
1245 4081 1315 4158 μονῇ
1345 4078 1546 4158 προσδραμών,

245 4199 299 4276 ἤδη
326 4199 458 4282 γαληνιφῖ,
491 4199 522 4260 ἐκ
543 4205 680 4279 χειμῶνος
707 4203 754 4260 τοῦ
781 4199 840 4280 βίου
861 4196 900 4279 τῷ
923 4201 1035 4279 μονήρει
1058 4198 1108 4279 βίῳ
1131 4199 1376 4279 καθορμιζέμενος·
1407 4202 1465 4272 τοῖς
1488 4201 1548 4281 γὰρ
1618 4181 1619 4242 Ῠ

244 4323 312 4403 πρδς
340 4326 423 4382 ταῦτα
454 4321 569 4397 σπουδὴν
598 4323 768 4396 ποιουμένοις
802 4321 968 4400 συναίρεσθαι
998 4319 1044 4380 καὶ
1073 4321 1138 4396 ἡμῖν
1168 4325 1221 4380 τῶν
1249 4319 1406 4400 ἀναγκαίων
1430 4323 1464 4380 ἐν
1489 4321 1548 4398 εἴη.

246 4444 396 4525 συναίρεται
427 4443 450 4503 δ’
464 4441 502 4516 εἰς
529 4447 606 4525 τοῦτο
629 4445 659 4503 οῦ
681 4444 763 4519 μόνον
786 4443 800 4501 ό
823 4444 952 4514 κοινωνός
973 4449 1154 4524 πρωτουργῶν
1177 4449 1209 4526 τῇ
1232 4443 1353 4525 χορηγίᾳ
1375 4447 1428 4502 τῶν
1451 4443 1549 4524 οἰναγ-
1618 4525 1619 4528 ¹

245 4565 341 4648 καίων,
379 4566 457 4627 ἀλλὰ
493 4564 540 4625 καί
573 4571 626 4637 πᾶς
658 4585 698 4636 τις
733 4565 832 4645 ἄλλος,
870 4565 900 4636 ἐς
934 4567 966 4622 ἐν
1000 4565 1100 4646 δυνηθῇ
1132 4585 1157 4624 τι
1188 4565 1447 4646 πραγματεῦσαοθαι
1483 4569 1550 4636 ταῖς
1618 4547 1619 4622 ί

247 4693 350 4776 μοναῖς.
381 4691 396 4748 δ
420 4688 450 4758 δέ
473 4689 525 4779 πρό
547 4693 600 4753 τῶν
624 4686 721 4750 ἄλλων
745 4689 776 4748 ἂν
799 4685 852 4766 εἴη,
884 4685 911 4746 εί
929 4707 969 4758 τις
991 4685 1025 4746 τὰ
1045 4689 1179 4768 προσόντα
1201 4688 1309 4759 ταύταις
1331 4688 1466 4764 κειμήλια
1491 4687 1549 4747 ἐπ-
