3222 5284
230 640 458 720 ἀριστερσκροίτις,
488 641 590 718 ἔχουσα
612 642 736 722 γυρόθεν,
767 638 861 712 καθὼς
882 641 900 714 ἡ
926 639 1061 720 ἐπιγραφὴ
1084 643 1191 721 γροίρει,
1215 641 1260 699 τόν
1283 641 1348 699 ναόν
1371 645 1419 714 της
1440 639 1511 716 ἀπερ-

229 761 311 840 αγίας
334 760 480 822 Θεοτόκσυ.
528 763 608 842 ἑτέρα
631 759 713 822 εἰκὼν
736 761 840 842 ἀργυρά
862 759 1007 841 διοίχρυσος
1031 761 1290 840 όἈρχιστροίτη-γος
1315 761 1399 838 ...1)
1421 759 1512 840 ἀργυρό

230 883 375 963 διάχρυσσς
399 885 500 962 ἔχουσα
522 882 616 944 εἰκόνα
637 883 737 958 λαιμία
762 881 807 960 ιη’.
844 884 925 964 ἑτέρα
948 881 1027 943 εἰκῶν
1050 883 1203 962 ῦλογραρίσι
1225 885 1242 958 ἡ
1266 883 1334 960 ἀγία
1352 881 1512 962 Αίκατερίνα,

229 1005 300 1080 μετὰ
321 1004 481 1086 περιρερίων
505 1005 628 1085 ἀργυρῶν
652 1005 804 1086 δαχρῦοων,
836 1006 937 1083 ἔχουσα
961 1001 1053 1064 είκόνα
1076 1004 1176 1080 λαιμίσι
1198 1001 1241 1083 ς’,
1272 1002 1319 1063 καὶ
1342 1001 1460 1063 στασίδια
1479 1002 1511 1075 β’.

229 1129 309 1206 ἑτέρα
332 1126 413 1187 εἰκὼν
430 1126 582 1206 ῦλσγραρία
598 1129 613 1185 ό
628 1126 716 1202 τίμιος
734 1127 903 1206 Πρόδρομος,
919 1128 937 1200 ἡ
955 1126 1139 1204 Προσκῦνησις
1156 1127 1219 1185 σ’ίνευ
1233 1124 1403 1205 περιφερίων.
1434 1125 1514 1202 ίτὲραι

229 1247 334 1319 εἰκόνες
361 1248 522 1328 ῦλογραρίαι
549 1247 638 1322 ήδέαι.
684 1249 714 1308 τό
741 1249 864 1322 τέμπλον
892 1248 957 1325 ἔχον
979 1245 1026 1306 καὶ
1050 1249 1114 1307 αῦτό
1142 1248 1225 1322 μέσον
1247 1247 1296 1321 τὴν
1319 1239 1514 1331 Δὲίοποινανίί)

228 1368 342 1429 καὶτοῦ
371 1369 459 1444 τιμίου
481 1368 528 1429 καὶ
556 1370 633 1446 ἁγίου
658 1369 818 1450 Προδρόμσυ
839 1369 889 1442 τὴν
912 1368 1048 1447 διήγησιν.
1095 1367 1176 1449 ἑτέρα
1204 1366 1286 1427 εἰκὼν
1316 1367 1473 1446 ὑλογραφία,
1501 1366 1515 1423 6

229 1492 307 1569 ἅγιος
323 1490 529 1566 Παντελεήμων
553 1491 623 1566 μετὰ
644 1491 804 1570 περιρερίων
828 1491 951 1571 ἀργυρῶν
975 1490 1128 1570 διαχρύσων
1151 1487 1198 1548 καὶ
1221 1487 1320 1548 ῦελίων
1342 1487 1395 1549 κε’.
1426 1489 1516 1565 ἔχοντα

228 1613 261 1673 τό
283 1616 423 1694 περιφέρια
446 1615 558 1695 γυρόῦεν
581 1611 690 1684 εἰκόνας
714 1611 763 1687 ις’.
804 1613 837 1672 ἐκ
858 1617 1042 1693 προσαγωγῆς
1064 1616 1110 1671 τσῦ
1132 1606 1306 1690 πραιπσσίτου
1330 1607 1455 1669 ’ίωσίννσυ
1475 1607 1515 1667 καί

227 1740 418 1816 γραμματικοῦ
440 1741 487 1796 τοῦ
508 1739 649 1816 κτήτορος,
672 1735 826 1813 γενομένης
848 1734 919 1793 κατά
941 1735 990 1808 τὴν
1014 1734 1103 1814 ἀρχὴν
1127 1738 1173 1793 τοῦ
1196 1733 1346 1813 όκτωβρίου
1369 1734 1455 1808 μηνός
1475 1735 1517 1804 τῆς

227 1855 255 1917 κ’
279 1855 453 1935 ἰνδικτιῶνσς,
476 1857 550 1932 ἤτοι·
580 1855 660 1917 εἰκὼν
684 1856 788 1936 ἀργυρᾶ
811 1855 958 1936 διοίχρυσος
980 1856 994 1912 ό
1018 1856 1095 1932 ἅγιος
1119 1853 1278 1933 Θεόδωρος·
1303 1855 1385 1933 ἑτέρα
1407 1851 1484 1912 εἰκῶν
1504 1851 1517 1908 ό

228 1979 306 2055 ἅγιος
329 1978 460 2054 Ἰωάννης
482 1980 496 2038 6
520 1978 691 2058 Πρόδρομσς,
723 1972 850 2061 σαροότ[η
874 1971 955 2061 μετὰ]
964 1973 988 2058 ³)
1017 1973 1177 2056 περιρερίων
1209 1975 1333 2054 ἀργυρῶν
1361 1974 1517 2054 διαχρύσων.

228 2101 309 2180 ἑτέρα
332 2098 412 2161 εἰκῶν
436 2103 560 2180 σαροῦτη,
585 2101 600 2158 6
624 2101 702 2176 ἅγιος
717 2099 858 2170 Νικόλαος
879 2097 926 2157 καὶ
950 2099 1016 2172 αὐτὴ
1040 2097 1110 2172 μετὰ
1131 2094 1291 2176 περιρερίων
1315 2095 1439 2182 ἀργυρῶν
1461 2094 1517 2153 δια·
1588 2129 1589 2182 γ

226 2223 347 2302 χρῦοων·
372 2222 523 2302 ἀμφότεραι
546 2220 648 2302 μικραί.

228 325 294 390 324

230 518 313 598 Θεοῦ,
342 517 388 578 καί
414 519 463 593 τὴν
491 517 613 595 ἑτοίμην.
661 519 741 600 ἑτέρα
769 517 850 578 εἰκῶν
878 517 983 598 ἀργυρά
1005 515 1151 599 διόγρυσσς
1172 519 1190 593 ἡ
1213 519 1367 598 ῦπέραγνσς
1390 515 1512 589 Θεοτόκος

1588 2219 1589 2286 ί

634 2411 669 2484 β’.
693 2405 753 2470 Διόι
774 2417 836 2470 τῶν
858 2408 959 2490 ἱερῶν
982 2415 1116 2470 σκευῶν.

331 2585 542 2666 Δισκσπστήρισν
565 2585 697 2666 ἀργυροῦν
720 2585 863 2664 διάχρυσον
887 2584 958 2660 μετὰ
978 2589 1025 2645 τοῦ
1047 2581 1215 2664 ἀοτερίσκου,
1239 2582 1357 2658 λοιβίδας
1373 2579 1419 2642 καὶ
1434 2579 1517 2657 ίῦμοῦ,

229 2707 342 2786 ἔχοντος
371 2713 418 2768 τοῦ
446 2707 497 2784 μὲν
529 2708 620 2768 δίσκου
644 2705 673 2766 ἑν
695 2706 734 2785 τῷ
764 2706 855 2785 χείλει
885 2706 962 2782 βαμβ
1067 2704 1114 2766 καί
1137 2706 1165 2766 ἐν
1188 2703 1226 2784 τῷ
1257 2705 1371 2780 πυθμένι
1401 2703 1518 2782 σταυρόν,

227 2827 275 2888 καὶ
298 2827 449 2908 γράμματα
478 2827 522 2890 διὰ
548 2829 651 2888 κύκλου
674 2830 826 2908 γροίροντα·
854 2827 956 2907 Κῦριε
980 2828 1095 2902 βοήθει
1120 2825 1277 2903 Ῥωμανῷ
1300 2825 1450 2904 μοναχῷ·
1477 2829 1520 2884 τοῦ

228 2951 258 3010 δὲ
289 2951 416 3031 ποτηρίου
447 2951 575 3032 σταυροὺς
603 2951 746 3029 τέσσαρας,
777 2948 823 3008 καί
848 2947 887 3020 είς
908 2950 957 3023 τὴν
986 2949 1104 3009 πόδωσιν
1135 2950 1287 3028 γράμματα
1316 2949 1454 3026 γράφοντα
1475 2943 1519 3005 καί

227 3071 295 3130 αῦτά
318 3071 419 3146 δμοίως
442 3075 488 3132 τοῦ
512 3072 616 3132 δίσκου·
642 3072 670 3130 ἐν
694 3071 724 3131 δὲ
747 3073 803 3142 τοῖς
817 3070 954 3148 χείλεσιν·
976 3067 1070 3130 πίεπε
1090 3065 1125 3141 ἐξ
1141 3071 1239 3129 αὺτοῦ
1253 3071 1389 3138 πάντες·
1413 3066 1521 3127 ἱστῶντα
1588 3057 1589 3148 ί

177 3207 183 3222 ·
227 3193 366 3274 ἀμφότερα
388 3194 483 3274 λίτρας
505 3196 648 3274 τέσσαρας,
672 3191 785 3271 σῦγκίας
808 3192 883 3252 ἑπτά.
921 3191 1141 3270 κυθροκανδῆλαι
1165 3187 1279 3270 ἀργυραὶ
1303 3188 1445 3270 διάχρυσοι
1467 3187 1519 3266 δῦο,

228 3317 298 3391 μετὰ
320 3322 373 3376 τῶν
400 3316 607 3397 κρεμασταρίων
631 3316 727 3394 αὑτῶν,
760 3315 862 3375 ίστῶσα
884 3315 901 3388 ἡ
925 3313 976 3388 μὲν
1000 3312 1049 3388 μία
1072 3313 1167 3392 λίτρας
1191 3310 1249 3389 δύο,
1280 3313 1298 3388 ἡ
1322 3309 1352 3370 δὲ
1375 3309 1456 3390 ἑτέρα
1477 3305 1519 3368 καὶ
1588 3329 1589 3362 ι

228 3437 293 3511 αῦτὴ
317 3432 412 3518 λίτρας
437 3437 483 3496 δῦσ
505 3437 579 3516 παρὰ
603 3432 714 3514 σὺγκίαν
738 3437 811 3510 μίαν.
843 3434 1039 3521 κεφαλοκιόνια
1060 3440 1114 3494 τῶν
1138 3433 1223 3513 ἁγίων
1239 3435 1325 3513 θυρῶν
1343 3427 1447 3512 ἀργυρᾶ
1462 3432 1519 3492 διά·
1588 3419 1589 3454 ³

226 3580 323 3638 χρυσα,
354 3561 384 3618 τό
415 3560 466 3633 μὲν
496 3560 525 3617 ἓν
550 3559 615 3636 ἔχον
645 3558 690 3616 τόν
714 3557 839 3639 Χριστόν,
869 3557 899 3616 τό
930 3556 961 3616 δὲ
993 3559 1085 3634 ἕτερον
1115 3556 1163 3630 τὴν
1194 3553 1344 3635 ὑπεραγίαν
1375 3553 1518 3630 Θεστόκον,
1588 3595 1589 3598 ι

227 3679 341 3738 ίστῶντα
363 3680 458 3760 λίτραν
478 3679 552 3754 μίαν.
582 3678 693 3758 κατζίσρ
713 3679 844 3758 ἀργυροῦν
860 3678 1030 3759 ἀχρῦσωτον·
1054 3676 1277 3757 δκαβαλλόρισς
1293 3675 1373 3736 ίστῶν
1389 3672 1518 3753 καμπρίσν
1588 3713 1589 3768 γ

228 3801 360 3882 ἀργυροῦν
393 3799 537 3879 διάχρυσον
567 3800 695 3880 περοικόν
726 3799 796 3874 μετὰ
826 3799 993 3879 ἐγκαῦσεως,
1024 3797 1102 3858 ἱστῶν
1126 3849 1133 3863 .
1153 3843 1181 3858 ..
1208 3797 1240 3858 ἐκ
1269 3804 1454 3877 προσαγωγῆς
1479 3799 1519 3854 τοῦ

229 3921 403 3996 δηλωθέντσς
423 3921 552 3980 Ἰωσίννου
573 3921 760 4001 πραιποσίτσυ·
785 3919 863 3996 ίθμδς
885 3921 1001 4000 ἀργυρδς
1023 3921 1108 3992 λιτός.

683 4125 718 4208 γ’.
743 4127 803 4188 Διὰ
825 4134 887 4188 τῶν
911 4129 1062 4204 βιβλίων.

331 4287 501 4366 Εῦαγγόλιον
525 4288 686 4365 μονόκαιρσν
701 4288 731 4346 τό
746 4287 821 4364 ῦρος,
846 4284 874 4344 αἱ
892 4285 1037 4367 ἐπιγραφαὶ
1052 4289 1138 4345 πᾶσαι
1152 4282 1199 4344 καὶ
1213 4283 1248 4343 τὰ
1262 4285 1402 4364 κεφάλαια
1417 4301 1512 4364 χρυσσ-

226 4401 404 4492 γραρί[αι]ί),
430 4407 495 4484 ἔχον
519 4407 646 4486 σταυροὺς
670 4405 706 4486 β’,
729 4409 873 4484 γαμμσίτια
894 4405 930 4486 δ’,
953 4406 1118 4484 ἀμυγδάλας
1133 4405 1171 4484 η’,
1195 4405 1376 4481 νσμβοθήκας
1392 4402 1428 4484 ζ’,
1451 4423 1515 4481 καρ-
1588 4423 1589 4512 γ

333 4669 351 4734 ¹)
365 4668 448 4719 Deest
460 4667 504 4718 hic
516 4671 543 4718 in
557 4667 613 4718 cod.
627 4667 732 4718 folium.
805 4667 826 4732 ²)
839 4665 931 4734 Suppl.
946 4667 971 4717 S.
1045 4667 1065 4730 ³)
1076 4665 1169 4733 Suppl.
1183 4663 1209 4715 S.
1282 4665 1305 4730 ί)
1318 4664 1411 4732 Suppl.
1422 4664 1447 4715 S.
1588 4743 1589 4790 γ
