3246 5288
80 552 286 627 ἐντελλόμεθα
319 553 372 634 γάρ
403 553 475 634 αύτῷ
505 558 581 615 τοῦτο
611 557 698 614 ποιεῖν
730 554 761 627 ἐξ
792 555 903 634 ἀγάπης
931 553 978 614 καί
1006 555 1090 614 πόθου
1121 536 1175 614 τῶν
1205 553 1393 632 ψυχοβλαβῶν

84 674 237 756 ἀειρομένων
261 675 313 735 ἀπδ
336 681 389 736 τῶν
412 676 492 736 θείων
514 681 625 756 γραηῶν
647 675 834 755 διαλέγεσθαι.

196 795 251 857 κθ’.
281 797 419 877 Προσηκει
446 800 587 878 τοιγαροῦν
613 796 660 858 καί
689 798 926 878 ἐπιστημονάρχην
956 801 1093 878 προσεῖναι
1118 802 1152 879 τῇ
1184 801 1255 879 μονῇ
1284 798 1393 858 ἐπισυν-

86 923 196 998 άγοντα
209 919 273 991 τούς
289 916 425 998 ἀδελρούς
442 919 471 979 ἐν
486 922 545 992 ταῖς
560 925 613 978 τῶν
629 919 800 998 ψαλμῳδιῶν
818 918 857 991 εἰς
873 921 918 980 τον
934 923 999 980 ναοῦ
1015 917 1204 979 εἰσελεύσεσιν.
1238 916 1393 999 ἀρξαμένου
1410 999 1414 1008 ¹

86 1040 146 1116 ἤδη
170 1045 217 1102 τοῦ
233 1041 428 1117 κανδηλάπτου
443 1041 549 1121 κρούειν
564 1039 614 1112 τάς
637 1041 740 1122 βαρέας
764 1041 910 1113 διαναστάς
934 1039 1115 1101 ἀπελεύσεται
1129 1041 1197 1121 προς
1219 1042 1268 1117 τὴν
1283 1042 1393 1102 κέλλαν

87 1166 138 1222 τοῦ
165 1164 374 1242 καθηγουμένου
400 1160 447 1221 καὶ
472 1163 532 1232 ένδς
560 1163 674 1222 ἑκάστου
695 1167 749 1222 τῶν
773 1163 901 1242 ἀδελφῶν
922 1161 970 1222 καί
994 1161 1181 1238 ἐπιβοώμενος
1203 1165 1392 1244 γεγωνότερον

90 1285 135 1343 τύ·
161 1284 346 1365 ,,εύλύγ·ησον,
369 1285 487 1365 πάτερίί,
512 1281 640 1364 διεγείρει
660 1286 764 1356 πάντας
786 1285 853 1363 πρὶς
875 1285 924 1360 τὴν
940 1290 989 1359 τῆς
1012 1289 1205 1361 μεσσνυκτινῆς
1228 1283 1392 1356 ἀκολουθίας

93 1406 277 1486 ἐκπλήρωσιν.
323 1411 370 1467 τοῦ
399 1405 430 1466 δὲ
461 1406 557 1487 ύρθρου
587 1405 769 1484 ψαλλομένου
797 1404 848 1485 δίς,
879 1409 925 1465 τοῦ
953 1412 1018 1466 ναοῦ
1048 1393 1221 1478 ἐξελεύσεται
1250 1405 1320 1481 μετὰ
1346 1407 1391 1465 τδν

93 1524 258 1605 ἑξάψαλμον
284 1525 332 1586 καί
353 1528 402 1602 τἠν
427 1531 507 1604 ἐκτην
534 1523 607 1608 ᾠδὴν
634 1526 681 1587 καί
707 1526 866 1607 παραβαλεῖ
887 1532 936 1603 τῆς
958 1526 1084 1598 κελλίοις
1106 1531 1159 1586 τῶν
1183 1526 1322 1606 ἀδελφῶν,
1344 1525 1392 1586 καὶ

91 1649 135 1722 οῦς
154 1651 186 1707 ἀν
203 1649 310 1731 εὑρήσει
328 1649 361 1709 ἐκ
383 1649 516 1732 ῥᾳθυμίας
537 1649 612 1736 ἴσως
626 1651 810 1721 ύπνώττοντας
825 1651 843 1724 ῆ
861 1649 893 1708 ἐκ
915 1655 965 1724 τῆς
988 1649 1179 1726 ἐπιγινομένης
1201 1648 1391 1729 ταλαιπωρίας

89 1776 143 1828 τῶν
168 1770 323 1849 διακονιῶν,
355 1771 507 1850 ἀρυπνώσει
528 1769 575 1830 καὶ
596 1771 665 1851 πρδς
686 1771 732 1830 τὀν
754 1771 827 1829 θεῖον
850 1767 953 1841 εἰσάξει
976 1771 1048 1828 ναόν.
1094 1773 1171 1830 τοῦτο
1195 1767 1226 1828 δέ
1249 1765 1322 1841 ἀπαξ
1345 1767 1392 1827 καὶ

89 1887 144 1977 [ἐν]
157 1889 178 1974 ¹)
203 1897 236 1972 τῇ
260 1891 321 1976 θείᾳ
335 1891 444 1952 τελέσει
468 1891 646 1975 μυσταγωγίᾳ
661 1889 708 1951 καί
725 1893 753 1951 ἐν
769 1890 841 1970 αύτῷ
856 1887 895 1970 τῷ
911 1890 1042 1971 ἐσπερινῷ
1058 1888 1105 1950 καί
1127 1893 1184 1964 τοῖς
1207 1890 1390 1971 ἀποδείπνοις,

89 2013 170 2074 ἀλλά
196 2013 249 2072 κάν
276 2011 314 2094 τῷ
343 2013 473 2094 ἀριστερῷ
502 2013 579 2092 χορῷ
606 2015 687 2086 αύτδς
714 2012 816 2093 ύηειλει
846 2015 954 2073 τάσσειν
985 2013 1046 2085 τούς
1076 2013 1234 2088 μέλλοντας
1268 2011 1391 2094 ἐνάρξεις

88 2139 177 2196 ποιεῖν
208 2136 279 2196 κατὰ
308 2140 397 2194 πᾶσαν
428 2133 542 2208 αύναξιν.
590 2135 745 2214 ἐπιτηρήσει
776 2135 807 2194 δὲ
838 2136 999 2215 συχνύτερον
1029 2131 1075 2194 καὶ
1104 2134 1166 2204 τοῦς
1197 2133 1333 2213 ἀδελφούς
1362 2135 1391 2193 ἐν

87 2260 164 2341 πάσῃ
192 2260 261 2340 ώρηι,
290 2255 313 2316 εἰ
342 2257 464 2337 δυνατόν,
491 2256 537 2317 καί
566 2254 725 2336 ἀνευλόγως
752 2257 817 2329 ἴσως
841 2259 1062 2336 συγκαθημένους
1085 2261 1103 2330 ἢ
1126 2256 1349 2337 ἀργολογοῦντας
1372 2261 1390 2332 ἠ

89 2381 243 2460 ἀργοῦντας
264 2377 308 2455 ἥθ’
323 2383 414 2460 ἐτερέν
429 2401 454 2440 τι
469 2384 611 2452 ποιοῦντας
634 2375 757 2460 ἀπρεπὲς
779 2378 825 2439 καὶ
842 2379 982 2460 ἀνόνητον,
1005 2379 1163 2457 ἀδελφικῶς
1183 2376 1230 2438 καὶ
1251 2378 1279 2437 ἐν
1296 2379 1391 2460 ἀγάπη

90 2503 252 2580 παραινέσει
283 2501 330 2560 καὶ
358 2500 541 2580 διορθώσεται,
571 2501 658 2560 πείσει
685 2522 715 2560 τε
743 2502 772 2560 ἐν
799 2503 858 2572 ταῖς
886 2499 972 2560 αύτῶν
1000 2499 1110 2559 εἰσιέναι
1137 2501 1257 2572 κέλλαις
1283 2499 1329 2559 καὶ
1357 2521 1391 2582 τη

91 2625 161 2704 εύχῇ
183 2625 365 2702 προσανέχειν
387 2621 434 2681 καὶ
456 2620 495 2700 τῷ
519 2621 671 2703 ἐργοχείρῳ
695 2620 783 2702 ἀπρίξ.
827 2621 873 2682 καί
896 2627 980 2681 ταῦτα
1003 2622 1053 2697 μέν
1077 2621 1118 2701 ἐρ’
1132 2621 1191 2702 ὅλῳ
1214 2619 1390 2702 διαπράξεται

89 2741 128 2818 τῷ
152 2743 275 2823 ἐνιαυτῷ.
312 2745 342 2803 ἐν
365 2743 396 2802 δὲ
418 2747 478 2816 ταῖς
500 2743 571 2802 κατά
592 2745 640 2818 τὴν
665 2744 744 2823 άγίαν
767 2743 815 2802 καί
837 2745 966 2822 μεγάλην
991 2745 1210 2824 τεσσαρακοστὴν
1233 2747 1392 2821 γινομέναις

90 2867 275 2944 ἀναγνώσεσιν
304 2867 332 2924 ἐν
359 2864 397 2944 τῷ
426 2865 512 2944 ύρθρῳ
540 2863 585 2924 καί
613 2868 672 2937 ταῖς
699 2868 783 2944 ώραις
810 2871 859 2940 τῆς
882 2863 985 2936 οἰκείας
1009 2865 1091 2946 ἐδρας
1114 2867 1292 2940 ἀνιστάμενος
1315 2870 1388 2946 τρεῖς

89 2991 176 3046 ποιεῖν
200 2987 304 3066 δρείλει
326 2987 501 3065 γονυκλισίας
522 2991 568 3046 τού
592 2985 669 3064 άγίου
692 2986 816 3061 βήματος
840 2987 992 3065 ἔμπροσθεν
1016 2987 1149 3066 ἀσκεπής,
1180 2986 1338 3066 διέρχεσθαί
1360 3009 1391 3047 τε

90 3111 152 3168 καθ’
166 3112 215 3168 ἕνα
231 3108 293 3181 τούς
317 3108 462 3188 ἀδελρούς,
485 3106 532 3168 καί
554 3109 584 3166 ὃν
600 3111 632 3167 ἀν
657 3108 761 3188 ἐρεύροι
783 3109 864 3185 τυχὸν
887 3108 1056 3167 ύπνώττοντα
1078 3105 1180 3183 καὶμὴ
1203 3113 1391 3188 γρηγορούντα

89 3234 156 3312 πρδς
179 3233 227 3306 τὴν
250 3237 300 3305 τῆς
327 3230 509 3307 ἀναγνώσεως
537 3229 674 3310 ἀκρόασιν,
706 3227 868 3309 ἀρυπνίζειν,
899 3228 1053 3288 ἀναπείθειν
1081 3249 1110 3288 τε
1132 3229 1178 3288 τδν
1206 3228 1389 3290 διυττνισθέντα

89 3355 245 3414 ἀνίστασθαι
268 3351 314 3412 καί
337 3355 423 3412 ποιεῖν
448 3352 476 3410 ἐν
498 3351 537 3429 τῷ
560 3352 636 3429 μέσῳ
659 3355 705 3410 τοῦ
727 3350 800 3410 θείου
826 3355 891 3410 ναοῦ
919 3350 1065 3426 μετανοίας
1086 3354 1159 3430 τρεῖς
1182 3349 1228 3410 καὶ
1252 3323 1308 3424 τοῖς
1332 3351 1390 3412 δυοί

87 3478 183 3556 χοροῖς
213 3475 266 3533 ἀνά
293 3473 357 3549 μίαν
384 3471 431 3532 καί
458 3473 527 3532 ούτω
555 3473 722 3532 καθεσθέντα
749 3473 895 3552 προσέχειν
922 3479 955 3554 τῇ
984 3473 1135 3552 ἀναγνώσει
1164 3474 1387 3553 ἐπιμελέστερον.

194 3593 232 3656 λ’.
257 3593 363 3668 Γυναιξὶ
391 3595 423 3654 δέ
451 3596 552 3670 ἄβατος
580 3595 665 3662 ἐσταιΙ
681 3597 849 3653 παντάπασιν
872 3596 889 3668 ἡ
917 3595 987 3670 μονὴ
1014 3593 1062 3654 καὶ
1088 3595 1152 3654 οῦδὲ
1181 3599 1389 3676 προσκυνήσεως

88 3723 169 3800 χάριν
187 3717 321 3792 εἰσιτητέα
344 3717 419 3788 ύλως
442 3719 535 3788 αύταῖς
558 3714 597 3788 εἰς
618 3721 664 3776 τὀν
688 3713 774 3775 αἰῶνα
790 3716 842 3775 Ιτὀν
866 3716 981 3776 ἅπαντα.
1014 3716 1082 3776 ἀλλ’
1097 3717 1160 3776 ούδὲ
1182 3721 1267 3798 κρέας
1289 3720 1388 3794 ταύτης

89 3842 165 3913 ἐντος
196 3840 367 3921 βρωθήσεται
397 3841 522 3916 πώποτε,
554 3839 622 3899 ἀλλ’
638 3838 701 3898 οῦδὲ
729 3837 832 3910 παῖδας
861 3838 974 3911 λα’ίκοίις
1005 3836 1045 3912 εἰς
1076 3841 1192 3916 μάθησιν
1223 3846 1277 3900 τῶν
1296 3841 1387 3920 ,ἱερῶν

88 3964 261 4043 γραμμάτων
288 3956 354 4045 [χρὴ
382 3954 522 4044 δέχεσθαι]
530 3959 565 4040 ἰ),
594 3959 673 4019 ἀλλά
699 3957 802 4030 πάντας
829 3963 982 4041 γενειάτας,
1010 3961 1060 4038 ἣύ)
1082 3959 1129 4020 καὶ
1152 3963 1214 4034 τούς
1235 3962 1282 4021 τον
1305 3960 1387 4023 ούλον

87 4085 152 4156 ἴσως
176 4083 357 4154 ἐπανθοῦντας
383 4083 568 4157 κεκτημένους
590 4084 649 4154 ταῖς
674 4085 808 4160 παρειαῖς.
854 4082 916 4154 τούς
940 4082 971 4141 δὲ
994 4081 1109 4157 μονάσαι
1132 4083 1265 4156 θέλοντας
1287 4084 1387 4156 παῖδας

88 4207 133 4266 διά
154 4205 186 4264 τθ
208 4211 257 4280 τῆς
281 4203 431 4280 ἐκκλησίας
457 4201 626 4277 καταλαβεῖν
653 4205 702 4278 τἠν
725 4201 889 4264 ἀκολουθίαν
914 4203 1088 4282 δεχέσθωσαν
1111 4201 1149 4288 [οἱ
1170 4200 1299 4288 πατέρες]
1308 4203 1332 4287 ⁴)
1358 4205 1386 4263 ἐν

88 4326 214 4398 ἰδιάζοντι
236 4325 344 4404 κελλίῳ
366 4331 416 4400 τῆς
440 4329 526 4400 μονῆς
547 4324 593 4383 καί
616 4325 646 4383 τ“ο
669 4325 741 4406 ῖερδν
764 4326 916 4406 ψαλτήριον
945 4323 1146 4386 διδασκέτωσαν
1162 4324 1209 4386 καί
1223 4327 1273 4403 τὴν
1294 4326 1386 4401 ἀλλην

88 4502 294 4510 —-—-.—-

192 4613 211 4677 ¹)
226 4610 423 4676 Supplevimus.
496 4609 726 4675 ²)Supplevimus.
797 4612 819 4676 ³)
834 4607 853 4660 εἰ
866 4611 898 4663 Ε.
970 4611 990 4677 ⁴)
1011 4608 1067 4670 τούς
1080 4607 1106 4660 δέ
1125 4628 1151 4680 μ.
1164 4609 1278 4670 θέλοντας
1297 4609 1385 4669 παῖδας

88 4707 229 4772 δοθήτωσιιν
247 4707 280 4757 E.
299 4703 323 4754 οί
341 4705 440 4774 πατέρες
459 4705 611 4756 addendum
630 4706 737 4758 videtur
755 4709 783 4758 iu
802 4707 862 4759 loeo
880 4715 1012 4774 suspecto.
