3194 5298
248 349 308 416 118

243 552 294 623 τῆς
314 545 438 619 τοιαίτης
458 545 563 624 χώρας,
586 546 624 616 ὡς
647 547 679 604 ἀν
700 542 881 625 παραδώσωσι
902 544 970 620 πρός
992 543 1071 602 οίιτίιν
1092 544 1142 618 τὴν
1163 543 1309 618 ποσότητα.
1338 541 1380 601 διο
1402 541 1433 601 δὲ
1456 542 1530 602 οἰιθέν

245 667 343 746 ἔφθασε
365 665 491 742 γενέσθαι
514 669 590 726 τοῦτο
612 665 676 746 παρ’
690 667 786 746 αίιτῶν,
809 664 906 740 συνέβη
931 663 962 724 δέ
983 663 1030 724 καί
1053 662 1092 737 εἰς
1113 663 1148 724 τά
1161 667 1310 746 πράγματα
1324 665 1460 742 σύγχυσις,
1483 663 1531 721 άν-

247 787 348 868 ἐδραμε
370 787 453 847 πάλιν
476 787 491 844 ό
514 789 593 860 αἰιτός
608 787 746 867 Μαρτίνος
768 782 847 872 [πρός
868 787 917 862 τἠν
941 785 1081 860 βασιλείαν
1098 782 1160 872 μου]
1183 784 1230 846 καί
1252 787 1366 863 ἐζήτησε
1386 784 1433 845 καί
1447 805 1532 864 παρε-

244 909 348 970 κάλεσε
375 906 421 968 καί
451 908 532 984 ἐδόθη
561 911 628 989 πρός
658 910 736 969 οἰστόν
765 909 796 968 τό
825 911 942 970 τοιοῦτον
972 907 1102 988 ἀγριθιον,
1133 908 1231 989 ἀρτίως
1253 907 1285 968 δὲ
1308 908 1466 990 άπητηοατο
1486 907 1532 981 τὴν

246 1032 354 1106 ζήτησιν
379 1027 427 1090 καί
455 1029 583 1109 διαφοράν
609 1027 671 1110 περὶ
696 1034 742 1090 τοῦ
765 1029 886 1110 ἀγριδίου
897 1029 920 1111 ¹)
943 1029 958 1088 ό
981 1028 1139 1110 διαληφθεὶς
1161 1031 1368 1109 θεοφιλέστατος
1391 1027 1534 1102 ἐπίσκοπος

246 1154 362 1230 Ζιχνῶν,
387 1151 534 1232 ἐμφανίσας
554 1153 622 1232 προς
645 1153 725 1228 αυτὴν
747 1154 778 1212 τό
802 1152 1011 1233 ἐπιχορηγηθέν,
1034 1154 1072 1224 ιὐς
1095 1151 1207 1232 είρηται,
1230 1152 1387 1234 τῇτοιαίιτγγ
1402 1150 1535 1233 σεβασμίᾳ

248 1279 317 1356 μονῇ
346 1272 550 1353 χρυσόβουλλον
579 1272 626 1334 καί
655 1272 855 1354 παρεκάλεσεν,
886 1275 924 1345 ὡς
951 1275 984 1334 ἀν
1015 1273 1058 1332 διὰ
1087 1275 1136 1349 τὴν
1160 1271 1234 1352 ίσγθν
1255 1271 1303 1332 καί
1323 1272 1470 1351 περίληψιν
1492 1277 1534 1332 τοῦ

248 1395 449 1474 θιαληφθὲντοςΙ
463 1393 667 1474 χρυσοβοίλλου
690 1393 836 1474 διορίσηται
857 1396 875 1469 ί,
900 1393 1027 1468 βασιλεία
1050 1415 1101 1470 μου
1123 1392 1170 1454 καί
1185 1393 1362 1476 ίκανοποιηθῇ
1377 1393 1535 1472 ἀλλαχόθεν

247 1517 262 1575 ό
292 1515 451 1595 διαληφθεὶς
473 1511 626 1602 σεβίαστος]
649 1517 786 1596 Μαρτῐνος
807 1517 837 1576 τό
860 1516 1037 1595 ὀφειλόμενον
1059 1521 1135 1577 τοῦτο
1159 1517 1352 1596 διαπρακτικόν
1373 1517 1456 1577 ποσόν
1480 1513 1536 1574 ἀντὶ

247 1642 293 1698 τοῦ
320 1637 515 1719 διαληφθέντος
544 1637 665 1718 ἀγριθίου
690 1639 761 1698 κατὰ
782 1639 813 1698 τό
836 1639 1020 1719 άνυστέρητον,
1050 1639 1081 1697 τό
1104 1637 1135 1697 δέ
1157 1641 1273 1698 τοιοῦτον
1297 1637 1417 1718 άγρίδιον
1441 1638 1535 1696 Μονό-

248 1781 347 1836 σπητον
369 1761 520 1837 κατέχηται
541 1759 623 1820 πάλιν
646 1759 720 1838 παρά
742 1767 791 1836 τῆς
814 1757 959 1838 εἰρημένης
981 1757 1131 1835 σεβασμίας
1154 1766 1248 1838 μονῆς,
1270 1759 1354 1837 ἤγουν
1376 1758 1536 1833 ἡβασιλεία

249 1901 300 1956 μου
324 1881 368 1940 διὰ
389 1882 438 1957 την
459 1881 539 1957 τιμὴν
560 1881 768 1960 προηγουμένης
791 1875 938 1966 [πράξεως]
946 1877 973 1965 ²)
994 1879 1041 1940 καί
1063 1882 1093 1939 τό
1116 1879 1286 1940 ἀκατάλυτον
1305 1884 1351 1940 τοῦ
1367 1879 1537 1956 δηλωθέντος

247 2001 464 2084 χρυσοβοίιλλου,
488 2004 527 2063 ἐτι
550 2003 581 2062 δέ
602 2001 649 2063 καὶ
673 2003 717 2062 διὰ
737 2004 786 2078 την
809 2001 870 2082 περὶ
891 2004 983 2063 τοίιτου
1006 2004 1113 2080 ζήτησιν
1132 1999 1179 2062 καὶ
1193 2002 1365 2081 παράκλησιν
1380 2005 1426 2063 τοῦ
1442 2002 1537 2079 δηλω-

249 2123 342 2196 θέντος
371 2125 576 2203 θεοφιλεστάτου
603 2125 748 2186 ἐπισκόπου
770 2126 876 2204 Ζιχνῶν
907 2122 1010 2185 δίκαιον
1040 2121 1087 2184 καὶ
1114 2122 1230 2201 εὔλογον
1258 2124 1428 2204 λογισαμένη
1452 2127 1537 2202 τοῦτο,

250 2247 311 2324 ἔχει
333 2244 443 2321 θέλημα
466 2247 512 2306 καί
535 2246 678 2325 διορίζεταί
700 2267 741 2305 σοι
763 2242 860 2332 [οἰκείε
881 2252 914 2328 τῇ
939 2244 1066 2328 βασιλείᾳ
1088 2266 1148 2324 μου,
1175 2245 1284 2324 κεφαλὴ
1306 2240 1449 2330 Βολεροϋ].
1482 2243 1537 2305 ἐπεί
1594 2297 1595 2300 ,

250 2366 399 2446 εὑρίσκεται
421 2365 482 2446 περὶ
503 2367 552 2440 τὰς
567 2368 671 2447 Σέρρας
692 2369 710 2442 ἡ
733 2364 884 2448 οἰκονομία,
907 2369 941 2443 ἣν
963 2362 1038 2445 εἶχεν
1061 2367 1076 2426 ὁ
1099 2367 1167 2448 ἀνὴρ
1188 2373 1238 2443 τῆς
1257 2367 1389 2447 θυγατρός
1403 2371 1450 2428 τοῦ
1467 2368 1536 2426 Ῥω-

250 2489 331 2566 μαίου
355 2488 459 2548 ἐκείνου
481 2491 496 2548 ό
519 2490 678 2568 Σαρακηνός
700 2489 862 2568 λεγόμενος,
884 2491 1033 2564 ποσότητος
1055 2485 1130 2569 οὖσα,
1158 2490 1196 2560 ὡς
1219 2489 1378 2566 ἀνηγγέλθη
1400 2493 1434 2570 τῇ
1459 2487 1536 2562 βασι-

250 2609 315 2693 λείᾳ
338 2631 399 2690 μου,
431 2609 601 2687 νομισμάτων
622 2609 662 2690 π’,
692 2614 726 2686 ἢν
752 2613 866 2689 κατέχει
889 2610 986 2691 ἀρτίως
1007 2611 1025 2684 ἡ
1048 2612 1115 2690 γονὴ
1140 2609 1253 2690 ἐκείνου,
1283 2608 1345 2690 παρ’
1359 2610 1470 2690 ὁρισμόν
1492 2617 1538 2685 τῆς

252 2732 395 2807 βασιλείας
417 2753 478 2814 μου,
500 2731 676 2813 προλαβοῦσα
698 2731 745 2794 καὶ
767 2731 807 2806 εἰς
828 2733 977 2808 συνοίκησιν
1001 2732 1127 2808 ἀθέσμοις
1149 2731 1302 2812 ὑποχείριον
1326 2734 1417 2811 αῐιιῆς,
1448 2753 1537 2812 παρα·
1595 2715 1596 2792 ί

252 2854 348 2928 δώσεις
378 2855 431 2914 άπό
457 2856 555 2932 ταύτης
576 2856 643 2936 πρός
664 2856 710 2914 τὀν
733 2854 893 2931 δηλωθέντα
915 2849 1069 2940 [σεβαστόν]
1092 2855 1230 2933 Μαρτίνον
1252 2853 1382 2934 ἀκεραίαν
1404 2851 1452 2914 καὶ
1475 2854 1537 2912 ἀνι-

252 2978 378 3058 στέρητον
403 2976 435 3037 ἐκ
455 2984 504 3053 τῆς
528 2972 602 3062 [τῶν]
625 2975 654 3056 χ’
671 2979 842 3053 νομισμάτων
856 2977 1013 3056 ποσότητος,
1037 2974 1077 3048 εἰς
1090 2979 1124 3052 ἣν
1138 2973 1350 3056 καταγράφεται,
1374 2975 1412 3048 ὡς
1428 2975 1537 3056 εἴρηται,

253 3099 298 3162 διὰ
318 3102 465 3178 πρακτικοί
488 3101 567 3160 αὑτοῦ
589 3099 619 3158 τό
642 3097 766 3176 θηλωθέν
788 3098 918 3178 άγρίθιον,
946 3099 994 3174 τὴν
1018 3097 1049 3158 δέ
1073 3099 1167 3178 ἑτέραν
1189 3100 1324 3174 ποσότητα
1346 3099 1393 3172 τὴν
1417 3098 1471 3158 ἀπό
1493 3103 1539 3172 της

252 3222 376 3296 τοιαίιτης
398 3215 554 3296 οἰκονομίας
575 3223 718 3300 κρατήσεις
739 3219 786 3280 καί
807 3219 1014 3300 περιορίσειςί),
1037 3221 1114 3298 λέγω
1129 3223 1175 3280 τοῦ
1191 3218 1328 3298 δημοσίου,
1352 3219 1406 3279 ἐστ’
1418 3222 1451 3278 ἀν
1466 3219 1539 3300 όρίση

252 3341 313 3420 περί
336 3343 418 3418 σίντης
439 3345 457 3416 ἠ
481 3341 607 3416 βασιλεία
630 3363 692 3422 μου,
715 3343 776 3401 ότον
800 3342 929 3422 διακρίνει
950 3339 998 3402 καὶ
1021 3342 1079 3420 ἔχει
1101 3341 1221 3420 θέλημα,
1243 3342 1311 3420 πρός
1330 3339 1361 3400 δὲ
1380 3342 1429 3416 τὴν
1445 3342 1538 3418 δηλω-

253 3465 344 3525 θείσαν
367 3463 515 3540 σεβασμίου
538 3465 623 3539 μονὴν
647 3463 798 3535 ἀποδώσεις
819 3465 850 3524 τό
871 3467 988 3524 τοιοῦτον
1012 3462 1132 3543 ἀγρίόιον
1154 3465 1184 3522 τό
1200 3463 1389 3543 Μονόσπητον,
1410 3460 1459 3522 καὶ
1473 3483 1539 3522 κατ-

254 3589 351 3665 έχηται
372 3585 419 3646 καί
441 3587 555 3662 νέμηται
578 3587 641 3645 αθτό
660 3588 737 3646 τοῦτο
753 3585 946 3664 άνενοχλήτως
961 3583 1008 3646 καί
1023 3584 1198 3658 άδιασείσιως
1212 3586 1283 3645 κατὰ
1296 3590 1385 3644 πᾶσαν
1400 3586 1450 3660 πἠν
1467 3581 1539 3662 ίσχὶιν

252 3707 299 3769 καί
320 3709 464 3788 περιληψιν
485 3713 530 3768 τοῦ
545 3709 844 3789 προεπιχορηγηθέντος
860 3711 935 3790 αὐτῇ,
958 3709 1050 3781 καθὼς
1065 3707 1178 3789 εἴρηται,
1200 3707 1407 3788 χρυσοβοίιλλου
1422 3713 1473 3784 τῆς
1489 3706 1539 3780 βα-

254 3831 359 3905 σιλείας
374 3853 435 3914 μου,
457 3830 504 3892 καί
518 3830 629 3906 ποίησον
644 3830 714 3890 κατὰ
728 3831 758 3890 τό
772 3832 858 3908 παρὀν
873 3833 1043 3912 πρόσταγμα,
1064 3829 1140 3891 ἐκαὶ
1156 3829 1328 3910 άντίστρεψον
1345 3827 1388 3890 ἐπὶ
1404 3827 1441 3909 τῷ
1456 3849 1539 3908 προο-

255 3958 323 4014 εϊναι
345 3960 378 4036 τῇ
402 3952 555 4034 δηλωθείσρ
575 3951 710 4035 σεβασμίφι
730 3958 799 4034 μονῇ
816 3949 855 4024 εἰς
870 3951 1030 4031 ἀσφάλειαν.
1054 3953 1106 4012 ἀπο
1122 3952 1152 4012 δὲ
1167 3958 1217 4028 τῆς
1233 3950 1373 4012 ἐπιλοίπου
1389 3948 1540 4026 οἰκονομίας

254 4085 304 4154 τῆς
326 4075 496 4153 δηλωθείσης
511 4074 652 4150 Ῥωμαίοις
673 4074 783 4152 θέλημα
806 4075 860 4155 ἔχη
882 4076 900 4149 ἡ
924 4073 1051 4148 βασίλεια
1073 4095 1134 4154 μου,
1158 4075 1196 4147 ὡς
1217 4073 1264 4134 καὶ
1287 4074 1413 4154 ἀνωτέρω
1429 4072 1538 4153 εἴρηται,

254 4199 299 4259 ἵνα
321 4198 407 4274 μηδὲν
430 4197 565 4280 ἐπιβάτης
582 4201 650 4277 πρός
669 4219 726 4257 τινα
747 4199 830 4278 μέχρι
848 4195 895 4256 καί
914 4201 959 4256 τοίι
975 4191 1155 4282 [ἐλαχίστουβ
1172 4196 1267 4271 ἐπειδὴ
1282 4195 1410 4277 γνωρίσαι
1426 4195 1540 4271 μέλλεις

257 4319 290 4380 δι’
303 4321 394 4399 ἑτέρου
416 4317 622 4398 προστάγματος
642 4321 672 4378 τό
690 4317 752 4398 περί
771 4319 868 4395 τοιότης
883 4319 994 4395 θέλημα
1008 4317 1055 4378 καί
1069 4320 1100 4378 τ“ο
1115 4320 1213 4398 όρισμα
1227 4325 1277 4394 τῆς
1292 4317 1434 4394 βασιλείας
1449 4309 1506 4393 μουΙ
1515 4321 1538 4392 †.

362 4605 381 4671 ¹)
399 4605 430 4655 In
449 4605 601 4672 apographo
619 4605 640 4655 1.
659 4605 702 4655 hic
724 4605 850 4654 inseritur
867 4599 926 4671 πρὸς
944 4601 987 4667 τὴν
1005 4601 1130 4669 βασιλείαν
1149 4619 1205 4670 μου,
1228 4601 1300 4668 quod
1318 4603 1439 4668 superius
1458 4602 1537 4652 haben

256 4701 285 4750 in
303 4707 439 4752 contextu.
510 4701 530 4766 ²)
550 4699 744 4766 supplevimus.
816 4699 837 4765 ¹)
855 4697 1005 4766 περιφράσεις
1024 4699 1046 4749 Ι.
