3222 5284
1301 349 1364 414 321

82 543 275 622 ἐπινατάρατος,
300 542 394 602 ἔπειτα
416 541 543 624 σχολάζῃ
566 541 637 601 ἅπαν
658 542 689 600 τδ
711 538 773 621 περὶ
795 546 847 600 τῶν
873 541 907 601 ἐκ
924 540 1045 620 πλαγίου
1061 547 1200 621 συγγενῶν
1216 564 1267 618 μου
1284 543 1366 622 ῥηθὲν

81 664 229 744 κεφάλαιον,
253 665 283 723 ἐν
306 659 329 744 ᾧ
352 663 519 743 διωρισάμην
536 662 726 741 ἀποκείρεσθαι
741 663 787 722 τδν
803 661 972 738 βουλόμενον
988 669 1107 742 συγγενῆ
1123 683 1174 739 μου
1190 664 1223 722 ἐκ
1237 664 1366 744 πλαγίου,

81 784 122 844 καί
140 787 189 844 κάν
213 783 235 844 εἰ
259 787 383 866 μυριάκις
405 785 532 866 παρέλθῃ
554 785 584 844 τδ
606 789 660 844 τῶν
683 785 829 844 κατιόντων
853 806 904 860 μου
928 787 999 844 ἅπαν
1021 787 1112 864 γένος,
1136 786 1174 861 μὴ
1191 787 1244 868 έχῃ
1260 789 1311 844 κᾶν
1328 779 1368 859 εἰς

82 909 112 966 ἐκ
130 912 178 966 τῶν
206 907 239 966 ἐκ
264 907 384 986 πλαγίου
407 928 459 982 μου
487 909 626 984 συγγενῶν
653 905 824 986 παρείσδυσιν
853 905 978 986 ἐφορείας
1003 909 1115 980 τινδςῆ
1143 908 1312 985 ἀπολήψεως
1336 907 1368 967 ἐκ

81 1034 129 1088 τῶν
152 1031 301 1114 συστάντων
326 1029 391 1108 παρ’
404 1029 471 1103 ἐμοῦ
499 1029 605 1104 εὑαγῶν
633 1025 714 1086 οἴκων
743 1021 807 1107 άχρι
830 1025 876 1086 καί
903 1031 1000 1105 βωμοῦ
1023 1029 1123 1100 ένδςῆ
1152 1029 1245 1108 έτέρου
1268 1028 1366 1101 εἴδους.

82 1146 151 1209 ἀλλά
172 1150 244 1225 μηδὲ
267 1149 307 1222 εἰς
329 1151 376 1224 τὴν
399 1149 489 1223 πύλην
512 1151 598 1208 αἰπῶν
619 1147 749 1223 εἰσιτητδν
764 1149 895 1226 ὑπάρχειν
912 1151 1023 1228 τούτοις,
1047 1151 1086 1221 ῶς
1101 1149 1291 1226 λογιζομένοις
1307 1152 1367 1210 ἐπι-

82 1271 191 1349 βοὺλοις,
218 1270 266 1330 καί
292 1277 342 1346 τῆς
370 1271 440 1347 ἐμῆς
468 1271 602 1349 διαταγῆς
630 1271 810 1349 ἐναντιόφροσι
837 1269 884 1329 καὶ
911 1270 1111 1350 ἀποτροπαίοις.
1158 1271 1233 1351 εἴπερ
1262 1273 1294 1332 δὲ
1322 1273 1368 1333 οὑν

82 1393 131 1472 θεῷ
151 1392 195 1454 καί
224 1394 317 1474 ἕτερον
344 1391 551 1473 χρυσόβουλλον
575 1393 733 1470 ἐπιγένηται
756 1390 796 1463 εἰς
820 1393 977 1471 έπικὺρωσιν
998 1400 1049 1469 τῆς
1073 1394 1143 1470 ἐμῆς
1167 1394 1301 1470 διαταγῆς
1322 1394 1369 1454 καὶ

83 1513 244 1587 ἑξνουσσείαν
267 1522 321 1576 τῶν
343 1518 488 1590 κτημάτων
511 1511 557 1574 καί
580 1515 685 1574 λοιπῶν
708 1515 805 1592 αὑτῶν,
829 1514 872 1572 ἵνα
894 1516 1132 1595 καταστρωνὺηται
1154 1514 1192 1588 εἰς
1207 1519 1237 1576 τδ
1253 1517 1370 1576 τοιοῦτόν

82 1657 127 1711 μου
147 1641 268 1698 τυπικόν·
293 1636 337 1696 έπί
359 1638 443 1716 τούτῳ
466 1637 519 1716 γδιρ
542 1633 590 1696 καί
613 1638 721 1715 άγραφα
743 1635 835 1714 φύλλα
858 1635 972 1716 διάφορα
995 1637 1197 1698 καταλέλοιπα.
1242 1639 1371 1710 ὡσαύτως

81 1759 120 1817 ἵνα
143 1758 247 1837 γίνηται
274 1741 389 1832 καίἐίς
415 1761 445 1818 τό
473 1760 660 1833 συνηνωμένον
688 1757 726 1837 τῷ
753 1753 854 1836 τυπικῷ
878 1777 929 1832 μου
957 1758 1076 1839 βρέβισν,
1105 1761 1209 1835 ότανῆ
1236 1763 1370 1836 κτῆμαῆ

82 1887 170 1960 χρῆμα
199 1881 328 1942 ἐπέκεινα
353 1887 407 1941 τῶν
438 1881 705 1955 διαλαμβανομένων
733 1880 762 1938 ἐν
789 1880 874 1958 τούτῳ
904 1881 1091 1961 προοκυρωθῇ.
1143 1885 1225 1940 ταῦτα
1255 1878 1370 1960 φυλάξαι

83 2003 165 2082 κύριος
186 2003 201 2060 ὁ
223 2004 287 2074 θεός
309 2003 491 2082 ἀπαράτρωτά
512 2021 542 2060 τε
562 2000 608 2060 καὶ
624 2001 834 2081 ἀπαράθραυστα
849 2001 887 2080 τῷ
901 2000 981 2060 παντί
997 2001 1071 2060 αἰῶνι
1087 2004 1371 2082 ουμπαρεκτεινόμενά

82 2143 108 2181 τε
128 2123 173 2184 καί
200 2123 465 2204 συνδιευθετούμενα,
492 2121 540 2183 καί
567 2122 656 2194 οὑδείς
684 2124 757 2182 ἔσται
780 2124 879 2202 χρόνος
902 2126 919 2197 ἡ
944 2123 1039 2201 φθόνος
1061 2123 1076 2181 ό
1098 2128 1183 2184 ταῦτα
1203 2126 1370 2206 περιτρέψων

83 2243 124 2304 καί
146 2246 351 2321 λυμανοῦμενος
360 2243 393 2328 1),
417 2245 495 2305 ἀλλά
516 2247 585 2324 πρδς
609 2243 726 2305 ἐπίδοσιν
750 2242 861 2303 ἀείκαὶ
884 2241 995 2318 αὔξησιν
1010 2242 1056 2304 καί
1080 2247 1266 2326 μονιμωτέραν
1282 2248 1371 2306 κατά-

82 2386 166 2426 στασιν
189 2365 357 2447 διεξάγοιντό
379 2387 410 2426 τε
432 2365 479 2426 καί
503 2362 750 2446 διακυβερνῷνποέ)
773 2370 806 2445 τῇ
831 2367 971 2447 ζωαρχικῇ
991 2365 1038 2426 καὶ
1054 2366 1114 2450 θείᾳ
1128 2366 1200 2447 χειρί
1216 2369 1373 2443 σκεπόμενά

82 2487 173 2548 τεκαὶ
199 2489 408 2569 συντηροὺμενα,
436 2486 476 2561 εἰς
504 2485 587 2561 δόξαν
614 2489 716 2567 πατρδς
742 2487 798 2547 υἰοῦ
820 2485 867 2546 καί
895 2485 974 2565 ἁγίου
1001 2490 1164 2570 πνεύματος,
1192 2493 1236 2549 νῦν
1260 2489 1306 2550 καὶ
1329 2490 1372 2550 ἀεὶ

82 2608 123 2669 καί
144 2609 182 2684 εἰς
202 2611 265 2683 τοῦς
287 2609 389 2684 αἰῶνας
411 2617 465 2670 τῶν
488 2609 606 2690 αἰῶνων,
630 2610 703 2685 ἀμήν
719 2613 743 2686 †.

177 2737 194 2807 †
216 2731 360 2810 Μιχαὴλ
382 2732 567 2813 πατρίκιος,
591 2731 786 2810 ἀνθύπατος,
810 2731 925 2812 κριτὴς
949 2731 1003 2791 ἐπὶ
1023 2737 1079 2792 τοῦ
1095 2731 1302 2813 ίπποδρόμου
1317 2732 1373 2792 καὶ

83 2858 131 2912 τοῦ
153 2853 268 2933 βήλου,
297 2855 312 2912 ὁ
335 2855 584 2933 Ἀτταλειάτης,
613 2853 651 2910 τὰ
674 2849 829 2933 ἀνωτέρω
851 2855 958 2912 πάντα
985 2853 1130 2928 βεβαιῶν
1153 2854 1208 2913 οὑν
1230 2854 1295 2932 θεῷ
1318 2853 1374 2914 καὶ

84 2969 337 3056 ἀπαράθραυστα
354 2977 469 3050 μένειν
485 2976 693 3050 βουλόμενος
709 2976 887 3055 ὑπέγραψα
902 2973 956 3034 καὶ
974 2976 1170 3056 ἐσφράγισα,
1195 2975 1272 3051 μηνί
1290 2971 1373 3056 μαρ-

83 3097 144 3176 τίῳ,
166 3096 377 3170 ἰνδικτιῶνσς
401 3094 446 3176 ιε’,
471 3099 565 3169 ἔτους
589 3094 692 3182 ,ςφπέ
715 3102 740 3174 †.

178 3223 195 3295 †
217 3221 257 3280 To
282 3219 313 3279 δὲ
335 3219 438 3298 γραφέν
463 3219 491 3278 ἐν
513 3218 551 3297 τῷ
573 3220 684 3298 παρόντι
707 3240 759 3294 μου
780 3218 892 3298 τυπικῷ,
915 3218 959 3276 ἵνα
983 3219 1170 3290 ἐπιλείποντος
1192 3223 1238 3278 τοῦ
1262 3221 1375 3300 ἄρρενος

85 3340 132 3398 ἀπδ
152 3347 200 3415 τῆς
222 3346 323 3416 γενεᾶς
346 3361 397 3414 μου
421 3341 528 3422 ἀπαντᾷ
549 3338 597 3400 καί
618 3343 649 3399 τδ
672 3341 742 3416 θῆλυ
764 3341 832 3420 πρδς
855 3341 902 3414 τὴν
925 3347 978 3399 τῶν
1002 3337 1152 3418 εἰρημένων
1169 3342 1275 3417 εὑκγῶν
1292 3339 1373 3400 οἴκων

85 3459 220 3540 διαδοχήν,
243 3459 290 3521 καὶ
312 3461 396 3520 πάλιν
419 3461 510 3542 δρίζω,
532 3461 580 3522 καί
603 3461 680 3522 οῦδὲν
703 3464 721 3538 ἡ
744 3463 817 3540 φύσις
841 3461 942 3537 βλάψει
965 3463 995 3521 τό
1018 3463 1108 3538 γένος,
1132 3459 1179 3520 καί
1201 3463 1250 3536 τὴν
1274 3462 1341 3537 ἐμοῦ
1350 3462 1374 3544 ³)

85 3587 124 3641 τοῦ
145 3586 276 3664 κπητορος
300 3581 418 3656 διάταξίν
441 3583 540 3643 τεκαὶ
563 3585 689 3660 θέλησιν·
718 3585 736 3658 ἠ
759 3583 812 3662 γὰρ
836 3585 949 3663 πρόνοια
971 3588 1024 3642 τῶν
1047 3584 1171 3643 τοιούτων
1195 3580 1300 3661 γυναιξὶ
1325 3583 1376 3656 μὲν

85 3702 215 3775 πολλάκις
238 3703 390 3765 ἀνατίθεται
414 3703 459 3766 διὰ
482 3705 593 3787 δωρεῶν
616 3711 634 3780 ἢ
657 3711 821 3786 συγγενικῆς
844 3705 987 3786 διαδοχῆς,
1013 3706 1163 3785 ἐνεργεῖται
1185 3705 1216 3764 δέ
1232 3705 1276 3764 διὰ
1292 3707 1375 3781 μέσου

86 3825 208 3906 ἀρρένων,
232 3825 288 3887 εἴτε
303 3829 444 3908 δμοζὺγων
460 3831 563 3908 αὑταῖς,
587 3828 641 3888 εἴτε
656 3827 771 3907 παίδων,
788 3827 837 3887 εἴθ’
847 3829 987 3908 ὑπηρετῶν
1003 3826 1197 3902 εδυπσλήπτων
1213 3826 1260 3886 καί
1275 3827 1375 3906 ἁγνῶν,

86 3945 126 4004 ναὶ
154 3951 320 4030 συντηρείται
351 3950 542 4030 ἀμφοτέρωθεν
569 3953 600 4010 τό
622 3971 652 4008 τε
684 3949 787 4009 δίκαιον
814 3955 863 4024 τῆς
895 3948 1028 4026 διαδοχῆς
1049 3947 1096 4008 καί
1119 3951 1149 4008 τδ
1172 3954 1221 4022 τῆς
1250 3945 1377 4029 πράξεως

87 4067 199 4145 εἰσεβές.
236 4072 251 4129 ό
280 4071 311 4130 δὲ
340 4069 497 4146 δοκιμάοων
523 4071 707 4152 παρακινῆσαί
730 4093 754 4130 τι
776 4077 828 4129 τῶν
856 4070 920 4150 παρ’
934 4069 1001 4145 ἐμοῦ
1030 4070 1212 4149 διωρισμένων
1241 4070 1375 4149 ἁπάντων,

88 4187 117 4246 ἐκ
134 4193 223 4266 πάσης
245 4191 356 4268 ἡλικίας
379 4191 426 4251 καί
448 4193 532 4270 τύχης
553 4189 601 4251 καὶ
624 4193 727 4271 φύσεως
746 4189 793 4251 καὶ
809 4191 925 4270 βαθμοῦ,
947 4192 1014 4271 πρδς
1030 4193 1068 4271 τῷ
1083 4190 1291 4269 καταγέλαστος
1308 4185 1377 4250 εἰναι

89 4308 129 4368 καὶ
150 4313 288 4388 ἀνηνύτοις
312 4315 467 4394 ἐπιχειρεῖν,
491 4316 530 4384 ὡς
553 4316 591 4390 μὴ
614 4317 751 4394 κτητόρων
776 4309 912 4385 διατάξεις
934 4313 1083 4388 σεβόμενος
1105 4310 1152 4372 καί
1175 4317 1259 4388 τιμῶν
1282 4313 1378 4382 τύπους

89 4431 128 4490 καί
148 4437 284 4516 προνόμια
305 4442 355 4512 τῆς
379 4435 577 4508 βασιλευούσης
593 4441 646 4495 τῶν
660 4435 781 4512 πόλεων,
807 4431 966 4510 ἐξοχώτατα
981 4441 1034 4491 τῶν
1052 4435 1200 4514 ἐπαρχιῶν,
1224 4434 1271 4493 καί
1286 4433 1377 4507 νόμων

184 4695 205 4760 ¹)
224 4692 404 4761 λυμηνοὺμενος
423 4693 448 4744 S.
511 4693 542 4758 β)
562 4691 713 4760 κυβερνοῖντο
731 4692 756 4743 S.
829 4691 851 4756 ³)
871 4689 930 4760 ἐμοῦ
949 4690 991 4755 τήν
1010 4693 1036 4744 S.

1136 4797 1168 4844 21
