3222 5284
1328 361 1392 425 343

80 555 156 614 τινὰ
176 553 312 615 διακονίαν
339 555 521 636 μετέρχεσθαι
550 551 668 626 ἀναξίως
692 553 852 630 ἐπιπηδῶσα
881 557 999 648 χρόνους
1018 557 1100 632 παχύν
1129 552 1349 635 προβαλλομένη
1374 557 1392 628 ἢ

84 677 235 756 ἐνέργειαν
257 679 276 751 ἢ
300 677 439 753 εὐγένειαν
462 679 480 752 ἢ
503 675 687 756 προσαγωγὴν
709 679 857 753 κτημάτων
879 681 958 735 τινῶν
981 679 999 753 ἠ
1022 679 1183 757 χρημάτων,
1215 675 1283 736 ἀλλ’
1297 675 1390 751 ἐκείνη

83 800 170 858 ἔσται
190 799 358 878 προτιμητέα
380 798 410 857 ἐν
432 797 502 878 ύμῖν,
525 799 584 874 ἥτις
608 796 699 872 ἀνείη
721 798 842 875 τοιαύτη,
865 797 925 857 οἵαν
948 797 1065 878 δλόγος
1088 797 1216 879 ἀνωτέρω
1237 797 1390 878 ὑπέγραψε,
1474 795 1480 810 ’

82 925 147 980 κᾶν
169 922 200 981 ἐκ
225 920 288 980 νέον
317 921 386 1002 τύχη
417 920 597 1000 ἀποκαρεῖσα,
628 923 680 980 κάν
704 915 735 992 ἐξ
758 917 895 996 ἰδιωτικῆς
926 921 1012 998 νίκης
1033 927 1066 1003 τῇ
1090 927 1160 1003 μονῇ
1188 919 1389 1001 προσελήλυθε.

81 1047 182 1102 παῖσον
205 1039 251 1102 σύν
274 1039 389 1124 εύνοιαν,
411 1046 502 1103 πᾶσαν
525 1043 673 1121 ύποταγην,
695 1047 785 1102 πάσαν
808 1041 960 1102 εύπείθειαν
982 1043 1171 1125 τῄἠγουμένῃ
1187 1043 1262 1118 ὑμῶν
1278 1041 1390 1102 ἀποσύ-

83 1167 174 1244 ζοιτε,
196 1166 321 1246 καθάπερ
336 1162 386 1224 τινί
400 1169 454 1224 τῶν
477 1163 557 1223 θείων
579 1165 703 1244 πατέρων
727 1163 830 1244 εἴρηται
845 1164 971 1244 λέγοντ’
996 1163 1040 1242 ,,εἰ
1056 1164 1110 1244 γάρ
1125 1164 1194 1244 ὑπὲρ
1208 1165 1288 1238 ἡμῶν
1304 1163 1390 1241 λόγον

85 1282 238 1347 ἀποδοῦναι
254 1286 405 1362 μέλλουσιν
421 1285 446 1346 οἱ
461 1285 540 1362 ἡμῶν
557 1285 777 1365 ἐπιμελούμενοι,
793 1291 853 1358 πῶς
868 1285 929 1365 ούχί
944 1285 1015 1346 κατὰ
1027 1289 1116 1347 πάντα
1130 1287 1232 1358 τούτοις
1246 1287 1388 1363 ύποταγη-

83 1408 195 1482 σόμεθα
216 1406 263 1468 καί
279 1409 317 1480 ῶς
339 1407 449 1488 κεφαλῇ
470 1406 506 1467 τά
527 1406 612 1468 λοιπά
634 1407 705 1488 μέρη
721 1411 767 1467 τοῦ
790 1409 919 1483 σώματος
941 1409 1129 1484 ύπακούσομέν
1143 1428 1174 1468 τε
1189 1407 1236 1468 καὶ
1252 1405 1388 1488 ἐξυπηρε-

82 1533 218 1609 πήσσμεν,
241 1531 335 1602 καθώς
357 1551 421 1609 φησι
442 1526 490 1588 καὶ
511 1529 526 1588 ό
548 1531 622 1600 θεῖος
645 1529 812 1602 ἀπόστολος·
834 1529 960 1590 πείθεσθε
982 1533 1039 1602 τοῖς
1061 1531 1225 1609 ἡγουμένοις
1248 1532 1323 1605 ὑμῶν
1343 1529 1390 1589 καί

84 1652 229 1712 ὑπείκετε·
254 1649 329 1712 αύτοί
344 1650 398 1731 γὰρ
422 1651 598 1731 ἀγρυπνοῦσιν
620 1651 687 1732 ὑπὲρ
702 1656 756 1710 τῶν
779 1655 874 1729 ψυχῶν
895 1651 980 1730 ύμῶν,
1004 1653 1043 1724 ὡς
1058 1651 1144 1730 λόγον
1167 1651 1389 1724 ἀποδώσοντες“.

85 1771 230 1833 ἀλλὰκαὶ
245 1774 314 1853 πρός
330 1773 463 1847 ἀλλήλας
479 1772 598 1852 ἀγάπην,
615 1759 734 1854 εἰρήνην,
751 1772 878 1848 όμόνοιαν
894 1773 1073 1852 φυλάττουσαι
1089 1772 1164 1850 εἰητέ
1179 1794 1236 1853 μοι,
1253 1772 1390 1847 ἀλλήλων

85 1896 312 1976 ύπερκαιόμεναι,
343 1892 477 1970 ἀλλήλας
503 1893 733 1974 ύποσιηρίζουσαι,
763 1895 943 1970 νουθετοῦσαι,
971 1893 1191 1975 παρακαλοῦσαι,
1223 1889 1390 1972 ἀνεχόμεναι

83 2023 143 2076 πᾶν
165 2016 234 2076 εἴτι
256 2019 388 2096 χρηστόν,
408 2015 436 2076 εἰ
455 2037 480 2076 τι
503 2017 646 2097 σωτήριον,
671 2015 698 2075 εἰ
717 2037 757 2088 τις
772 2016 855 2096 ἀρετὴ
872 2014 918 2076 καί
934 2015 1012 2086 εἴτις
1029 2017 1148 2096 ἔπαινος,
1172 2016 1333 2076 σπεύδουσαι
1349 2015 1390 2088 εἰς

85 2139 202 2213 δύναμιν
224 2139 385 2218 κατορθοῦν·
409 2137 472 2216 φησί
493 2135 547 2218 γάρ
570 2135 617 2198 καὶ
637 2139 652 2196 ό
674 2139 765 2218 κύριος
786 2136 866 2212 ἡμῶν
882 2139 987 2214 Ἰησοῦς
1007 2139 1136 2216 Χριστός·
1161 2142 1265 2218 ,ταῦτα
1289 2139 1388 2199 ἐντέλ-

77 2261 174 2336 λομαι
197 2261 269 2340 ύμῖν,
292 2259 337 2320 ίνα
358 2261 483 2340 ἀγαπᾶτε
507 2259 660 2336 ἀλλήλους,
684 2261 778 2330 καθὼς
799 2260 879 2339 κάγὼ
902 2261 973 2336 Ιἀμοῖς
995 2260 1137 2337 ἠγάπησα.
1183 2259 1230 2319 καὶ
1254 2261 1390 2341 ἐντούτῳ

83 2384 238 2459 γνώσονται
259 2384 370 2462 πάντες,
393 2384 432 2441 ότι
456 2379 518 2457 ἐμοὶ
542 2381 661 2458 μαθηταί
684 2382 755 2460 ἐστε,
780 2381 828 2440 ἐάν
851 2381 976 2460 ἀγαπᾶτε
999 2382 1177 2456 ἀλλήλους.“
1223 2379 1269 2442 καί
1292 2383 1323 2442 σύ
1346 2383 1388 2464 δέ,

83 2500 107 2562 ὦ
133 2510 220 2584 μῆτερ
242 2504 412 2580 πνευματική
434 2509 483 2578 τῆς
507 2503 582 2582 ἱεροῖς
604 2504 702 2577 ταύτης
724 2501 841 2579 ποίμνης
856 2500 903 2562 καὶ
924 2502 1021 2583 όδηγέ,
1045 2503 1141 2584 μετρία
1158 2504 1203 2564 έσο
1219 2505 1279 2575 ταῖς
1295 2501 1385 2564 ἀδελ-

84 2630 149 2705 φαῖς
171 2626 341 2703 κηδεμονικίη
365 2624 411 2684 καὶ
433 2627 464 2684 τύ
487 2624 553 2684 όλον
577 2626 710 2706 μητρικὴν
735 2626 827 2696 αύταίς
843 2625 1020 2696 ἀποσῶζουσα
1035 2626 1083 2699 τὴν
1100 2624 1214 2706 εὔνοιαν,
1237 2624 1281 2684 ναί
1296 2646 1388 2706 παρα-

83 2750 241 2827 καλοῦμεν,
268 2747 363 2808 πασῶν
385 2748 472 2822 κήδου
494 2745 542 2807 καί
563 2755 657 2806 πασῶν
680 2747 797 2825 ἀντέχου
813 2735 990 2827 νουθετοῦσαι,
1014 2751 1190 2828 παραινοῦσα,
1214 2747 1388 2826 διδάσκουσα,

86 2871 299 2950 παρακαλοῦσα,
322 2871 451 2939 νοσούσας
466 2871 622 2950 ύγιάζουσα,
643 2869 806 2940 ἀσθενούσας
821 2864 1043 2950 ύποστηρίζουσα,
1060 2869 1280 2949 δλιγσψυχούσας
1296 2891 1388 2951 παρα·

88 2993 256 3071 μυθουμένη,
280 2992 488 3071 ἁμαρτανούσας
512 2992 704 3072 ἐπιστρέφουσα
725 2989 772 3050 καὶ
794 2991 887 3063 καθώς
902 3011 979 3071 φησιν
995 2993 1010 3050 ό
1026 2992 1103 3068 ἀγιος
1120 2991 1265 3063 Βασίλειος
1280 2992 1387 3070 λέγων·

88 3115 191 3192 ,οἰστδς
215 3115 229 3174 ό
251 3114 469 3192 καθηγούμενος,
493 3115 532 3185 ὡς
553 3113 642 3192 πατὴρ
663 3113 768 3173 παίδων
783 3113 902 3191 γνησίων
927 3113 1129 3189 ἐπιμελόμενος
1150 3113 1326 3193 ἐπισκέψεται
1340 3115 1389 3189 τὴν

87 3237 152 3296 καθ’
165 3237 229 3308 ἑνός
251 3237 366 3295 ἑκάστου
387 3234 484 3314 χρείαν
507 3233 564 3300 καί,
577 3236 626 3309 τἠν
649 3236 818 3314 ἁρμόζουσαν
842 3231 944 3306 εἰσάξει
966 3234 1038 3294 κατὰ
1053 3235 1083 3295 τό
1107 3235 1219 3294 δυνατόν
1242 3235 1390 3314 θεραπείαν

88 3361 137 3417 καί
161 3356 323 3433 ἐπιμέλειαν
346 3355 392 3416 καί
415 3357 445 3417 τό
468 3357 529 3416 κατ’
543 3357 676 3432 ἀλήθειαν
699 3356 828 3418 ἀσθενοῦν
852 3355 950 3436 μέλος,
982 3356 1037 3416 εἴτε
1060 3362 1233 3437 σωματικῶς,
1258 3357 1313 3417 εἴτε
1336 3362 1389 3436 ψυ-

88 3485 178 3556 χικῶς
202 3479 262 3554 μετ’
276 3479 387 3557 ἀγάπης
408 3477 455 3538 καί
477 3483 527 3553 τῆς
548 3485 734 3554 πνευματικῆς
757 3479 862 3548 εύνοίας
886 3478 1093 3552 διαβαστάσειίί.

193 3601 273 3679 Κεφ.
299 3599 348 3679 ιγ’.
380 3598 463 3678 Περὶ
493 3603 748 3676 μετακινησεως
777 3607 836 3679 τῆς
867 3600 910 3678 μὴ
933 3602 975 3672 ὡς
1006 3601 1057 3660 δεῖ
1086 3601 1391 3680 ᾒγουμενευούσης.

90 3723 146 3782 Καὶ
169 3725 254 3782 ταῦτα
277 3721 327 3798 μὲν
351 3723 444 3793 σύτως.
487 3721 521 3781 τά
545 3721 576 3782 δὲ
599 3719 664 3796 ἑξῆς
687 3723 801 3802 ῥηθῆναι
825 3721 970 3798 μέλλοντα
991 3720 1124 3804 περὶτῆς
1147 3723 1218 3798 μετὰ
1239 3724 1288 3798 τὴν
1310 3725 1390 3798 ἡμῶν

90 3847 254 3925 παρέλευσιν
285 3845 538 3923 ἡγουμονευσούσης
561 3847 684 3904 καὶτῶν
707 3844 767 3918 μετ’
781 3844 888 3918 ἐκείνην
918 3845 1175 3922 ἡγούμενευσουσῶν
1184 3841 1209 3928 ¹)
1232 3845 1282 3905 ούκ
1309 3843 1391 3918 ἐβου-

91 3968 182 4044 λόμην
212 3972 303 4048 γραφῇ
333 3966 515 4048 παραδοῦναι·
547 3967 611 4026 οῦδὲ
638 3966 693 4045 γὰρ
722 3967 776 4026 ἔδει
803 3965 851 4041 τἠν
882 3963 956 4038 ἅπαξ
979 3964 1018 4038 εἰς
1047 3969 1125 4027 τοῦτο
1155 3968 1319 4048 κεκριμένην
1342 3971 1392 4042 τῆς

91 4092 215 4166 τοιαύτης
246 4091 367 4160 στάσεώς
394 4109 425 4148 τε
452 4087 499 4148 καὶ
529 4086 635 4161 τάξεως
665 4087 834 4170 μεθιστάνί).
881 4087 948 4146 ἀλλ’
960 4085 994 4165 ἦν
1022 4087 1073 4163 μὲν
1104 4089 1215 4170 ἀρεστδν
1245 4087 1392 4148 τοῦτοκαὶ

93 4211 270 4292 ἀποδεκτέον,
295 4211 369 4292 εἰπερ
392 4214 410 4286 ἡ
433 4212 507 4291 φύσις
529 4212 608 4287 ἡμῶν
633 4206 765 4290 ἀτρεπτός
786 4231 816 4270 τε
839 4208 887 4271 καὶ
909 4209 1098 4283 ἀναλλοίωτος
1120 4207 1164 4290 ἦν,
1189 4209 1248 4270 ἐπεὶ
1269 4209 1300 4270 δὲ
1314 4213 1391 4270 τοῦτο

94 4335 141 4394 σῦκ
164 4336 233 4394 ἐστι·
266 4335 436 4414 (τρεπόμεθα
457 4333 512 4414 γὰρ
536 4331 613 4405 αὖθις
634 4331 683 4392 καί
705 4331 902 4408 ἀλλοιούμεθα,
931 4324 976 4392 σία
997 4332 1032 4392 τά
1055 4332 1219 4412 ἀνθρώπινα,
1241 4331 1289 4392 καί
1310 4337 1392 4408 τιμῆς

95 4451 248 4531 ἀξιούμενοι
270 4457 338 4536 πρός
360 4456 409 4530 τὴν
431 4461 484 4514 τῶν
507 4455 604 4514 καλῶν
629 4454 758 4534 ἐργασίαν
783 4455 894 4530 μᾶλλον
916 4455 1100 4534 χαυνούμεθσι,
1131 4453 1248 4536 ῥᾳθυμίᾳ
1270 4453 1391 4525 εἴκοντες

95 4613 300 4622 -——-——-

199 4717 217 4784 ¹)
235 4712 443 4786 ἡγουμανευούσης
463 4741 495 4754 -
514 4713 728 4784 ἡγούμενευονοῶν
747 4715 782 4768 Μ,
856 4713 874 4782 ²)
894 4711 1007 4782 μετιατάν
1026 4713 1062 4768 Μ.
