3208 5310
248 343 291 409 34

248 535 296 598 ναί
318 533 436 612 πλησίον
457 541 507 612 τῆς
529 535 712 616 διερχομένης
734 534 797 596 δδοῡ
820 532 915 610 μοδίου
938 533 973 594 α’.
1011 535 1103 613 ἕτερον
1125 534 1156 594 τδ
1179 531 1351 608 καλούμενον
1373 535 1421 592 τοῦ
1445 532 1545 611 Ἀρσα-

248 657 311 738 βῆρι
333 659 363 718 τδ
385 657 501 734 πλησίον
523 655 571 717 καὶ
594 658 725 736 σίνεγγυς
746 655 885 737 χωραρίου
907 661 953 717 τοῦ
974 656 1124 735 Σταγιανοῦ
1147 654 1250 731 μοδίιον
1272 653 1297 714 α’
1310 653 1362 729 ς”.
1387 655 1483 734 ἕτερον
1505 657 1546 712 τοῦ

248 778 384 842 Ῥισιιίλλι
406 779 437 840 τδ
460 778 577 858 πλησίον
599 777 737 861 χωραρίου
760 781 805 838 τοῦ
826 779 971 859 Κορωνέου
994 777 1090 856 μοδίου
1105 776 1143 838 α’.
1172 778 1265 858 ἕτερον
1288 775 1341 836 ἀπδ
1361 779 1408 836 τοῦ
1429 775 1546 850 Φλεβο-

247 905 332 978 τδμου
360 903 391 962 τδ
413 901 568 980 λεγόμενον
599 904 645 962 τοῦ
668 899 796 981 Πιθαρίου
826 901 856 960 τδ
884 900 988 960 ἀνωθεν
1010 905 1060 976 τῆς
1088 899 1270 980 διερχομένης
1292 897 1356 958 ὁδοῦ
1380 896 1477 972 μοδίου
1498 895 1545 970 ς”.

248 1025 341 1106 ἕτερον
364 1021 404 1096 είς
426 1023 474 1102 ιην
497 1022 697 1104 Πρωτοβοσνδν
719 1022 750 1082 τδ
773 1022 857 1098 μέσον
872 1020 999 1098 κείμενον
1020 1021 1154 1098 δημοσίας
1169 1019 1232 1080 δδοῦ
1247 1019 1294 1080 παὶ
1308 1023 1355 1080 τοῦ
1371 1017 1547 1100 διερχομένου

246 1147 398 1226 χειμάρρου
426 1146 458 1206 τδ
486 1144 540 1206 ἀπδ
567 1148 613 1204 τοῦ
637 1144 805 1222 Ἄβαστάγου
828 1141 930 1218 μοδίων
953 1141 979 1203 α’
992 1141 1044 1217 ς”.
1077 1145 1214 1224 χωροίριον
1236 1139 1277 1214 είς
1297 1142 1500 1220 Ἀμμόχωστον
1521 1140 1548 1198 τδ

249 1270 334 1344 μέσον
356 1267 483 1343 κείμενον
504 1264 644 1346 χωραρίου
666 1269 712 1325 τοῦ
736 1265 913 1345 Προσρωνοίρι
935 1263 982 1326 καί
1003 1269 1049 1326 τοῦ
1065 1265 1216 1346 Δρεπάνου,
1239 1263 1333 1336 παιδίος
1355 1262 1499 1338 ἀναβαίνει
1520 1264 1547 1322 τδ

249 1387 323 1464 βουνὶ
345 1385 393 1450 καί
414 1389 445 1448 τδ
467 1387 563 1448 ἀποίνω
586 1387 732 1467 πάδισμοιν,
755 1387 817 1446 ὅσον
840 1385 887 1446 ναί
910 1380 965 1446 οἷόν
989 1387 1069 1466 ἐστιν,
1086 1389 1169 1468 μέχρι
1183 1385 1230 1448 καί
1244 1385 1385 1466 χωραρίου
1399 1390 1446 1448 τοῦ
1462 1387 1548 1459 Τιμο-

248 1510 320 1572 θέου.
352 1511 444 1592 ἕτερον
470 1515 524 1570 τῶν
547 1508 655 1588 Βαρίων
677 1508 712 1568 τὰ
734 1508 787 1569 ἀπδ
808 1513 855 1570 τοῦ
878 1507 1000 1588 Αδλίχου
1022 1511 1162 1585 κομμάτια
1184 1509 1232 1570 δύο
1255 1507 1358 1585 μοδίων
1380 1507 1419 1587 γ’.
1460 1509 1548 1588 ἕτερον

247 1635 295 1694 τοῦ
319 1630 398 1712 ἁγίου
415 1631 646 1708 Παντελεημονος
668 1632 699 1690 τδ
722 1631 825 1692 ἀνωθεν
848 1635 898 1706 τῆς
921 1629 1102 1712 διερχομένης
1124 1630 1187 1691 ὁδοῦ
1209 1632 1239 1690 τδ
1259 1631 1312 1692 ἀπδ
1327 1634 1374 1692 τοῦ
1389 1630 1549 1692 Γουλολέων

249 1751 353 1832 μοδίων
369 1751 395 1830 β’
403 1750 456 1828 ς”.
480 1752 527 1814 ἀπ’
550 1753 630 1812 «inore
653 1749 700 1812 ναὶ
723 1749 762 1822 εἰς
785 1752 815 1812 σδ
840 1752 917 1834 ῥυοίνι
939 1751 1055 1828 πλησίον
1078 1757 1124 1812 τοῦ
1147 1756 1212 1814 ναοῦ
1233 1758 1286 1812 τῶν
1303 1753 1475 1829 Ἀσωμαίτων
1498 1773 1548 1828 μο-

251 1875 308 1938 δίου
330 1873 382 1951 ς”.
413 1876 552 1956 χωροίριον
581 1873 803 1958 ἐνπῄπεριοχῇ
833 1879 887 1933 τῶν
910 1873 1061 1954 Ὸρδγγων,
1083 1875 1114 1933 τδ
1136 1873 1291 1953 λεγόμενον
1313 1879 1363 1951 της
1386 1875 1501 1955 Κορέας
1522 1875 1549 1932 τδ

250 1999 382 2078 σύνεγγυς
403 2001 450 2057 τοῦ
471 1997 635 2058 Ἐπισνιδπου
657 1995 705 2058 ναί
727 1997 831 2058 ἀνωθεν
852 1995 992 2077 χωραφίου
1013 2001 1059 2056 τοῦ
1076 1995 1262 2072 Φλεβοτδμου
1284 1993 1381 2072 μοδίου
1398 1996 1435 2060 α’.
1460 1999 1550 2075 ἕτερον

251 2120 280 2182 ἐν
302 2127 336 2202 τῇ
358 2125 475 2202 περιοχῇ
497 2124 551 2180 τῶν
574 2119 680 2180 Μίλων
702 2123 748 2179 τοῦ
771 2117 933 2198 Λαγγαδίου
955 2120 985 2180 τδ
1007 2118 1124 2194 πλησίον
1146 2117 1285 2199 χωραρίου
1306 2123 1353 2180 τοῦ
1373 2119 1550 2198 Κολυοίνδρου

251 2241 298 2302 καί
320 2246 366 2302 τοῦ
381 2242 520 2321 Δρεπάνου
544 2237 646 2316 μοδίων
662 2238 688 2300 α’
701 2237 753 2314 ς”.
778 2241 870 2322 ἕτερον
892 2241 1030 2321 χωραίριον
1053 2237 1093 2312 εἰς
1115 2241 1145 2302 τδ
1163 2241 1296 2320 Βαιζάριν
1318 2241 1348 2300 τδ
1372 2241 1477 2302 ἄνωθεν
1501 2239 1550 2314 ἁμ-

249 2364 317 2426 πέλι
337 2367 384 2424 τοῦ
404 2361 535 2443 Πετρίτζη
558 2360 606 2422 ιιαὶ
627 2361 744 2439 πλησίον
766 2362 905 2442 χωραφίου
927 2366 973 2423 τοῦ
994 2363 1164 2442 Καματηροδ
1185 2363 1216 2423 τδ
1237 2361 1393 2440 λεγόμενον
1415 2366 1463 2422 τοῦ
1484 2363 1550 2438 Ἀρ-

250 2487 333 2562 μένου
364 2483 459 2561 μοδίου
482 2483 518 2544 α’.
549 2485 641 2565 έτερον
668 2487 714 2544 τοῦ
737 2482 880 2565 Φλιάτρου
902 2483 948 2544 σδν
970 2487 1017 2545 τοῦ
1039 2483 1167 2562 λαχιδίου
1189 2483 1291 2562 μοδίων
1314 2483 1352 2565 β’,
1382 2485 1414 2544 τδ
1435 2483 1550 2560 πλησίον

253 2606 393 2688 χωραφίου
414 2609 460 2666 τοῦ
476 2605 661 2681 Φλεβοτδμου
683 2603 729 2666 καί
751 2609 797 2666 τοῦ
812 2605 1000 2688 Κολυοίνδρου.
1025 2607 1118 2687 ἕτερον
1141 2605 1243 2686 ἁρμοίιιι
1265 2606 1297 2666 τδ
1316 2605 1364 2666 ἀπ’
1381 2607 1483 2668 ἔσωθεν
1499 2628 1550 2683 μο-

250 2729 307 2790 δίου
329 2727 380 2804 ς”.
419 2729 521 2810 ἁρμάκι
550 2733 600 2804 τῆς
622 2727 729 2807 Βίγλας
750 2733 797 2790 τοῦ
820 2727 1030 2810 Ἀνεμοδουρίου
1060 2728 1155 2804 μοδίου
1176 2727 1229 2811 ς”,
1259 2731 1326 2810 ὅπερ
1355 2729 1422 2808 ἔχει,
1444 2729 1550 2806 αδοηὴ

250 2853 320 2929 μονὴ
344 2851 399 2912 ἀπδ
420 2855 467 2912 τοῦ
489 2850 697 2931 Καθαροψωμᾶ.
722 2853 814 2932 ἕτερον
837 2856 882 2912 τοῦ
898 2849 1015 2912 Σκυνέου
1038 2851 1052 2912 δ
1075 2852 1166 2930 λαχδς
1189 2849 1242 2912 ἀπδ
1265 2853 1314 2927 τὴν
1336 2853 1413 2912 οισίτω
1436 2855 1551 2933 στράταν

250 2970 297 3034 καὶ
323 2972 465 3048 ἀναβαίνει
493 2971 538 3032 σδν
559 2976 605 3032 τοῦ
629 2972 722 3053 ἑτέρου
748 2973 839 3051 λαχοδ
865 2977 911 3033 τοῦ
936 2973 1157 3054 ίίροοιιεραλίτου
1180 2975 1264 3054 μέχρι
1285 2979 1335 3051 τῆς
1358 2975 1414 3034 ἅνω
1437 2977 1552 3055 στράτας

250 3097 305 3168 ἕως
326 3099 372 3156 τοῦ
394 3094 533 3176 χωραφίου
554 3099 601 3156 τοῦ
616 3093 755 3174 Δρεπάνου
777 3096 807 3154 τδ
830 3093 947 3171 πλησίον
969 3093 1016 3156 νιαί
1038 3096 1167 3174 σύνεγγυς
1185 3095 1324 3175 χωραφίαυ
1339 3100 1385 3156 τοῦ
1400 3097 1552 3176 Ζυγοτέρου

250 3217 352 3294 μοδίων
375 3216 410 3280 δ’.
440 3219 532 3298 ἕτερον
554 3217 586 3275 τδ
608 3212 680 3276 πατὰ
702 3215 840 3289 ἀνατολὰς
862 3220 908 3277 τοῦ
932 3213 1012 3278 αδτοῦ
1035 3216 1173 3298 χωραρίου
1196 3215 1290 3293 μοδίου
1313 3217 1350 3280 α’.
1375 3219 1469 3298 ἕτερον
1492 3239 1551 3296 χω-

250 3341 343 3420 ροίφιον
371 3336 411 3410 είς
436 3339 483 3397 τδν
505 3338 714 3419 Χοιρδνιλαιυιον
736 3339 766 3397 τδ
789 3337 842 3398 ἀπδ
864 3341 910 3398 τοῦ
933 3337 1080 3416 Ἀληίινοΰ
1103 3338 1198 3414 μοδίου
1220 3337 1271 3414 ς”.
1300 3341 1392 3420 ἕτερον
1414 3343 1551 3422 χωροίριον

249 3459 280 3520 τδ
302 3459 475 3535 καλούμενον
504 3463 550 3520 τοῦ
573 3460 664 3540 Κρδου
694 3460 822 3539 δλοιχδς
845 3461 949 3522 ἀνωθεν
979 3467 1029 3538 τῆς
1051 3461 1233 3542 διερχομένης
1254 3461 1318 3524 ὁδοῦ
1341 3463 1394 3524 ἀπδ
1416 3467 1463 3524 τοῦ
1486 3463 1552 3522 ὅλου

250 3583 341 3660 λαχοῦ
363 3581 450 3662 τρίτον
473 3581 568 3658 μοδίου
584 3581 620 3645 α’.
646 3583 738 3664 ἕτερον
762 3581 801 3654 εἰς
823 3585 854 3644 τδ
870 3583 972 3644 ἁλῶνιν
987 3589 1034 3645 τοῦ
1050 3583 1168 3658 Μεταξᾶ
1182 3586 1213 3645 τδ
1230 3585 1278 3646 ἀπ’
1295 3585 1373 3646 αδτοίι
1390 3583 1486 3660 μοδίου
1500 3583 1551 3658 ς”.

250 3705 342 3783 ἕτερον
365 3704 396 3764 τδ
418 3703 548 3764 ἀποπέτου
568 3708 622 3764 τῶν
644 3709 751 3784 πετρῶν
772 3707 803 3766 τδ
825 3705 998 3783 καλούμενον
1019 3712 1069 3784 τῆς
1086 3708 1196 3787 Δέρνης
1219 3705 1314 3783 μοδίου
1330 3707 1367 3786 α’,
1390 3707 1421 3766 τδ
1438 3707 1552 3766 ἀπδτοῦ

253 3823 394 3904 ίίετρίτζη.
420 3827 500 3905 ἔτερα
522 3829 568 3888 τοῦ
584 3825 678 3886 Κισίου
700 3830 746 3886 τοῦ
763 3827 879 3888 ’ίσαιιίου
892 3826 931 3911 (ί)
954 3828 1000 3888 σδν
1022 3833 1068 3890 τοῦ
1090 3829 1267 3890 ἀποαάτωθεν
1290 3829 1468 3908 οτρογγυλοῦ,
1492 3830 1552 3888 ὅσον

250 3943 297 4008 καὶ
320 3940 375 4006 οἷον
399 3945 478 4009 ἐστιν.
507 3947 599 4026 ἕτερον
621 3952 672 4024 της
697 3947 760 4008 ὁδοῦ
787 3951 910 4010 κάτωθεν
938 3954 987 4026 τῆς
1015 3951 1096 4028 ἁγίας
1118 3949 1237 4032 Εἰρήνης
1259 3951 1290 4011 τδ
1312 3949 1485 4026 ηαλοίιμενον
1507 3953 1551 4010 τοῦ

252 4065 377 4128 Φονίσνια
399 4069 430 4128 τδ
453 4067 506 4128 ἀπδ
529 4071 574 4128 τοῦ
590 4068 723 4150 Πετρίτζη
746 4070 841 4147 μοδίου
857 4070 892 4133 α’.
923 4074 1015 4153 ἕτερον
1036 4073 1068 4132 τδ
1087 4071 1140 4133 ἀπδ
1154 4077 1200 4134 τοῦ
1217 4071 1355 4154 Προέδρου
1372 4069 1412 4144 είς
1426 4071 1457 4130 ιδ
1471 4073 1551 4147 Σαμ-

250 4191 336 4249 παίτον
359 4189 456 4266 μοδίου
477 4187 515 4252 α’.
555 4193 636 4272 ἕτερα
657 4191 692 4252 τά
713 4190 857 4270 λεγόμενα
877 4197 932 4252 τῶν
954 4193 1141 4254 Κωλιιιανιίων
1164 4194 1217 4254 ἀπδ
1239 4195 1270 4256 τδ
1293 4193 1446 4274 στρογγυλδ
1468 4195 1552 4272 μέχρι

252 4306 376 4370 καὶτῶν
399 4309 541 4372 δυσκόλων
563 4313 594 4371 τδ
616 4311 688 4372 ναπά
711 4311 850 4386 ἀνατολὰς
871 4313 918 4374 ιιαί
940 4314 993 4376 ἀπδ
1015 4321 1065 4392 νῆς
1087 4315 1161 4396 ὁδοῦ,
1185 4317 1235 4376 ὅσα
1257 4313 1305 4375 καί
1329 4309 1373 4376 σία
1389 4313 1464 4376 εἰσιν.
1489 4316 1550 4374 έπε-

252 4450 298 4510 ρον
320 4433 459 4512 χωροίφιον
481 4438 531 4509 τῆς
552 4429 672 4519 Βίδ[ης]
695 4433 725 4494 τδ
747 4432 864 4511 πλησίον
886 4439 933 4496 τοῦ
948 4435 1088 4517 Δρεπάνου
1110 4439 1157 4500 τοῦ
1180 4436 1319 4518 χωραφίου
1341 4437 1443 4512 μοδίων
1467 4435 1549 4513 δ’ς”.

251 4551 354 4633 ἁρμιίκι
376 4559 428 4613 τῶν
451 4555 582 4636 Καρικῶν
605 4555 650 4615 σδν
672 4558 718 4616 τοῦ
740 4555 927 4632 λανκιίιματος
950 4561 996 4618 τοῦ
1019 4556 1158 4638 Καγονίου
1186 4557 1233 4619 ιιοιί
1261 4565 1308 4620 τοῦ
1329 4559 1476 4639 δψιδματος
1500 4563 1551 4632 ἕως

253 4669 310 4732 οίνω
332 4674 363 4733 τδ
386 4675 457 4735 κατὰ
480 4675 592 4755 δυσμάς,
616 4679 678 4736 δσον
701 4676 747 4737 ναί
771 4672 827 4739 οίδν
852 4679 930 4740 ἐστιν.
956 4683 1047 4761 ἕτερον
1070 4683 1100 4740 τδ
1124 4683 1246 4742 ιιοίτωθεν
1268 4683 1361 4744 τούτου
1384 4685 1413 4744 ιδ
1436 4682 1482 4742 καί
1498 4705 1550 4743 οια-
