3486 5282
1350 363 1413 429 219

113 547 206 626 γαλης
231 551 394 632 ἐκκλησίας,
417 553 463 614 καί
488 553 570 632 ἐθάθη
587 552 627 628 εἰς
641 557 672 616 τθ
687 555 769 638 ῥηθὲν
785 555 856 638 ίερθν
872 556 1007 637 ἡμέτερον
1021 558 1217 637 πατριαρχικθν
1233 557 1281 618 καί
1296 579 1413 640 σταυρο-

112 675 251 750 ,τηγιακον
275 677 452 756 μσνασιηριον
474 681 520 738 τοῦ
543 677 620 755 άγίου
644 676 754 752 ἐνδόξου
778 651 1024 759 μεγαλομάρτυρος
1039 677 1176 758 Γειυργίου
1191 675 1229 756 τῷ
1246 680 1275 740 ἐν
1289 687 1323 762 τῇ
1339 683 1413 760 νήσῳ

113 795 278 874 Ἀντιγόνου.
325 797 358 858 ἐν
381 799 448 858 ἔτει
472 799 585 880 ,σψῑιθ
608 796 692 862 κατὰ
719 807 807 878 μῆνα
834 800 1023 882 ίανουάριον
1054 803 1283 878 ἐπινεμήσεως
1313 799 1363 886 ι’ί)
1387 806 1412 890 †·

214 919 426 999 γΝεάρυτος,
444 921 619 1002 ἐλέῳθεοῦ
634 919 1311 1004 άρχιεπίσκοποςΚωνσταντινουπόλεως,
1323 925 1413 997 Νέας

113 1039 257 1121 Ῥώμης,
280 1041 336 1102 καί
359 1042 595 1120 οίκουμενικος
617 1050 830 1128 πατριάρχης
852 1053 878 1124 †.

111 1162 358 1243 ηίίαιααρείας
381 1166 606 1247 Γρηγάριοςί.
792 1171 960 1250 ’[Ἐφέσου
983 1169 1145 1246 Σαμθθθλ
1159 1173 1184 1246 ί·

113 1287 126 1356 †
143 1285 358 1364 Ἡρακλείας
381 1288 590 1368 Μεθάθιοςη.

112 1411 125 1480 ί

112 1531 127 1599 ί

792 1289 969 1369 γΚυζίκου
992 1291 1152 1370 Ἀγάπιος
1166 1294 1191 1367 †.

141 1405 166 1464 Ν
174 1427 280 1483 ικομη
287 1407 381 1481 θείας
404 1409 635 1488 Ἀθανάσιοςγ.
792 1413 1044 1491 ίΧαλκηθθνος
1068 1413 1233 1492 Ὶερόθεσς
1248 1417 1273 1490 †.

792 1539 808 1612 †

141 1527 280 1610 Λάρκιον
304 1529 490 1608 Ἀνανίαςί.
823 1534 939 1614 Ἀρτης
961 1536 1134 1615 Μακάριος
1149 1540 1174 1612 η.

367 1876 444 1942 XII.
469 1877 694 1965 7306-1798,
718 1903 828 1946 mense
851 1880 1025 1963 februario,
1049 1880 1162 1946 ind.1.

135 2057 305 2113 Patrios-cha
324 2059 473 2131 (ἐπιρραπίσαι
495 2061 523 2116 V.
540 2062 680 2131 confimat
696 2065 747 2131 jus
762 2064 989 2134 ειιιιινορερίοιιηι,
1015 2065 1078 2116 iura
1094 2069 1117 2116 εί
1129 2063 1279 2134 μνίυάιρία
1295 2069 1320 2116 εί
1330 2080 1394 2132 μοι·

514 2211 519 2222 .
610 2168 738 2222 cessiones
755 2169 919 2222 monasterii.

220 2390 240 2461 †
268 2386 464 2467 Γρηγόριος,
499 2387 586 2466 ἐλέῳ
620 2388 695 2480 θεοῦ
729 2388 992 2468 ἀρχιεπίσκοπος
1021 2388 1415 2466 Κωνσταντινουπθλεως,

117 2506 204 2578 Νέας
231 2509 370 2587 Ῥώμης,
393 2507 448 2570 καὶ
471 2508 708 2586 οίκουμενικθς
729 2513 943 2591 πατριάρχης
965 2515 991 2587 †.

222 2635 240 2706 †
262 2627 338 2690 Ὅσα
366 2631 416 2706 μέν
443 2631 514 2692 κατὰ
540 2631 602 2704 τοὺς
629 2631 717 2703 θείους
746 2633 862 2708 θεσμοὺς
888 2631 935 2692 καί
957 2632 1018 2704 τοθς
1042 2632 1129 2713 ίεροίις
1152 2631 1348 2704 άποστολικοίις
1370 2631 1417 2692 καὶ

120 2751 276 2824 συνσθικοίις
297 2754 416 2825 κανόνας
437 2756 567 2832 τυγχάνει
589 2752 841 2834 θιακυβερνάιμενα,
864 2754 976 2829 πολλὴν
1000 2755 1092 2832 ἔχουσι
1106 2755 1155 2829 τὴν
1170 2756 1249 2834 χάριν
1265 2753 1338 2834 παρὰ
1354 2755 1417 2814 θεοῦ

121 2871 164 2932 καί
185 2875 218 2934 τ“ο
241 2873 328 2944 κλέος
350 2877 491 2954 μέγιστον·
517 2877 568 2936 θσα
592 2875 623 2936 θέ
645 2875 795 2936 τούναντίον
817 2875 980 2957 παραβαίνει
1001 2883 1056 2936 τῶν
1078 2877 1148 2956 θριιιν
1169 2877 1364 2956 ἐκτρεπόμενα,
1388 2877 1417 2936 ἐν

122 2997 223 3069 τούτοις
244 2998 385 3077 προφανὴς
406 2999 424 3073 ἡ
447 2997 566 3073 ἀκοσμία
588 2996 634 3058 καί
658 2998 817 3073 κατάδηλος
839 3000 857 3074 ἡ
880 2999 966 3080 ρθορὰ
988 2997 1033 3059 καί
1055 2997 1099 3058 ἐπί
1120 3003 1199 3060 πᾶσιν
1219 3001 1306 3073 ἡτῶν
1321 3002 1417 3076 ψυχῶν

122 3116 255 3179 ἀπώλεια.
303 3117 328 3180 εί
350 3121 414 3200 γάρ,
436 3120 560 3200 καθάπερ
583 3118 691 3199 οἱπερὶ
713 3125 768 3179 τῶν
790 3121 968 3182 καθ’ἐκαστα
991 3122 1146 3196 ἐκκλησιῶν
1169 3121 1257 3198 νόμοι,
1281 3120 1348 3180 οθτυι
1371 3119 1417 3180 καί

123 3237 146 3297 οἱ
165 3240 228 3320 περί
249 3247 304 3300 τῶν
326 3247 569 3319 σταυροπηγιακῶν
592 3241 776 3322 μονασιηρίων
799 3241 852 3302 τῶν
875 3244 925 3302 θπθ
946 3241 985 3321 τῷ
1007 3243 1070 3302 καθ’
1083 3244 1158 3317 ἡμᾶς
1182 3240 1355 3320 ἀποστολικῷ
1370 3240 1417 3302 καί
1469 3215 1471 3220 ¹

126 3359 301 3441 οἰκουμενικῷ
332 3364 419 3442 θρόνῳ
446 3359 646 3442 ἀπαράτρεπτοι
669 3363 879 3442 διαφυλάττοντα
901 3361 948 3424 καὶ
970 3369 1019 3438 τῆς
1041 3363 1112 3424 κατὰ
1134 3364 1233 3440 νόμους
1257 3363 1418 3439 ἐπιμελείας

126 3482 169 3542 καὶ
190 3484 357 3564 προστασίας
378 3481 493 3544 κάκεῖνα
515 3482 637 3560 ἠξιοῦντο
660 3485 735 3565 παρὰ
756 3492 810 3546 τῶν
833 3485 876 3546 ἀεὶ
897 3489 1160 3568 πατριαρχευάντυιν,
1184 3487 1234 3546 οίικ
1256 3489 1288 3544 άν
1303 3491 1418 3546 τοσαῦτα

126 3603 169 3664 καὶ
195 3608 348 3680 τηλικαῦτα
373 3607 407 3666 τίι
434 3607 510 3668 δεινὰ
536 3609 593 3680 τοῖς
617 3607 805 3688 μοναστηρίοις
832 3608 1001 3684 συνέβαινεν·
1034 3605 1102 3668 ἀλλ’
1116 3607 1210 3684 ἐπειδὴ
1234 3610 1283 3668 οίικ
1304 3607 1418 3684 οἴδαμεν

127 3727 194 3800 ὅπως
218 3735 271 3790 τῶν
294 3727 374 3808 ἱερῶν
396 3730 637 3810 παρημελημένων
660 3731 751 3806 νόμων
773 3729 813 3800 εἰς
836 3731 965 3806 τοσαθιην
987 3731 1127 3810 προῆλθον
1151 3731 1349 3791 σίκαταστασίαν
1371 3729 1419 3790 καὶ

129 3849 249 3926 ἐλεεινὴν
277 3850 418 3912 ἀπώλειαν
440 3850 474 3912 τὰ
497 3851 557 3932 ίερθι
578 3855 661 3912 ταῦτα
683 3845 857 3934 καταγώγια,
887 3853 933 3912 διὰ
953 3857 1037 3914 ταῦτα
1061 3853 1137 3925 εθθθς
1160 3853 1331 3932 άνειληρθσιν
1353 3853 1418 3926 ἡμῖν

128 3971 183 4044 τσίις
205 3972 304 4045 οἴακας
326 3977 372 4034 τοῦ
394 3973 542 4052 παγκοίνου
564 3971 666 4034 τουτουὶ
688 3975 815 4053 σκάρους,
840 3970 919 4047 ἔδοξε
942 3976 1011 4055 πρθς
1030 3977 1086 4045 τοῖς
1102 3974 1202 4048 σίλλοις
1216 3972 1262 4034 καὶ
1277 3969 1310 4033 τὰ
1325 3993 1418 4054 παρη-

129 4095 271 4172 μελημένα
299 4093 366 4156 αθτθι
394 4096 479 4174 εθαγίι
503 4097 670 4174 μοναστηρια
693 4096 900 4174 διορθώσασθαι,
931 4097 1049 4176 άρορῶσι
1071 4097 1139 4176 προς
1160 4098 1191 4156 σθ
1214 4095 1325 4156 ἐκείνων
1348 4117 1419 4170 συμ-

130 4217 212 4298 ρέρον,
243 4219 282 4290 ὡς
305 4217 380 4292 μέλη
402 4219 503 4296 γνήσια
526 4217 589 4276 ὄντα
610 4223 660 4292 τῆς
682 4217 744 4278 καθ’
758 4219 833 4294 ἡμᾶς
856 4217 937 4296 ἁγίας
959 4223 1005 4278 τοῦ
1020 4219 1135 4296 Χριστοῦ
1158 4219 1288 4295 μεγάλης
1311 4217 1419 4292 ἐκκλη-

131 4337 183 4412 σίας
209 4338 256 4400 καί
282 4338 321 4420 τῷ
348 4319 577 4418 σταυροπηγιακῷ
604 4337 650 4400 καί
677 4339 865 4420 πατριαρχικῷ
894 4339 1033 4420 προνομίῳ
1062 4341 1239 4416 τετιμημένα,
1270 4339 1368 4412 ἄλλως
1389 4360 1419 4398 τε

132 4459 187 4520 οῐιθὲ
208 4463 317 4534 καινοῦς
338 4481 413 4534 τινας
436 4461 480 4540 ἀρ’
494 4462 595 4520 ἑαυτῶν
618 4463 716 4537 νόμους
738 4463 865 4542 ρέρομεν,
898 4461 965 4522 ἀλλ’
978 4461 1108 4542 ἀρχαίους
1130 4463 1186 4534 τοῖς
1210 4461 1419 4538 ἐνασκουμένοις

230 4725 249 4787 ¹)
268 4721 360 4773 Editio
380 4723 443 4772 Οεσ.
463 4720 495 4772 α’.
515 4721 604 4773 Error.
