3246 5288
211 265 276 331 408

211 458 320 542 γητωί)
350 462 417 541 πρὸς
446 461 512 520 θέαν
541 465 591 537 τῆς
620 463 813 532 καταστάσεως
843 465 936 542 σίντης,
967 457 1017 524 εἶθ’
1034 463 1119 534 οὔτως
1142 464 1369 544 ἀναγινωσκέσθω
1391 466 1543 524 ἐνώπιον

212 576 346 666 [αίιτοῖι]ἳ)
362 584 380 656 ἠ
396 586 518 662 παροῦσα
534 579 665 663 διάταξις,
687 581 735 643 καὶ
758 581 786 642 εί
804 604 838 663 γε
861 584 895 661 δὴ
918 584 1044 662 ἀρεσθείη
1067 589 1134 645 πάσι
1156 588 1213 658 τοῖς
1235 586 1265 646 έν
1289 587 1356 668 αὐτη
1377 607 1542 666 γεγραμ-

212 705 315 783 μένοις,
345 703 491 786 γινέσθωί)
522 705 574 780 μέν
603 705 678 784 παρὰ
706 710 752 766 τοῦ
783 705 879 786 ἱερέως
909 705 964 780 ἔξω
994 708 1009 766 ό
1040 706 1200 787 εὐλογητὸς,
1231 710 1271 780 ὡς
1301 709 1413 789 ἔφημεν,
1448 710 1543 784 μετὰ

212 825 358 906 τρισαγίου,
390 827 419 886 ἐν
440 832 474 909 τῇ
498 826 634 910 ἐκκλησίᾳ
657 827 688 888 δὲ
710 828 927 904 ὑποκλιναμένου
950 829 1029 890 αίιτοῦ
1053 829 1195 890 ἑπιδιδότω
1217 831 1267 906 τὴν
1291 829 1361 890 ἰδίαν
1382 831 1540 910 κεφαλὴν

212 949 251 1028 τῷ
270 946 419 1028 προεστῶτι
442 948 671 1030 ἀπερικαλυπτον,
695 950 774 1022 αὺτός
797 949 828 1010 δὲ
850 949 889 1028 τῷ
911 951 992 1030 τιμίῳ
1014 952 1111 1027 ταύτην
1135 951 1288 1031 σρραγίζων
1311 951 1415 1032 σταυρῷ
1445 953 1539 1012 οὕτω

212 1091 272 1142 πως
295 1069 423 1146 εὐλαβῶς
444 1070 538 1149 λέγει·
571 1072 609 1150 ,,η
631 1073 713 1152 χάρις
734 1076 781 1132 τοῦ
803 1073 936 1153 παναγίου
958 1073 1120 1152 πνεύματος,
1150 1071 1263 1152 ἀδελφέ,
1293 1073 1329 1133 δι’
1345 1075 1434 1152 εάχῶν
1466 1079 1536 1132 τῶν

212 1193 338 1272 πατέρων
364 1192 444 1266 ἡμῶν
467 1186 526 1272 δῴη
549 1213 591 1252 σοι
614 1191 726 1267 δύναμιν
748 1191 795 1252 καὶ
819 1190 894 1272 ἰσχίον
916 1193 1014 1265 καλῶς
1035 1193 1210 1253 τετελεκέναι
1231 1192 1278 1253 καὶ
1302 1195 1461 1275 θεαρέστως
1490 1197 1533 1270 ἣν

214 1315 318 1390 ἔλαβες
333 1314 432 1393 ἀρχην,
456 1311 495 1386 είς
511 1312 659 1390 οἰκοδομὴν
674 1311 721 1374 καί
735 1315 869 1396 σωτηρίαν
891 1319 940 1390 τῆς
962 1320 1012 1391 σῆς
1035 1319 1126 1394 ψυχῆς
1148 1313 1195 1375 καί
1218 1315 1386 1394 ῶφέλειανίί.
1418 1316 1533 1376 ἔπειτα

213 1437 259 1496 τὀν
276 1435 304 1494 έν
319 1433 403 1517 κυρίῳ
423 1435 493 1496 δότω
516 1435 587 1515 αίιτῷ
611 1436 754 1512 ἀσπασμόν
776 1436 822 1497 καὶ
845 1434 966 1513 καθεξῆς
988 1437 1090 1513 ὁμοίως
1113 1437 1139 1498 οἱ
1161 1435 1276 1516 ἀδελφοί
1298 1439 1409 1517 πάντες,
1432 1431 1531 1508 οὗτος

215 1555 246 1618 δὲ
269 1555 378 1617 ποιείτω
402 1560 547 1632 μετάνοιαν
569 1563 602 1639 τῇ
625 1557 790 1637 ἀδελφότητι
812 1559 920 1638 λέγων·
945 1556 1082 1639 ,εὔξασθέ
1105 1580 1161 1638 μοι,
1183 1561 1302 1640 πατέρες
1321 1557 1369 1618 καί
1385 1558 1528 1639 ἀδελφοί,

214 1679 258 1738 ’ίνα
281 1699 326 1754 μοι
350 1673 407 1758 δῴη
424 1679 438 1738 ό
454 1679 517 1750 θεός
531 1679 682 1754 θπομονην·
709 1676 764 1740 ίδοίι
787 1679 841 1760 γὰρ
865 1679 970 1754 ἔβαλον
993 1679 1081 1761 ἀρχὴν
1105 1679 1134 1740 έν
1156 1687 1189 1763 τῇ
1213 1681 1279 1762 ἁγίᾳ
1301 1682 1385 1761 ταίιη
1408 1682 1526 1761 μονῇίῖ.

214 1799 261 1861 καί
290 1806 344 1860 τῶν
374 1795 502 1879 ἀδελφῶν
532 1801 766 1881 ἀποκρινομένων·
799 1795 877 1881 ,δῴη
907 1821 948 1860 σοι
972 1803 986 1860 ό
1009 1803 1073 1874 θεός
1102 1802 1240 1878 ὑπομονὴν
1272 1802 1301 1862 ἐν
1331 1801 1412 1863 παντὶ
1438 1803 1525 1883 ἔργῳ

215 1921 342 2002 ἀγαθῲίί.
389 1920 436 1982 καὶ
465 1923 535 1982 οίιτω
565 1921 815 2002 συγκαταλεγέσθω
844 1929 877 2004 τῇ
909 1923 1083 2002 ἀδελφότητι.
1129 1917 1188 1982 εἶτα
1215 1920 1298 1996 δόξαν
1321 1924 1373 1998 μὲν
1395 1922 1433 2001 τῷ
1456 1923 1524 2000 θεῷ

216 2041 390 2126 ἀναφερέσθω
419 2043 466 2104 καί
496 2041 626 2117 ἀπόλυσις
655 2045 772 2124 γινέσθω
802 2049 852 2121 τῆς
874 2046 1004 2120 συνήθους
1026 2044 1184 2122 λεγομένης
1207 2046 1305 2134 εἰιγῆς·
1339 2046 1436 2117 ἄλλως
1458 2045 1523 2124 γὰρ

216 2168 247 2227 οίι
271 2166 530 2246 συναριθμηθησεταί
559 2187 600 2239 τις
628 2169 685 2239 τοῖς
714 2173 763 2245 τῆς
785 2167 848 2227 καθ’
864 2167 940 2242 ἡμᾶς
962 2167 1102 2246 ἀδελφοῖς,
1134 2164 1158 2226 εί
1181 2167 1220 2243 μὴ
1244 2167 1289 2227 σίνν
1311 2173 1345 2248 τῇ
1370 2165 1521 2248 ἐξαγορίᾳ,

215 2286 263 2348 καί
284 2290 302 2364 η
324 2293 448 2368 παροῦσα
470 2288 619 2349 ἀκολουθία
642 2289 866 2369 ἀπαραλλάκτως
888 2288 987 2370 προβῇ.

320 2407 364 2469 ιδ’.
389 2411 494 2492 Καιρός
517 2410 542 2469 δ’
555 2413 587 2469 ἀν
610 2409 652 2486 εἴη
675 2410 773 2470 λοιπόν
795 2408 842 2470 καί
864 2411 1001 2490 τραπέζης
1024 2410 1220 2486 ἐπιμνησθῆναι
1240 2408 1288 2470 καί
1310 2410 1443 2489 βρώσεως
1464 2409 1519 2469 καὶ

214 2538 268 2591 τῶν
283 2533 401 2612 λοιπῶν,
424 2534 527 2613 ὅσαπερ
541 2533 590 2607 τὴν
607 2532 728 2592 σύστασιν
742 2529 782 2610 τῷ
805 2533 910 2607 σώματι
932 2534 1070 2613 συντηρεῖν
1085 2533 1216 2611 πέφυκεν·
1240 2534 1331 2610 ῶσπερ
1354 2531 1408 2611 γάρ
1430 2533 1518 2605 ἡμεῖς

215 2655 248 2714 ἐκ
271 2653 317 2713 δὺο
340 2653 518 2733 συγκείμεθα,
548 2657 639 2732 ψυχῆς
661 2673 690 2712 τε
713 2653 791 2732 λέγω
814 2650 861 2713 καὶ
883 2655 1020 2733 σώματος,
1052 2653 1121 2714 οὕτω
1144 2653 1178 2728 δὴ
1201 2651 1305 2712 καὶτὰ
1334 2658 1386 2730 τῆς
1415 2659 1514 2728 μονῆς.

214 2774 261 2836 καί
289 2773 363 2853 ψυχὴ
394 2774 444 2851 μὲν
474 2773 588 2847 εἰκότως
611 2777 643 2833 ἀν
667 2775 749 2850 αάιῆς
777 2774 913 2850 νομίζοιτο
934 2777 953 2849 ἡ
977 2773 1006 2833 ἐν
1028 2773 1206 2854 ψαλμῳδίαις
1235 2776 1336 2846 πάσαις
1358 2775 1517 2854 θεοπρεπὴς

214 2896 374 2979 ἀκολουθία,
405 2902 485 2972 σῶμα
514 2895 546 2956 δέ
577 2897 643 2972 αίιτη
672 2917 703 2956 τε
725 2897 743 2972 ἡ
767 2897 837 2972 μονὴ
868 2893 914 2956 καὶ
944 2899 995 2956 ὅσα
1024 2899 1081 2969 τοῖς
1110 2897 1189 2972 ἡμῶν
1215 2896 1356 2956 λυσιτελεῖ
1378 2890 1515 2972 σώμασιν.

216 3018 275 3080 ἐπεί
303 3017 389 3080 τοίνυν
420 3018 573 3099 ἀρκοόντως
603 3017 656 3096 ἤδη
680 3018 728 3078 σὺν
750 3016 806 3097 θεῷ
827 3016 890 3098 περὶ
912 3023 961 3094 τῆς
983 3021 1073 3096 ψυχῆς
1096 3017 1226 3097 εἴπωμεν,
1258 3019 1361 3097 πρέπον
1386 3016 1444 3078 έστί
1466 3017 1517 3077 καὶ

213 3139 275 3221 περὶ
304 3145 357 3201 τῶν
386 3139 424 3220 τῷ
455 3141 559 3215 σώματι
587 3139 687 3217 ταότης
717 3139 898 3220 διαφερόντως
928 3137 1023 3218 εἰπεῖν,
1054 3141 1104 3214 τήν
1133 3159 1164 3198 τε
1193 3143 1247 3197 τῶν
1276 3144 1380 3219 τροφῶν
1410 3137 1516 3199 δίαιταν

216 3263 434 3324 διατυπῶσασθαι
456 3260 503 3322 καί
529 3261 563 3322 τά
593 3258 681 3342 ἀλλα,
705 3264 757 3322 όσα
779 3262 828 3337 τὴν
850 3267 900 3337 τῆς
923 3267 1009 3337 μονῆς
1032 3261 1154 3320 σίστασιν
1177 3261 1370 3340 διαρκεστὲραν
1394 3261 1515 3338 ἐπιμνη-

215 3385 363 3465 στείιονται,
393 3384 584 3466 ἀκριβέστερον
615 3384 742 3444 ἐκθέσθαι
771 3383 843 3463 ὑμῖν,
875 3376 913 3442 ὧν
944 3383 994 3443 οὒκ
1024 3382 1138 3442 ἔλαττον
1169 3382 1314 3463 φροντίζειν
1345 3381 1439 3460 χρεὼν
1469 3383 1516 3441 τδν

217 3503 378 3578 αίιξάνεσθαι
408 3505 525 3566 θέλοντα
554 3503 637 3587 τηνί)
668 3509 714 3566 τοῦ
744 3504 879 3580 κοινοβίου
906 3506 1079 3566 κατάστασιν.
1124 3504 1251 3584 λεγέσθω
1278 3503 1364 3563 τοίνυν
1386 3501 1436 3564 καί
1458 3507 1516 3576 τοῖς
1620 3567 1621 3580 ,

175 3631 179 3638 ’
218 3627 295 3704 ἐμοῖς
316 3629 432 3708 πατράσι
454 3625 501 3686 καί
523 3625 655 3706 ἀδελφοῖς
678 3624 790 3697 εἰκότως
812 3625 1010 3708 παραδεδόσθω
1034 3625 1105 3702 μετά
1127 3626 1176 3700 τὴν
1198 3631 1248 3702 τῆς
1271 3625 1346 3705 ῖεράς
1368 3622 1416 3684 καί
1439 3625 1515 3696 θείας

216 3747 410 3830 μυσταγωγίας
432 3747 572 3828 ἀπόλυσιν,
598 3749 706 3808 πάντων
728 3751 775 3808 τοῦ
796 3751 862 3808 ναοῦ
890 3745 1080 3827 ἐξερχομένων
1103 3745 1151 3807 καὶ
1173 3743 1212 3826 τῷ
1234 3747 1339 3827 νάρθηκ
1372 3748 1515 3825 συγκαθη-
1620 3829 1621 3838 ¹

216 3875 317 3952 μένων,
340 3871 463 3952 κροόεται
487 3870 537 3946 μὲν
559 3871 589 3930 τό
611 3871 781 3950 τραπεζικόν,
805 3871 843 3942 ὡς
866 3869 987 3950 σύνηθες,
1010 3867 1158 3944 σύμβολον.
1190 3867 1251 3928 όδέ
1274 3888 1309 3946 γε
1331 3865 1514 3948 ἱερουργήσας

215 3995 305 4076 ἱερεὺς
334 3994 419 4064 ἑστὼς
448 3997 501 4052 τῶν
526 4041 533 4054 .
559 4038 565 4051 .
591 3989 632 4074 st)
655 3993 883 4068 συντετμημένοις
904 3993 961 4063 τοῖς
984 3990 1111 4070 ῥήμασιν,
1144 3987 1167 4050 εί
1191 3988 1222 4049 δέ
1244 4009 1284 4061 τις
1307 3987 1350 4065 εῖη
1373 3990 1514 4069 ταράττων

216 4117 459 4197 ηταραττόμενος,
481 4114 602 4195 θορυβῶν
621 4133 652 4174 τε
674 4111 722 4173 καὶ
743 4111 942 4193 θορυβούμενος
963 4112 1012 4188 τἠν
1035 4111 1184 4191 ἀνάγνωσίν
1207 4131 1237 4170 τε
1261 4111 1386 4189 συγχέων
1412 4109 1445 4170 ἐκ
1466 4116 1513 4188 τῆς
1620 4109 1621 4164 3

217 4237 329 4318 ἀκαίρου
358 4237 406 4296 καί
435 4238 572 4318 ἀπρεποῦς
601 4235 727 4316 όμιλίας,
757 4235 981 4313 κατασιγαζέσθω
1010 4234 1084 4314 παρὰ
1114 4237 1160 4294 τοῦ
1189 4231 1375 4314 τραπεζαρίου.
1424 4230 1448 4290 εί
1478 4232 1512 4311 δ’,

216 4413 423 4423 ———-—-

323 4522 541 4594 1)διατιιγίτωλ].
611 4522 635 4587 ²)
654 4521 850 4589 supplevimus.
922 4521 944 4586 ³)
963 4515 1113 4588 ἀναγινέσθω
1125 4519 1157 4570 E.
1228 4519 1250 4584 ί)
1270 4515 1298 4568 τὸ
1317 4513 1446 4576 αίιξάνεσθε
1464 4515 1510 4570 θελ.
1620 4479 1621 4514 ³

218 4620 257 4672 καὶ
276 4623 318 4672 τοῦ
337 4638 395 4672 κοιν.
414 4621 445 4672 Ε.
518 4621 539 4685 ⁵)
559 4621 642 4671 Deest
658 4619 704 4669 hie
722 4620 751 4668 in
769 4617 826 4668 cod.
845 4615 949 4668 folium.
