3194 5298
866 884 937 960 VI.

464 1075 540 1149 Acta
563 1075 734 1148 monasterii
753 1075 854 1149 Sancti
874 1075 972 1149 Lucae
992 1075 1136 1150 Steriotae
1159 1077 1189 1149 in
1208 1077 1341 1150 Phocide.

549 1301 575 1364 Ι.
605 1299 829 1382 Ί119-1611,
852 1321 963 1366 menso
986 1302 1082 1386 maj0,
1105 1301 1170 1366 ind.
1195 1301 1254 1364 IX.

601 1590 726 1659 μεμίανται
742 1587 931 1658 αοινάινιιαίφιια
947 1591 1004 1656 ιμύν
1012 1590 1201 1658 possessiones.

278 1486 445 1540 Ραίτίατοίια
462 1485 617 1554 Νεορθμίιιο
633 1485 673 1537 II.
691 1459 821 1538 declar'at¹
833 1486 1023 1538 monasterium
1040 1484 1069 1538 S.
1087 1487 1178 1540 Lucae
1196 1484 1328 1540 δικαίοισι
1348 1503 1403 1539 εντα
1422 1491 1516 1538 τίσατο·

1580 1707 1581 1746 ί

361 1774 561 1854 φΝεθφυτος
577 1773 664 1852 ἐλέῳ
680 1775 755 1833 θεοῦ
771 1773 1034 1853 ἀρχιεπίσκοπος
1050 1775 1447 1855 Κωνσταντινουιτὸλεως,
1460 1773 1538 1844 Νέας

259 1899 398 1976 Ῥώμης,
422 1897 477 1956 καὶ
500 1895 735 1970 οἶκουμενικος
757 1899 966 1976 πατριάρχης
989 1901 1015 1972 †.

360 2025 376 2094 φ
400 2019 440 2078 Οῐι
463 2019 545 2094 μόνον
562 2015 638 2091 άξιόν
655 2018 724 2078 ἐστιν
742 2018 881 2098 ἐπικυροῦν
896 2017 944 2078 καὶ
958 2019 1102 2096 φυλάσσειν
1117 2018 1151 2078 τὰ
1166 2019 1273 2079 παλαιά
1288 2018 1476 2099 χρυσάβουλλα
1489 2024 1540 2076 τῶν

257 2139 388 2218 ἀοιδίμων
410 2143 490 2218 ἡμῶν
513 2140 649 2214 βασιλέων
665 2138 712 2198 καὶ
728 2138 870 2218 μακαρίων
886 2146 1062 2220 πατριαρχῶν
1078 2137 1242 2219 σιγιλλιώθη
1258 2143 1421 2221 γράμματα,
1443 2139 1539 2216 ὁμοίως

256 2264 303 2324 καὶ
324 2264 374 2335 τὰς
395 2263 497 2343 κρίσεις
519 2260 566 2322 καί
588 2261 736 2340 ἀποφάσεις
758 2261 806 2332 τὰς
829 2263 981 2339 γενομέναις
1005 2262 1033 2322 ἔν
1053 2283 1102 2320 τισι
1118 2265 1211 2333 τόποις
1233 2261 1279 2322 καὶ
1296 2263 1482 2342 μοναστηρίοις
1496 2259 1540 2319 καί

255 2391 309 2446 τῶν
335 2379 414 2466 θρίων
441 2383 541 2462 αὐτοῖς,
573 2383 660 2463 ὀρθῶς
688 2382 796 2458 δηλαδὴ
819 2383 866 2442 καὶ
890 2382 934 2442 ἐπὶ
956 2383 1080 2462 θεμελίῳ
1102 2389 1155 2444 τῶν
1178 2385 1304 2444 τοιούτων
1328 2385 1476 2458 βασιλικῶν
1496 2380 1539 2442 καὶ

256 2513 457 2588 πατριαρχιιιῶν
472 2506 686 2588 χρυσοβοίιλλων
701 2527 731 2565 τε
746 2504 794 2565 καί
808 2506 951 2585 σιγιλλίων
967 2509 1146 2586 γραμμάτων,
1163 2507 1300 2568 ἀλλὰκαὶ
1317 2508 1379 2580 τοὺς
1391 2509 1541 2574 ἀθετοῦντες

256 2626 303 2688 καὶ
324 2628 541 2710 παραβαίνοντας
563 2628 598 2686 τὰ
618 2633 728 2688 τοιαῦτα
750 2628 927 2708 ἀναντίρρητοι
943 2629 1139 2707 ἀποφοισιστικὰ
1154 2632 1305 2710 γράμματα
1319 2629 1366 2690 καί
1382 2630 1540 2704 θεσπίσματα
1580 2609 1581 2652 ί

255 2749 289 2809 τὰ
311 2755 400 2810 πᾶσαν
423 2751 618 2829 ἀμφισβήτησιν
640 2747 688 2809 καί
709 2751 794 2830 κρίσιν
816 2752 949 2826 τέμνοντα
972 2750 1076 2811 δίκαιον
1100 2752 1170 2812 ἐστιν
1194 2752 1408 2834 ἐκκλησιαστικῇ
1428 2752 1539 2812 καθιπτ-

257 2869 374 2946 βάλλειν
390 2872 510 2954 παιδείᾳ.
537 2870 596 2932 ἐπεὶ
612 2869 658 2931 οὖν
673 2876 782 2931 τοιαῦτα
796 2875 946 2951 γράμματα
962 2873 1076 2944 τελείως
1092 2873 1286 2952 ἀπσφασιοτικὰ
1300 2873 1540 2954 προσεκομίσθησαν

254 2992 302 3054 καί
325 2994 533 3072 ἐνεφανίσθησαν
555 3001 588 3075 τῇ
610 2995 688 3069 ἡμῶν
712 2995 863 3074 μετριότητι
886 2993 1107 3073 μεγαλοπρεπῶς
1123 2995 1281 3075 δωρούμενα
1297 2994 1343 3056 καὶ
1360 2995 1540 3075 εθεργετοῦντα

255 3123 289 3199 τῇ
311 3116 448 3200 σεβασμίφι
470 3115 532 3199 θείᾳ
553 3113 601 3175 καὶ
623 3116 684 3198 ἱερᾷ
707 3116 836 3197 βασιλικῇ
858 3115 905 3175 καὶ
927 3123 1108 3198 πατριαρχικῇ
1125 3123 1194 3195 μονῇ
1210 3122 1256 3176 τοῦ
1271 3116 1345 3177 ὁσίου
1360 3115 1408 3176 καὶ
1422 3117 1540 3194 θεοφόρου

254 3241 356 3320 πατρὸς
381 3240 461 3314 ἡμῶν
484 3239 578 3297 Λουκᾶ
599 3242 645 3296 τοῦ
669 3238 887 3312 ἐπικεκλημένου
911 3238 1063 3317 Στηριῶτου
1085 3241 1131 3297 τοῦ
1155 3239 1183 3296 ἐν
1206 3244 1239 3319 τῇ
1263 3239 1382 3320 ἐπαρχίᾳ
1405 3235 1539 3302 Διαυλείας
1580 3221 1581 3306 ί

255 3359 302 3420 καὶ
325 3359 479 3419 Ταλαντίου
501 3358 548 3418 καί
569 3361 718 3434 τιμήσαντο
748 3360 846 3434 ταύτην
868 3361 942 3442 πάσῃ
966 3359 1109 3440 ἐλευθερίᾳ
1131 3358 1177 3418 καί
1199 3361 1330 3419 παντελεῖ
1352 3359 1480 3441 ὰσυθοσίφι
1499 3353 1539 3416 καί

257 3479 402 3564 αὐτονομίᾳ
431 3478 478 3540 καί
507 3480 717 3561 αὺτοδεσπυτείφι
744 3479 791 3538 καὶ
819 3481 848 3540 ἐν
875 3484 931 3552 τοῖς
958 3481 1040 3560 ὁρίοις
1067 3474 1114 3539 καὶ
1142 3480 1280 3559 μετοχίοις
1302 3481 1348 3542 καὶ
1371 3479 1539 3555 ἑξωκλησίοις
1580 3453 1581 3456 ¹

255 3599 381 3673 καὶτοῖς
403 3602 511 3672 λοιποῖς
533 3602 680 3676 καθίσμασί
701 3623 731 3660 τε
754 3599 800 3660 καὶ
825 3602 974 3680 ἐνοριακοῖς
996 3603 1132 3673 παντοίοις
1154 3603 1271 3682 μελίοις,
1296 3605 1364 3682 ἅπερ
1388 3601 1438 3662 εἶσὶ
1452 3606 1537 3661 ταῶτα·

256 3728 361 3804 πρῶτον
385 3725 435 3797 μὲν
459 3724 473 3782 ὁ
497 3724 574 3801 άγιος
598 3721 754 3802 Θεόδωρος,
777 3724 795 3798 ἡ
821 3723 946 3801 Παναγία
970 3744 1021 3798 μου
1043 3725 1061 3797 ἡ
1085 3721 1346 3807 Καλαμιιῖντισσαί),
1369 3726 1400 3784 τ“ο
1424 3726 1537 3802 μετὰχιον

257 3844 297 3916 είς
326 3847 372 3904 τὀν
395 3844 540 3926 Αἰγιαλὸν,
572 3847 586 3903 ὁ
617 3848 694 3922 ἅγιος
718 3844 858 3915 Νικόλαος
887 3846 915 3934 ἐν
939 3847 1070 3924 Σπηρτοις
1094 3849 1175 3926 μέχρι
1198 3852 1243 3906 τοῦ
1267 3844 1386 3928 Ἄσπρου
1410 3845 1538 3921 Ὀστητίον

257 3967 372 4028 καὶτοῦ
395 3967 471 4044 άγιόυ
488 3966 623 4047 Γεωργίου
648 3966 686 4037 είς
709 3967 739 4026 το
756 3967 930 4046 Περιβόλιον,
954 3968 1046 4026 ἔπειτα
1071 3967 1101 4026 δὲ
1124 3969 1153 4025 το
1177 3967 1294 4026 άλῶνιον
1317 3967 1356 4039 εἰς
1370 3971 1418 4044 τὴν
1435 3967 1538 4039 Σκλιβι-

256 4089 356 4164 νίτζαν,
388 4090 402 4147 θ
431 4091 507 4166 ἅγιος
531 4087 640 4168 Ἠλίας,
673 4089 707 4146 τὰ
728 4091 845 4168 Ζευγνά,
878 4089 906 4147 ἐν
935 4083 974 4158 οἷς
998 4091 1113 4168 ὑπάρχει
1139 4091 1153 4146 ὁ
1182 4091 1259 4168 ἅγιος
1282 4090 1439 4162 Ἀθανάσιος
1464 4086 1537 4154 ulfi

258 4212 364 4292 βρθσις·
390 4212 460 4287 μετὰ
481 4215 562 4270 ταῦτα
586 4211 615 4270 ἐν
638 4213 693 4281 τοῖς
716 4214 790 4270 κάτω
815 4213 923 4290 μέρεσιν
946 4212 960 4268 ὁ
984 4211 1125 4283 βασιλικὸς
1149 4213 1245 4290 μύλος,
1268 4214 1285 4286 ἡ
1310 4205 1537 4289 Ἀλογοττιττημίῑίῦι

259 4331 299 4405 εἰς
324 4333 373 4408 τὴν
395 4335 509 4414 Σθενήν,
541 4333 555 4390 ὁ
579 4334 657 4412 άγιος
681 4333 896 4412 Παντελεημων,
929 4335 943 4391 ὁ
967 4335 1044 4411 ἅγιος
1067 4333 1176 4412 Ἠλίας,
1207 4336 1237 4392 τ“ο
1260 4335 1376 4414 Τρὺπιον
1402 4335 1499 4413 Λιθάρι,
1525 4326 1537 4382 ὃ

258 4458 377 4535 σχοῖνος,
400 4457 430 4514 τ“ο
447 4455 546 4534 Μακρίν
562 4455 669 4536 Λιθάρι,
692 4456 722 4513 τ“ο
739 4457 836 4534 Μαῶρο
853 4456 959 4534 Λιθάρι,
982 4456 1012 4513 τὸ
1025 4455 1208 4534 Ἀνατολικάν,
1225 4457 1242 4529 ἡ
1262 4457 1388 4536 Παναγία
1403 4458 1421 4532 ἡ
1434 4451 1537 4517 Πάνιτῖ.ίι

365 4715 383 4780 ¹)
402 4715 474 4780 Orig.
495 4711 684 4781 Καλαμιώτησοι.
