3486 5282
318 348 383 414 220

318 542 365 604 καί
387 545 533 625 γεραρούς·
556 544 606 618 τὴν
627 543 682 624 γάρ
704 548 758 602 τῶν
779 541 1012 617 ἐκκλησιαστικῶν
1026 543 1196 622 πραγμάτων
1210 540 1372 622 προστασίαν
1387 543 1443 612 τοῖς
1459 541 1619 612 ἐπισκόποις

318 666 503 747 ἐπιτρέπουσιν
526 665 551 725 οἱ
573 665 640 745 ἱεροί
662 666 741 741 νόμοι
762 635 811 724 καὶ
832 665 955 742 κανόνες,
978 664 1024 722 τὀν
1043 666 1089 723 τού
1104 663 1166 723 θεοῦ
1182 663 1265 739 νόμον
1280 663 1450 744 προτίθεσθαι
1466 661 1617 722 διακελευ-

318 791 421 866 όμενοι,
443 789 497 868 ἵνα,
521 787 594 867 εἴγε
615 787 729 868 δέοιντο,
752 785 799 846 καὶ
821 784 895 846 αύτοὶ
918 784 1176 865 μεταλαμβάνωσιν,
1199 787 1230 845 δν
1252 786 1350 866 τρόπον
1364 787 1379 844 ό
1394 784 1442 862 λη’
1458 791 1511 846 τῶν
1527 784 1618 862 ἀγίων

319 911 478 972 ἀποστόλων
501 911 592 970 κανών
615 907 661 970 καί
684 911 699 969 ό
721 907 763 970 κε’
787 914 836 985 τῆς
859 909 888 968 ἐν
904 907 1057 991 Ἀντιοχείᾳ
1078 907 1153 990 ἱερᾶς
1172 907 1284 969 συνόδου
1298 905 1345 968 καί
1360 907 1378 982 ἡ
1395 907 1425 967 ἐν
1441 906 1617 986 Χαλκηδόνι,

318 1035 348 1092 ού
372 1035 425 1108 μὴν
448 1032 526 1092 ἀλλά
546 1030 593 1092 καί
615 1037 664 1110 τῆς
688 1032 716 1091 ἐν
739 1031 841 1114 Νικαίφι
863 1031 878 1089 ό
899 1051 931 1091 τε
954 1029 989 1090 ια’
1012 1029 1059 1090 καί
1081 1031 1096 1089 ό
1121 1029 1156 1105 ιβ’
1178 1027 1226 1090 καί
1250 1029 1414 1111 ἐνίίγιιύρφι
1435 1029 1450 1087 ό
1474 1028 1505 1088 ιε’
1528 1027 1617 1090 καὶό

318 1154 363 1230 μθ’
390 1161 440 1230 τῆς
467 1155 497 1214 έν
519 1153 656 1235 Τρούλλῳ
682 1151 729 1214 καὶ
753 1153 837 1213 ἄλλοι
858 1153 992 1232 πλεῖστοι,
1023 1154 1079 1212 όσοι
1102 1149 1193 1212 σεπτσὶ
1215 1153 1294 1227 νόμοι
1315 1149 1362 1212 καὶ
1383 1153 1498 1222 κανόνες
1521 1157 1618 1230 σαφῶς

317 1276 452 1356 φαίνονται
482 1277 530 1352 τὴν
556 1282 611 1336 τῶν
636 1276 717 1356 ίερῶν
745 1274 929 1355 μοναστηρίων
957 1272 1079 1347 ἐξουσίαν
1105 1277 1162 1346 τοῖς
1193 1275 1349 1345 ἐπισκόποις
1380 1272 1510 1354 διδόντες,
1542 1273 1618 1334 ὥστε

317 1398 542 1474 μεταλαμβάνειν
565 1398 616 1474 μὲν
638 1396 685 1457 καί
708 1397 804 1470 αύτούς
824 1403 878 1457 τῶν
902 1396 1028 1475 δεόντων,
1053 1395 1080 1456 εί
1092 1417 1125 1476 γε
1149 1396 1251 1456 δέοιντο
1267 1393 1306 1468 είς
1321 1395 1371 1468 τάς
1387 1397 1489 1456 ἑαυτῶν
1504 1396 1618 1476 χρείας,

317 1520 366 1595 τῆν
389 1519 420 1580 δέ
441 1517 503 1600 περὶ
526 1521 619 1579 ἐκεῖνα
642 1521 803 1596 ἐπιμέλειαν
826 1519 956 1598 μεγίστην
978 1539 1009 1578 τε
1031 1517 1078 1578 καὶ
1101 1521 1139 1589 ὡς
1161 1519 1223 1578 θεοῦ
1239 1518 1390 1597 ἐφορῶντος
1403 1519 1547 1600 ποιεῖσθαι,
1572 1517 1618 1579 ἵνα

317 1642 530 1724 προστατεύωσιν
554 1642 640 1702 αύτῶν
663 1641 710 1702 καί
734 1640 892 1717 οἰκονόμους
912 1639 959 1701 καί
980 1641 1139 1722 ἐπιτρόπους
1153 1639 1200 1700 καί
1215 1640 1385 1719 ἡγουμένους
1400 1640 1618 1702 ἀποκαθισιῶσιν

318 1764 347 1824 ἐν
370 1765 470 1843 αύτοῖς,
497 1763 594 1836 καλῶς
615 1761 677 1844 περί
699 1770 748 1840 τῆς
770 1759 912 1838 αύξῆσεως
933 1759 980 1822 καί
1003 1759 1177 1838 βελτιώσεως
1199 1763 1297 1822 τούτων
1321 1762 1543 1843 ἐπιμελούμενοι,
1573 1763 1618 1822 ἵνα
1675 1842 1676 1856 ,

318 1887 356 1962 μὴ
381 1887 415 1946 δι’
426 1886 561 1962 ἀμέλειαν
585 1887 676 1964 ἔνοχοι
698 1887 832 1964 γένωνται
853 1888 910 1957 τοῖς
933 1885 1041 1945 ἐκτῶν
1064 1885 1154 1960 νόμιον
1178 1879 1329 1959 ἐπιτιμίοις.
1368 1885 1394 1944 σί
1417 1883 1448 1945 δέ
1463 1882 1617 1964 οἰκονόμοι,

316 2009 463 2088 ἡγούμενοί
485 2030 515 2067 τε
537 2007 584 2068 καί
608 2008 745 2090 ἐπίτροποι
769 2009 930 2084 διαμένωσιν
953 2009 1004 2067 ύπό
1026 2007 1074 2084 τὴν
1091 2004 1213 2080 ἐξουσίαν
1228 2014 1282 2066 τῶν
1298 2007 1463 2090 ἐπισκόπων,
1485 2009 1534 2068 καὶ
1550 2008 1618 2087 δίχα

316 2137 366 2207 τῆς
395 2130 489 2202 ἀδείας
517 2132 603 2191 αύτῶν
630 2134 700 2206 μήτε
727 2131 843 2210 πυλῶσι,
874 2131 937 2207 μητ’
950 2131 1105 2210 ἀγοράζωσι
1128 2131 1345 2209 μοναστηριακόν
1367 2151 1392 2190 τι
1413 2135 1517 2212 κτῆμα,
1546 2131 1617 2191 ἀλλ’

318 2249 480 2326 οίιιονομώσι
502 2253 600 2325 καλῶς
620 2255 687 2333 πρός
710 2253 759 2326 τῆν
782 2251 894 2312 ἐκείνων
917 2252 1031 2330 όδηγίαν
1053 2250 1100 2312 καί
1123 2251 1228 2331 ἄδειαν,
1252 2253 1326 2324 ὅπως
1349 2251 1387 2328 μὴ
1403 2249 1451 2312 καί
1466 2253 1552 2332 αὐτοί,
1578 2255 1618 2326 ώς

318 2375 514 2454 ᾇνατρέποντες
540 2375 601 2446 τούς
630 2374 871 2450 ἐκκλησιαστικοὺς
896 2375 1004 2446 τούτους
1030 2375 1107 2463 όρους
1132 2373 1180 2434 καὶ
1206 2377 1333 2454 κανόνας,
1361 2375 1522 2455 βαρυτάτοις
1544 2375 1617 2435 ύπο-

317 2497 419 2556 πέσωσι
441 2499 497 2568 τοῖς
520 2494 662 2572 ἐπιτιμίοις
683 2495 730 2556 καί
752 2495 906 2577 τιμωρίαις.
952 2501 1034 2557 ταῦτα
1057 2495 1107 2572 μὲν
1130 2493 1175 2556 σύν
1198 2495 1224 2556 οί
1245 2497 1313 2556 θεῖοι
1334 2497 1412 2572 νόμοι
1431 2492 1619 2576 ἀποφαίνοντα

317 2615 379 2699 περὶ
402 2623 455 2677 τῶν
479 2617 558 2698 ίερῶν
581 2617 780 2696 μσναστηρίων·
804 2618 902 2678 τούτων
926 2617 957 2678 δὲ
979 2613 1014 2677 τά
1036 2616 1086 2693 μέν
1108 2619 1164 2689 τοῖς
1186 2617 1257 2678 κατὰ
1271 2619 1352 2679 τόπον
1370 2617 1618 2700 ἐπιτετραμμένοις

319 2739 447 2820 ένοριακά
461 2745 511 2816 τῆς
525 2740 713 2820 προσηκούσης
728 2741 931 2820 ἀρχιερατικῆς,
955 2743 993 2813 ώς
1009 2739 1090 2822 είκός,
1116 2741 1159 2801 ἐπ’
1168 2739 1279 2816 αύξῆσει
1294 2743 1422 2821 τυγχάνει
1438 2741 1616 2822 ἐπιμελείας,
1676 2775 1677 2838 γ

318 2864 388 2938 μόνα
411 2861 443 2922 δὲ
465 2861 499 2920 τὰ
520 2867 554 2943 τῆ
577 2867 798 2946 σταυρσπηγιακῆ
822 2860 886 2946 ἀξίᾳ
907 2864 1084 2942 τετιμημένα,
1115 2861 1165 2922 οῦκ
1186 2861 1301 2939 οἴδαμεν
1324 2863 1408 2945 ὅπως,
1429 2865 1483 2944 πρό
1504 2867 1616 2946 χρόνων

315 2983 431 3044 πολλῶν
457 2983 661 3065 παρημέληται.
705 2983 753 3045 καὶ
780 2983 852 3064 δέον,
882 2987 921 3057 ώς
947 2985 1011 3044 θεοῦ
1040 2983 1199 3065 ἐφορῶντος,
1230 2983 1388 3046 διοικεῖσθαι
1414 2985 1483 3046 αύτά
1509 2985 1558 3046 καί
1583 2988 1617 3047 ἐκ

316 3106 416 3178 παντός
446 3107 544 3186 τρόπου
572 3105 733 3182 ἐπιμελείας
754 3112 803 3182 τῆς
825 3105 963 3186 ἀναλόγου
987 3104 1132 3186 ἀξιοῦσθαι,
1164 3106 1237 3177 όπως
1259 3113 1312 3166 τῶν
1336 3107 1365 3166 ἐν
1388 3107 1478 3180 αὐτοϊς
1500 3107 1615 3186 ἀγαθῶν

315 3229 350 3289 τὰ
372 3227 423 3304 μὲν
445 3228 600 3309 ὑπάρχοντα
623 3229 747 3312 διαμένῃ,
770 3235 939 3310 περιποιῆται
962 3229 993 3290 δὲ
1015 3229 1049 3288 τδι
1063 3231 1304 3310 προσγενησόμενα
1320 3230 1360 3304 ἀν,
1384 3235 1437 3290 τῶν
1454 3229 1486 3290 δέ
1501 3232 1614 3310 φαύλων

315 3347 350 3412 τά
372 3349 422 3426 μὲν
444 3351 579 3430 προσόντα
602 3349 845 3429 ἀποδιοπομτῆται,
869 3351 903 3410 τά
925 3351 957 3411 δέ
979 3351 1172 3428 συμβησόμενα
1195 3354 1228 3412 ἀν
1243 3350 1456 3412 διακωλύωνται.
1487 3354 1614 3431 τοιαύτην

317 3471 363 3535 οὖν
384 3473 457 3533 κατά
479 3475 577 3549 νόμους
598 3473 648 3550 τῆν
671 3473 737 3554 ύπέρ
761 3475 847 3533 αύτῶν
862 3475 1056 3534 ἁπάντωντῶν
1072 3476 1406 3554 σταυρσπηγιακῶνῆμῶν
1422 3477 1613 3558 μσναστηρίων

315 3595 436 3656 καθόλου
462 3595 588 3676 φροντίδα
617 3595 841 3676 κατεβάλλσμεν,
872 3597 1026 3672 ἐπιθέμενοι
1055 3595 1127 3656 κατὰ
1148 3597 1241 3672 κοινὴν
1263 3599 1376 3675 γνώμην
1398 3595 1446 3657 καί
1468 3599 1613 3674 συνοδικὴν

317 3717 471 3798 διάγνωσιν,
502 3717 573 3798 ίερδν
600 3720 683 3792 τόμον
709 3718 924 3797 ἀποφαινόμενον
952 3717 1058 3798 συνῳδὰ
1083 3721 1140 3790 τοῖς
1167 3717 1250 3798 ἱεροῖς
1275 3720 1371 3796 νόμοις
1396 3717 1444 3780 καὶ
1471 3723 1530 3794 τοῖς
1557 3715 1613 3781 ὧδε

315 3842 507 3921 γραφομένοις,
529 3838 662 3921 περὶτῆς
686 3837 753 3918 ἑξῆς
775 3841 885 3922 ἀρίστης
908 3841 1068 3916 διοικήσεως
1091 3841 1205 3902 ἑκάστου
1220 3845 1455 3920 σταυροπηγιακοῦ
1471 3863 1612 3921 μοναστη-

317 3962 373 4044 ρίου
400 3961 447 4022 καὶ
471 3961 597 4039 εῦνομίας
618 3967 672 4022 τῶν
696 3962 872 4038 ἀσκουμένων
895 3961 1048 4024 όσιωτοίτων
1070 3964 1193 4043 πατέρων
1215 3962 1262 4023 καὶ
1284 3969 1333 4040 τῆς
1356 3961 1472 4039 δυνατῆς
1495 3965 1611 4040 ἀντιλή-

317 4087 390 4162 ψεως
420 4082 467 4144 καί
494 4085 596 4160 ἀμέσου
621 4085 784 4164 προστασίας
812 4085 898 4144 αύτῶν
925 4085 999 4164 παρὰ
1025 4091 1075 4162 τῆς
1101 4085 1162 4145 καθ’
1174 4087 1249 4161 ἡμᾶς
1275 4089 1320 4145 τοῦ
1343 4087 1459 4166 Χριστοῦ
1481 4089 1612 4166 μεγάλης

316 4205 478 4285 ἐκκλησίας,
508 4206 684 4278 ἀνανεοῦντες
714 4206 748 4267 τὰ
774 4208 930 4286 παλαιγενῆ
952 4207 1133 4288 πατριαρχικά
1154 4205 1201 4267 καί
1224 4207 1351 4268 συνοδικά
1373 4207 1461 4268 αύτῶν
1484 4207 1612 4288 σιγίλλια

316 4327 431 4410 δωρεάν,
461 4327 507 4388 καί
538 4329 725 4410 ἐπικυροῦντες
755 4327 827 4402 ἅπαξ
857 4329 891 4388 τά
920 4331 1141 4410 σταυροπηγιακά
1164 4330 1250 4390 αύτῶν
1272 4301 1406 4411 προνόμια
1432 4329 1473 4402 είς
1496 4329 1610 4410 διηνεκῆ

315 4451 472 4529 συντήρησιν
494 4449 581 4511 αύτῶν
604 4451 651 4512 καί
674 4451 834 4532 ἀσφάλειαν,
858 4453 896 4527 μὴ
920 4451 1038 4527 δεόμενα
1060 4452 1126 4512 ποτὲ
1149 4447 1326 4523 ἀνανεώσεως
1347 4449 1394 4512 καί
1410 4449 1610 4534 ἐπικυρώσεως,

316 4573 354 4644 ὡς
381 4570 428 4634 καὶ
453 4571 515 4655 περὶ
540 4578 586 4634 τοῦ
614 4574 642 4633 ἐν
670 4579 702 4656 τῇ
730 4573 801 4633 κατά
826 4573 875 4650 τὴν
899 4574 1108 4650 Πελοπόννησον
1137 4573 1270 4657 ἐπισκοπῇ
1293 4573 1442 4656 Κερνίτζης
1469 4575 1544 4657 ἱεροῦ
1565 4577 1610 4638 καί

317 4695 465 4771 σεβασμίου
495 4694 674 4776 μοναστηρίου
700 4701 750 4770 τῆς
776 4693 926 4776 ύπεραγίας
955 4695 1097 4772 δεσποίνης
1119 4697 1198 4772 ἡμῶν
1221 4699 1359 4776 θεοτόκου,
1390 4697 1611 4776 ἐπικεκλημένοι
