3222 5284
1338 309 1400 374 327

109 494 277 573 μονασιηρίῳ
292 495 482 567 άδιασπάστως
495 497 528 572 ¹).
559 499 669 577 προσέτι
689 503 735 558 τοῦ
751 497 900 558 Σελοκάκα
915 499 962 558 σὺν
976 497 1015 576 τῷ
1032 499 1139 578 Μακρῷ
1156 501 1269 578 Χωρίῳ·
1293 503 1401 580 προσέτι

107 621 164 674 τῶν
179 615 317 688 Βαβσίνλου
340 617 400 692 ἤτοι
422 621 467 676 τοῦ
484 617 581 690 Λιβδς·
606 620 714 696 προσέτι
736 621 754 693 ή
779 619 845 697 άγία
861 620 988 699 Μυρόπη,
1011 619 1071 694 ἤτοι
1092 623 1123 679 τδ
1139 622 1331 702 μονοκέλλιον,
1354 620 1401 681 καί

108 738 142 796 τθ
164 737 250 816 ἕτερον
274 737 458 811 μονοκέλλιου
480 739 511 796 τδ
534 738 656 818 δωρηθέν
679 746 712 821 τῇ
736 745 805 820 μονῇ
829 739 875 799 καὶ
898 739 937 818 τῷ
959 742 1168 820 πτωχοτρορείῳ
1191 761 1252 819 μου,
1276 744 1315 814 ὡς
1330 741 1400 802 ἰδιά-

108 881 203 934 κτητον
217 860 296 920 αθτσϋ
307 867 401 936 κτῆμα
412 861 487 942 παρὰ
499 866 543 922 τοῦ
556 864 707 939 άγιωτάτσυ
718 865 885 943 πατριάρχου
897 863 1070 935 θεουπάλεως
1083 864 1212 942 μεγάλης
1222 863 1399 942 Ἀντιοχείας,

106 986 185 1062 πυροῦ
206 981 369 1062 Νικηρόρου,
399 982 467 1062 ὑπὲρ
490 975 589 1042 οὔκαὶ
621 983 756 1062 ὀφείλουσι
786 983 923 1043 τελεῖσθαι
945 987 995 1060 ήτε
1027 985 1139 1058 ἑκτενὴς
1163 986 1241 1044 αὺτοῦ
1265 983 1399 1060 διηνεκῶς

106 1103 154 1162 καί
173 1102 206 1162 τά
234 1106 403 1183 μνημόσυνα,
433 1101 481 1162 καί
512 1103 631 1162 δίδοσθαι
656 1104 684 1163 ἐν
706 1103 745 1182 τῷ
767 1103 854 1185 καιρῷ
876 1110 930 1164 τῶν
961 1107 1139 1180 μνημοσίνων
1168 1107 1325 1176 αὐτοῦτοῖς
1348 1105 1398 1179 μὲν

107 1228 235 1303 μοναχοῑς
256 1226 324 1304 ὑπὲρ
347 1225 570 1306 λειτουργειῶνί)
594 1226 748 1301 νομίσματα
764 1226 820 1308 δίο,
843 1225 890 1285 καὶ
906 1224 945 1298 εἰς
968 1225 1088 1286 διάδοσιν
1108 1228 1231 1301 πενήτων
1246 1227 1399 1301 νομίσματα

105 1344 172 1426 τρία,
193 1347 444 1428 προσεπιτελεῑοθαι
468 1347 499 1406 δὲ
521 1347 568 1406 καὶ
590 1349 727 1428 τρισάγιου
750 1345 796 1406 καί
819 1348 983 1425 λειτουργίαι
1005 1347 1061 1408 κδ’.
1092 1349 1201 1427 προσέτι
1216 1351 1262 1406 τοῦ
1279 1349 1397 1420 Συμεω-

105 1467 172 1526 νίου
200 1470 218 1542 ή
246 1469 319 1543 οτίιλή
342 1472 388 1526 τοῦ
415 1465 546 1540 Μεταξά·
576 1469 594 1542 ή
624 1468 695 1543 αἰνλὴ
722 1473 768 1528 τοῦ
792 1467 945 1548 Ἀρκολιίκη
975 1469 1021 1527 σὺν
1048 1472 1106 1540 τοῖς
1135 1465 1188 1526 &ab
1216 1468 1398 1546 ἀνταλλαγής

105 1595 153 1664 τῆς
176 1588 256 1667 άγίας
278 1589 378 1668 Σορίας
405 1589 591 1669 περιελθοῦσα
614 1588 755 1666 οἰκήμασι·
787 1592 804 1664 ή
829 1589 900 1664 αθλὴ
923 1593 970 1649 τοῦ
993 1587 1167 1670 Κεντάρχου·
1199 1584 1269 1663 μετίι
1292 1596 1345 1648 τῶν
1369 1589 1398 1647 ἐν
1455 1582 1460 1592 '

106 1709 194 1782 αἰτεῖς
217 1709 345 1786 δηλονότι
368 1708 525 1786 οἰκημάτων
547 1712 665 1771 πάντων.
696 1711 749 1770 ἀπδ
766 1709 797 1770 δέ
812 1717 866 1769 τῶν
881 1709 1048 1790 προαστείων
1064 1731 1116 1784 μου
1130 1715 1183 1768 τῶν
1201 1709 1282 1788 ἐντῷ
1299 1710 1397 1768 Μεσσ-

104 1833 186 1910 κιθμῳ
208 1833 379 1921 καθιερῶιτθ
404 1833 443 1903 ἔν,
465 1833 576 1912 προσέτι
598 1833 664 1912 ὅπερ
685 1831 737 1890 άπδ
757 1837 806 1906 τῆς
822 1837 971 1909 μοναχῆς.
992 1879 998 1890 .
1017 1879 1023 1890 .
1040 1837 1088 1905 τῆς
1105 1831 1217 1906 ἀνεψιᾶς
1231 1835 1276 1889 τοῦ
1292 1829 1397 1910 Σκρίβα

105 1949 291 2034 ἐξωνησάμην,
314 1955 380 2032 ὅπερ
402 1951 449 2012 καί
466 1954 528 2012 αἰντθ
545 1956 591 2012 τοῦ
608 1947 759 2026 Χασβαΐτου
781 1955 891 2032 γέγονε.
923 1951 1008 2012 ἱστίον
1026 1952 1066 2032 δέ,
1089 1953 1129 2011 ὅτι
1144 1953 1174 2010 τ“ο
1191 1951 1312 2030 δωρηθέν
1333 1951 1397 2012 άκί-

102 2093 177 2148 νητον
201 2071 254 2132 ἀπδ
277 2078 322 2133 τοῦ
346 2073 540 2134 Μονακελλίου
555 2073 629 2152 παρὰ
641 2078 688 2134 τοῦ
702 2077 869 2153 πατριάρχου
884 2074 1058 2142 θεουπόλεως
1074 2073 1203 2151 μεγάλης
1219 2073 1395 2153 Ἀντιοχείας,

104 2193 241 2269 ἐκνικηθὲν
264 2192 311 2255 ἀπ’
324 2196 414 2274 αὺτοῦ,
446 2195 576 2273 διήνεγκε
598 2201 631 2276 τῇ
655 2201 764 2276 μοναχῇ
788 2193 863 2276 Ξένῃ
885 2193 933 2254 καὶ
955 2197 1136 2275 εὐγενεστάτη
1158 2194 1396 2276 κσυροπαλατίσοη

101 2317 298 2398 τήίίσμνηνῇ,
327 2314 374 2376 καὶ
397 2317 523 2394 ἐδωρήθη
547 2317 611 2396 παρ’
624 2315 706 2391 αὐτῆς
728 2317 838 2393 ὓστερον
860 2322 893 2397 τῇ
917 2321 987 2396 μονῇ
1010 2319 1056 2375 τοῦ
1080 2315 1317 2394 Πανοικτίρμονος,
1346 2318 1395 2374 θε-

101 2439 178 2510 λήσει
199 2443 249 2513 τής
271 2439 444 2514 ήγιασμένης
467 2439 549 2512 αὐτῆς
572 2439 684 2516 μητρὸς,
708 2443 792 2516 κυράς
816 2434 925 2512 Ἅννης·
950 2435 996 2496 καί
1019 2437 1155 2515 ὀφείλουσι
1180 2437 1396 2511 μνημονεύεσθαι

100 2557 144 2617 καὶ
167 2559 196 2617 ἐν
219 2562 277 2640 ζωῇ
299 2558 347 2618 καί
371 2559 441 2634 μετὰ
463 2561 579 2619 θάνατον
599 2561 657 2634 ἅμα
672 2558 880 2638 Κωνσταντίνῳ,
903 2558 941 2637 τῷ
958 2558 1095 2638 μακαρίτῃ
1112 2557 1189 2638 ἀνδρὶ
1204 2565 1254 2634 της
1270 2565 1396 2636 μοναχής

99 2687 179 2758 κυρᾶς
196 2679 297 2760 Ξένης,
320 2681 493 2756 τελουμένων
516 2680 637 2740 καὶτῶν
661 2681 838 2758 μνημοσθνων
862 2683 949 2740 αθτῶν
971 2682 1043 2740 κατά
1057 2681 1105 2754 τὴν
1121 2686 1171 2755 τῆς
1194 2680 1301 2760 δωρεάς
1316 2679 1396 2760 περί-

99 2802 178 2878 ληψιν
202 2801 278 2861 ἐσαεί
300 2807 325 2878 †.

154 2933 161 2946 ‘
199 2932 300 2984 Ιάτείαί
320 2933 349 2984 in
368 2933 426 2986 cod.
443 2933 567 2986 metociii
581 2931 677 2986 Sancti
692 2931 836 3001 Sepulchri
855 2933 883 2985 ιἰι
900 2933 963 2986 urbe
981 2931 1219 2999 Οοιιείαιιίίιισμοίί.
1252 2930 1349 2983 Edidit
1367 2933 1393 2983 ί.
1418 2939 1420 2944 ’

101 3029 405 3104 8αι1ιαι,Μεσαιωνικὴ
427 3029 598 3105 Βιβλιοθήκη
616 3038 640 3090 Ι.
652 3055 685 3106 p.
704 3039 732 3090 2.

468 3287 511 3350 ΙΙ.
536 3287 622 3351 Ante
645 3309 767 3352 annum
791 3284 1016 3350 6610-1118.

104 3455 232 3524 Typicum
248 3456 406 3508 monasterii
420 3455 576 3508 monialium
591 3453 708 3508 Sanciae
721 3454 832 3506 Mariae
848 3453 965 3506 Gratiae
977 3453 1078 3505 Ρίινιιιω
1094 3454 1121 3504 in
1134 3454 1198 3504 urbe
1213 3454 1394 3505 (λιιιείαιιίίνιο-

97 3561 160 3627 μοίί,
177 3561 279 3613 εάίίιιπι
294 3561 329 3612 ab
346 3559 517 3628 imperatrice
529 3559 606 3612 Ινενισ
618 3559 761 3626 stimma,
780 3575 849 3627 ηυαε
864 3575 877 3610 ε
887 3557 1075 3626 Ῐυιιιίιινιινιιίιῗκ
1087 3558 1220 3608 eximinii
1233 3558 1392 3610 coenobium.

99 3743 241 3803 Τυπικδν
263 3749 322 3818 τῆς
345 3743 529 3817 σεβασμίας
550 3748 653 3817 μονῆς
675 3747 732 3816 τῆς
752 3739 935 3818 θπεραγίας
951 3741 1108 3800 θεστόκου
1124 3745 1180 3814 τῆς
1197 3741 1392 3818 Κεχαριτω-

99 3867 198 3941 μένης
224 3870 284 3940 τῆς
313 3865 350 3924 ἐκ
379 3865 510 3944 βάθρων
537 3861 801 3942 νεουργηθείσης
828 3860 883 3920 καί
911 3864 1073 3934 συστάσης
1100 3861 1189 3939 παρὰ
1215 3866 1273 3935 τῆς
1301 3862 1390 3920 ευσε-

99 3985 263 4060 βεστάτης
295 3986 480 4063 αθγοθστης
511 3991 611 4064 κυράς
634 3983 780 4064 Εἰρήνης
802 3990 861 4059 τῆς
884 3981 1184 4057 Δουκαίνηςκατδι
1206 3983 1263 4055 τὴν
1295 3983 1392 4056 αὐτῆς

289 4103 466 4186 πρόσταξιν
489 4104 545 4165 καί
567 4109 697 4186 γνώμην
720 4105 888 4183 θρηγηθέν
910 4125 944 4162 τε
967 4101 1023 4160 καὶ
1047 4103 1192 4160 ἐκτεθέν.

198 4263 347 4340 ήίίολλῶν
364 4265 415 4338 μὲν
433 4264 499 4339 ἡμῖν
515 4263 626 4340 ἀγαθῶν
642 4261 688 4321 καί
705 4261 848 4340 μεγάλων,
865 4257 887 4320 ὦ
904 4262 965 4319 θεοῦ
977 4261 1064 4336 λόγου
1076 4260 1175 4329 ζῶντος
1189 4263 1274 4337 μῆτερ
1287 4258 1391 4316 ὠδίνων

99 4387 159 4446 άνευ
181 4385 228 4446 καὶ
251 4385 321 4460 μετὰ
349 4387 428 4444 τέκον
456 4385 603 4465 παρθενίας
630 4384 712 4444 πάλιν
740 4384 884 4458 κειμήλιον
911 4383 1128 4458 παναγέστατον,
1159 4381 1173 4437 θ
1197 4381 1244 4450 σθς
1266 4379 1322 4448 υίος
1344 4379 1390 4439 καί

99 4541 299 4550 ——.--—-..-.-

200 4643 220 4708 ¹)
240 4640 396 4700 σίδισπάστως
415 4643 440 4702 Se
513 4645 535 4708 2)
553 4641 727 4709 λειτουργικῶν
740 4642 767 4692 S.
