3486 5282
1278 310 1340 376 207

43 510 153 592 πείραις
174 509 344 590 άναφανεῖσιν
367 509 559 590 ἱερομονάχσις
581 513 630 584 τῆς
653 513 741 584 μονῆς
763 507 861 584 ταῦτης
885 506 1012 586 δέχεσθαι
1033 507 1095 578 τσδς
1117 506 1268 586 λογισμοὺς
1289 513 1342 566 τῶν

44 633 269 708 οινασκουμένων
292 635 417 712 πατέρων
440 631 487 692 καὶ
509 633 737 711 προσερχομένων
760 627 839 710 χάριν
863 625 1092 708 ἐξομολογησεως
1116 625 1147 702 ἐξ
1163 629 1249 688 αθτιῦν
1266 627 1342 689 ἔνδον

43 763 93 831 τῆς
119 761 205 831 μονῆς
226 756 335 834 ταίτης,
360 753 466 830 μηδένα
488 753 519 812 δὲ
541 759 595 813 τῶν
617 753 689 812 κατὰ
711 751 820 832 καιροῦς
840 752 999 828 ἡγουμένων
1015 752 1090 829 ἔχειν
1107 751 1200 811 άδειαν
1216 751 1342 811 καθιστᾶν

44 877 205 956 ἐπιτρόποις
226 876 375 951 κσσμικοθς
397 874 444 936 καὶ
466 875 582 946 λαϊκοὶις
605 873 706 954 ἄνδρας
729 871 773 934 ἐπὶ
788 869 826 949 τῷ
842 873 954 951 θεωρεῖν
970 872 1019 944 τὰς
1034 867 1177 945 ἀποθέσεις
1192 878 1238 932 τοῦ
1254 893 1342 947 μονα-

44 1000 155 1080 πηρίου
177 1000 273 1078 αίιτιῦν,
297 997 364 1058 ἀλλ’
375 997 424 1056 ῦοτδ
440 1001 489 1071 τῆς
505 996 660 1072 κοινότητος
675 999 728 1053 τῶν
743 995 868 1074 πατέρων
882 991 930 1052 καὶ
947 1001 1168 1076 μσναστηριακιῦν
1184 996 1342 1075 θεωρεῖσθαι

43 1120 90 1180 καὶ
120 1121 362 1202 διεκπεραίνεσθαι.
408 1118 468 1190 τσθς
498 1118 528 1178 δὲ
551 1115 679 1190 καθάπαξ
701 1116 930 1196 προσηλωθέντας
956 1123 989 1198 τῇ
1017 1115 1078 1200 ἱερᾷ
1099 1123 1168 1200 μονῇ
1191 1120 1274 1202 ταύτῃ
1296 1113 1343 1180 καὶ

44 1243 187 1316 βαλόντας
213 1245 357 1319 μετάνοιαν
385 1239 431 1300 καὶ
458 1241 506 1316 τὴν
533 1239 632 1319 κουράν
661 1238 689 1297 έν
713 1239 779 1320 αὐτῇ
807 1235 974 1312 δεξαμένους
997 1241 1094 1314 μηκέτι
1116 1240 1222 1314 τολμᾶν
1245 1241 1342 1302 λειπο-

43 1368 157 1426 τακτεῖν
181 1363 228 1426 καί
254 1367 406 1444 ἀναχωρεῖν
432 1360 481 1422 καί
507 1363 613 1442 φεύγειν
642 1359 673 1434 ἐξ
700 1363 783 1437 αὐτῆς
810 1357 897 1440 χωρὶς
924 1359 1019 1431 ἀδείας
1045 1365 1091 1420 τοῦ
1117 1363 1270 1440 ἡγουμένου
1297 1362 1343 1424 καί

43 1487 164 1563 νομίμου
186 1485 283 1566 αίτίας,
306 1488 352 1546 τ’σν
374 1485 398 1545 δ’
413 1486 510 1554 άλλως
532 1483 708 1558 τολμήσαντα
729 1483 943 1557 λειποτακτῆται
965 1481 1012 1544 καὶ
1034 1487 1135 1564 φυγεῖν,
1164 1485 1311 1566 ἱερωμένον
1320 1485 1343 1569 ¹)

45 1611 96 1684 μὲν
122 1610 187 1670 ὄντα
210 1611 308 1687 ἔνοχον
332 1603 400 1668 εἶναι
421 1607 587 1687 καθαιρέσει,
611 1607 732 1684 μοναχὸν
757 1605 788 1666 δέ
805 1605 951 1684 άφοριομοῦ
972 1607 1054 1686 μέχρι
1069 1610 1115 1666 τοῦ
1131 1607 1288 1688 ἐπιπρέψαι
1304 1605 1343 1680 είς

43 1733 93 1807 τὴν
120 1735 265 1807 μετάνοιαν
289 1732 376 1791 αῦτοῦ.
400 1734 484 1790 ταῦτα
498 1733 562 1807 γοῦν
578 1731 665 1788 πάντα
680 1727 714 1788 τὰ
729 1727 856 1807 ἀνωτέρω
873 1728 1017 1788 ἐκτεθέντα
1031 1728 1078 1789 καί
1094 1731 1260 1811 διορισθέντα
1276 1731 1343 1806 βου-

45 1855 156 1928 λόμεθα
183 1855 259 1933 ἔχειν
286 1855 316 1912 τδ
338 1857 419 1933 κῦρος
441 1850 487 1911 καὶ
509 1853 558 1926 τὴν
582 1849 656 1928 ίοχίιν
680 1852 791 1926 μόνιμον
814 1849 861 1910 καί
884 1851 996 1926 διηνεκῆ
1021 1852 1050 1922 ές
1073 1850 1115 1910 ἀεὶ
1137 1851 1185 1912 καὶ
1207 1854 1343 1928 διαμένειν

46 1975 271 2056 άπαρεγχείρητα
297 1973 344 2035 καί
372 1971 554 2050 άμετάπτωτα
583 1975 665 2052 μέχρι
686 1975 794 2046 παντός.
826 1974 856 2045 δς
879 1970 904 2032 δ’
918 1975 949 2032 άν
971 1993 1012 2046 τις
1033 1972 1080 2034 καὶ
1102 1977 1194 2046 ὁποίας
1216 1976 1343 2060 τολμήσῃ

47 2097 179 2159 διασεῖσαι
207 2097 254 2158 καὶ
281 2098 429 2177 ἀνατρέψαι
451 2117 475 2156 τι
501 2102 555 2156 τῶν
582 2097 612 2156 έν
634 2095 673 2174 τῷ
695 2097 806 2173 παρέντι
829 2095 1013 2176 διορισθέντων
1039 2094 1085 2156 καί
1114 2097 1163 2172 τὴν
1190 2117 1343 2178 σταυροπη-

47 2221 147 2298 γιακίην
174 2217 254 2293 ἀξίαν
279 2218 327 2280 καί
355 2217 513 2299 ἐλευθερίαν
540 2215 587 2278 καί
613 2220 644 2277 τδ
672 2217 800 2278 άσῦδοτον
822 2224 871 2294 τῆς
899 2217 973 2298 ίερᾶς
995 2219 1093 2294 ταύτης
1115 2227 1201 2296 μονῆς
1224 2221 1344 2282 ὁπωσοῦν

50 2343 197 2424 ἐπηρεάσαι
224 2341 272 2402 καί
300 2341 446 2420 ἐνίχλησίν
473 2363 533 2402 τινα
559 2339 605 2401 καί
634 2341 693 2416 βίαν
721 2339 768 2401 καί
796 2340 923 2402 δουλείαν
946 2342 1098 2421 ἐπαγαγεῖν
1120 2344 1187 2425 αῦτῄ
1210 2343 1344 2424 οίῳδήτινι

48 2465 147 2544 τρόπῳ,
178 2465 225 2524 ἀπ’
244 2463 367 2536 ἐναντίας
396 2464 547 2543 φερόμενος
575 2469 609 2545 τῇ
640 2463 852 2543 ἐκκλησιαστικῇ
878 2461 925 2523 καὶ
952 2465 1079 2548 ουνοδικῇ
1106 2467 1185 2542 ἡμῶν
1212 2467 1344 2546 ἀποφάσει

49 2588 141 2670 ταῦτ-η,
167 2587 182 2647 ὁ
204 2590 333 2664 τοιοῦτος,
356 2585 452 2656 ὁποίας
475 2589 507 2644 ἂν
529 2583 548 2667 ᾖ
570 2582 674 2658 τάξεως
697 2583 745 2644 καί
765 2585 856 2646 δποίσυ
871 2585 986 2667 βαθμοῦ,
1010 2587 1194 2668 ἀφωρισμένος
1211 2587 1254 2664 εἴη
1270 2589 1345 2668 παρὰ

50 2715 96 2784 τῆς
124 2709 205 2788 ἁγίας
230 2708 279 2768 καί
305 2705 447 2783 δμασυσίσυ
469 2706 516 2768 καὶ
538 2710 670 2778 ζωσπσιοῦ
693 2705 739 2767 καί
762 2707 914 2788 ἀδιαιρέτου
936 2707 983 2768 καὶ
1009 2715 1146 2790 μακαρίας
1168 2711 1276 2791 τριάδος
1297 2718 1343 2772 τοῦ

50 2831 109 2903 ἑνδς
135 2837 168 2913 τῇ
197 2831 271 2910 φίνσει
301 2831 383 2906 μένου
411 2832 474 2890 θεοῦ
500 2827 547 2890 καὶ
569 2831 760 2907 κατηραμένδς
782 2829 829 2890 καί
852 2828 1046 2912 ἀσυγχώρητος
1068 2830 1115 2892 καί
1139 2832 1207 2907 μετὰ
1230 2835 1344 2893 θάνατον

52 2952 147 3023 άλυτος
176 2953 206 3012 ἐν
229 2949 268 3030 τῷ
291 2956 337 3011 νῦν
361 2950 443 3018 αἶῦνς
460 2950 507 3012 καὶ
531 2951 559 3010 ἐν
580 2951 619 3031 τῷ
643 2952 776 3026 μέλλοντι
798 2951 844 3012 καί
866 2955 966 3026 πάσαις
987 2957 1047 3026 ταῖς
1068 2958 1276 3035 πατριαρχικαῖς
1297 2955 1344 3015 καὶ

51 3075 199 3146 συνοδικαῖς
227 3075 305 3154 ἀραῖς
332 3075 460 3146 ὑπόδικος
487 3073 533 3134 καὶ
562 3075 658 3152 ἔνοχος
685 3079 731 3134 τοῦ
753 3077 835 3154 πυρδς
856 3081 906 3151 τῆς
927 3076 1055 3154 γεέννης·
1084 3077 1144 3136 ὅθεν
1168 3075 1207 3149 εἰς
1231 3076 1343 3150 ἔνδειξιν

52 3195 159 3273 ἐγένετο
181 3195 229 3256 καὶ
250 3198 281 3256 τδ
303 3198 388 3277 παρὀν
410 3196 605 3276 πατριαρχικδν
628 3197 767 3257 συνοδικδν
789 3197 966 3276 σιγιλλιῶδες
990 3199 1018 3256 έν
1042 3199 1212 3280 μεμβράναις
1227 3202 1344 3280 γράμμα

51 3316 93 3377 καὶ
120 3319 203 3394 ἐδέθη
231 3325 265 3401 τῇ
293 3319 403 3400 ῥηθείσῃ
432 3318 569 3401 σεβασμίᾳ
597 3325 667 3402 μονῇ
694 3324 739 3379 τοῦ
762 3321 898 3400 Μεγάλου
920 3319 1070 3397 Σπηλαίου.
1103 3321 1170 3380 ἔτει
1194 3321 1345 3402 σωτηρίῳ

54 3439 159 3518 ,αψμά
184 3438 262 3516 μηνὶ
285 3440 413 3521 μαρτίῳ
436 3440 649 3514 ίνδικτιῶνος
672 3441 696 3502 δ’
719 3447 744 3519 θ.

151 3563 334 3642 γΠαίσιος,
359 3563 447 3642 ἐλέῳ
463 3564 538 3623 θεοῦ
554 3563 818 3644 άρχιενιίσκοπος
833 3565 1233 3647 Κωνσταντινουπάλεως,
1255 3566 1346 3640 Νέας

54 3683 188 3764 Ρῦμης,
212 3683 266 3744 καί
290 3681 528 3760 οίκουμενικδς
550 3689 762 3766 πατριάρχης
784 3691 809 3763 θ.

55 3787 291 3888 ίΚαισαρείας
313 3806 542 3887 Γεράσιμσςθ.
725 3809 962 3890 θ’ίίρακλείας
985 3811 1155 3883 Μελέτιος
1170 3815 1196 3887 †.

56 3929 229 4003 ’γΝικαίας
250 3928 504 4005 Καλλίνικοςθ.
727 3931 979 4007 ’ςΧαλκηδάνος
1001 3932 1212 4005 Καλλίνικος
1227 3937 1251 4010 γ.

56 4051 224 4124 ίΚυζίκσυ
246 4051 287 4110 Γε
292 4053 470 4132 ράσιμοςγ
724 4051 990 4128 ’γΝικομηδείας
1014 4051 1170 4130 Ἄνθιμος
1185 4060 1209 4130 θ.

56 4173 214 4254 θθέρκων
239 4173 339 4233 Μακά
345 4177 455 4254 ρ.ιος’γ
724 4175 929 4255 ’γΠροῦσσης
951 4177 1118 4252 Δανιήλῖ.
1199 4245 1201 4252 Ι

57 4295 275 4368 ίΜελενίκου
296 4295 343 4354 Κῦ
350 4299 460 4376 ρι.σςγ
723 4301 740 4372 †

58 4419 221 4498 ίΜετρῶν
244 4413 441 4492 Ἄνθιμοςγ.
723 4421 739 4494 γ

755 4296 1005 4369 Σωίουπάλεως
1027 4297 1236 4377 Θεσφάνηςῖ.

753 4417 914 4491 Ναυπλίας
929 4417 982 4479 καὶ
998 4418 1124 4500 Ἄργους
1139 4421 1290 4500 Νεθφυτος
1305 4426 1330 4498 †.

60 4571 258 4584 hun—-n-—n

155 4678 176 4744 ¹)
195 4677 353 4744 [παραινέσαι
375 4677 482 4728 videtur
500 4674 669 4746 ίερσμάναχον.
