3246 5288
1333 342 1396 405 471

75 533 162 607 ἤτοι
185 535 321 614 ἀριεριὶιθη
344 537 419 616 παρὰ
441 541 487 596 τοῦ
506 539 664 612 τιμιωτάτου
685 538 890 614 καθηγουμένου
905 535 943 614 τῷ
960 536 1167 616 Πανοικτίρμονι
1184 536 1279 613 βιβλία
1300 542 1395 598 ταῦτα·

79 655 115 714 οἱ
148 657 279 738 τέσσαρες
293 655 496 737 θλαηγελιστιιὶ
518 659 713 738 έρμηνευμένσι
728 658 777 750 τὴν
798 659 943 739 ἑρμηνείαν
965 663 1011 719 τοῦ
1025 658 1199 740 Βουλγαρίοις
1302 659 1398 734 βιβλία

79 779 219 858 τέσσαρα
247 777 409 856 βαμβίινινα.
455 781 546 860 έτερον
578 779 685 856 βιβλίον
715 780 881 856 βαμβίιιιινον
912 780 977 860 ἔχον
1008 777 1040 852 ἐξ
1069 780 1158 861 ἀρχῆς
1186 781 1236 857 τὴν
1268 781 1398 862 ἑρμηνίαν

79 905 145 960 τοῦ
176 901 256 981 ῥητοῦ
278 903 468 982 Χρυσσστέμου
494 907 554 963 τοῦ·
586 905 620 962 οὺ
650 903 796 979 θέλομεν
820 904 904 977 ὑμᾶς
934 903 1071 980 ἀγνοεῖν
1092 901 1168 984 περὶ
1191 910 1253 963 τῶν
1284 925 1397 964 κεκοι-

84 1026 269 1108 μημένων,
293 1023 339 1084 καί
362 1025 458 1104 ἑτέρας
481 1025 622 1104 διαφόρους
646 1024 791 1104 ἑρμηνείας
814 1025 863 1084 οὺκ
885 1024 983 1102 ὀλίγοις
1003 1025 1123 1104 θοτερον.
1169 1024 1277 1100 β’ςθλίον
1300 1027 1396 1106 μικρδν

87 1145 167 1222 ἔχον
191 1145 303 1226 χαρτίον
320 1147 469 1226 μέμβρινον
483 1148 514 1206 τδ
529 1148 772 1226 Σχηματολὸγιον·
797 1147 939 1226 Μιχαὴλ
955 1147 970 1205 δ
985 1147 1019 1206 ἐν
1034 1149 1199 1224 μοναχοίς
1215 1147 1398 1226 ἐλάχιστος

85 1265 158 1326 καί
179 1269 442 1346 καθηγούμενος.
489 1269 548 1328 Διδι
571 1275 632 1328 τῶν
664 1269 826 1330 δοθέντων
856 1269 996 1345 βιβλίων
1026 1269 1088 1328 άπδ
1111 1274 1169 1344 τῆς
1199 1266 1314 1342 οὐσίας
1336 1275 1397 1330 τῶν

87 1392 270 1468 κτητάρων
293 1391 377 1466 μετὰ
404 1391 564 1466 τελευτὴν
587 1393 645 1466 τὴν
675 1392 779 1451 οιθτιῖιν
809 1389 897 1471 παρὰ
919 1394 974 1450 τοῦ
997 1390 1182 1470 ἐπιτρόπου.
1228 1390 1341 1466 Βιβλίον
1364 1391 1397 1450 τὰ

91 1512 249 1586 Ἀσκητικδι
276 1516 322 1572 τοῦ
352 1512 431 1592 ἁγίου
454 1513 609 1574 Βασιλείου.
655 1512 761 1586 βιβλίον
790 1512 815 1572 οί
838 1513 1021 1593 Μαργαρῑται.
1067 1512 1216 1592 Ἑρμηνεία
1243 1517 1289 1574 τοῦ
1320 1513 1397 1591 ἁγίου

90 1632 248 1692 Βασιλείου
271 1631 310 1705 είς
336 1634 381 1693 τδν
408 1636 546 1714 προφήτην
569 1629 692 1696 Ἠσαίαν.
734 1634 850 1714 ἐπιλογη
873 1639 926 1693 τῶν
950 1631 1119 1709 Ἀσκητικιῖιν
1141 1637 1187 1694 τοῦ
1210 1632 1287 1712 ἁγίου
1311 1635 1396 1694 Βασι-

91 1755 178 1814 λείου
211 1755 285 1836 παρὰ
313 1759 360 1815 τοῦ
387 1756 551 1834 Λογοθέτου.
598 1755 771 1838 (Εξαημερος
801 1757 831 1816 τδ
860 1759 975 1835 πρῶτον,
1021 1756 1197 1835 Μετάρρασις
1231 1754 1398 1832 βαμβίικινος

95 1875 282 1955 σεπτέμβριος
304 1875 351 1937 καὶ
382 1876 539 1958 θκτιίιβριος.
586 1877 693 1954 βιβλίον
716 1879 731 1936 δ
754 1879 832 1956 ἁγιος
854 1878 991 1948 Διονύσιος
1020 1877 1105 1938 λιτόν.
1151 1876 1259 1951 βιβλίον
1281 1879 1296 1936 ὁ
1320 1877 1398 1956 ἁγιος

95 1999 254 2078 Δωρόθεος.
292 1998 399 2074 βιβλίον
422 1998 594 2074 Νομοκάνων
617 2000 701 2060 λιτόν.
738 1999 845 2075 βιβλίον
866 2000 897 2058 τδ
919 1997 1160 2078 Τετραβασίλειον,
1184 1998 1230 2058 δύο
1254 1999 1398 2074 βασιλείας

99 2122 169 2197 ἕχον
193 2118 241 2179 καί
263 2121 308 2180 τδν
328 2120 385 2194 βίον
408 2125 454 2180 τοῦ
477 2121 554 2200 ἁγίου
577 2122 701 2201 Ἀνδρέου
723 2126 769 2180 τοῦ
792 2121 837 2180 διὰ
860 2121 974 2200 Χριοτδν
996 2121 1091 2181 σαλοίι.
1132 2120 1239 2194 βιβλίον
1262 2121 1397 2201 Δακὰριον

98 2243 168 2318 ἔχον
198 2241 245 2300 καὶ
268 2243 298 2301 τδ
328 2243 419 2317 θαῦμα
441 2243 471 2301 ιδ
495 2243 524 2301 ἐν
546 2249 579 2324 ιη
602 2243 694 2324 Πηγῇ.
741 2242 848 2317 βιβλίον
870 2247 916 2302 τοῦ
946 2241 1023 2320 ἁγίου
1046 2242 1191 2302 Βασιλείου
1215 2243 1399 2324 Ἀντιρρητικίι

97 2363 133 2421 τδι
156 2365 222 2442 πρδς
237 2364 378 2440 Εὐνὰμιον.
410 2364 457 2423 Τὰ
480 2365 701 2440 ἑπικτηθέντα
724 2363 806 2438 μετὰ
829 2365 989 2439 τελευτὴν
1008 2370 1072 2424 τῶν
1087 2367 1265 2444 κτητάρων.
1297 2365 1398 2425 Μετα-

98 2485 214 2564 ρράσεις
246 2484 301 2564 δίο,
331 2488 361 2545 τὀ
385 2486 435 2562 μὲν
458 2489 488 2546 έν
510 2487 540 2545 ιδ
570 2493 676 2566 πρῶτον
698 2491 744 2546 τοῦ
774 2485 941 2567 ίαννουαρίου
971 2489 1067 2564 μηνός,
1099 2488 1128 2545 τδ
1151 2485 1182 2545 δὲ
1213 2488 1305 2566 ἕτερον
1333 2487 1398 2565 ἔχον

99 2609 286 2686 ρευρουάριον,
319 2610 430 2686 μάρτιον
453 2607 499 2668 καὶ
531 2607 685 2688 ἁπρίλλιον.
731 2607 962 2688 Τετραβασιλειον
994 2611 1086 2686 ἕτερον
1109 2609 1175 2686 έχον
1197 2607 1242 2668 καὶ
1265 2609 1328 2667 οιίιτδ
1352 2607 1399 2668 δύο

100 2729 256 2808 βασιλείας,
274 2730 526 2809 Παραλειπομένων
542 2730 588 2790 καί
604 2727 733 2811 Ἔσδρας.
765 2728 812 2790 καί
827 2733 919 2810 ἕτερον
935 2711 1042 2805 βιβλίον
1057 2732 1248 2810 πανηγυρικὸν.
1281 2727 1346 2788 Καὶ
1361 2729 1400 2788 τὰ

100 2852 375 2929 προσενεχθέντα
398 2853 482 2927 μετὰ
504 2853 665 2928 τελευτὴν
688 2857 742 2912 τοῦ
764 2855 923 2931 κτήτορος
942 2852 1029 2930 παρὰ
1051 2855 1105 2911 τοῦ
1128 2855 1278 2929 μοναχοῦ
1301 2855 1399 2931 κυροίι

101 2973 258 3032 Ἰωάννου
281 2971 336 3032 καί
357 2978 587 3048 πνευματικοῦ
615 2975 739 3054 πατρὸς
761 2978 815 3032 τοῦ
839 2973 1022 3053 μακαρίτου
1046 2973 1203 3032 αθθέντου
1226 2974 1319 3047 ἡμῶν
1342 2971 1398 3031 καὶ

99 3095 273 3173 κτήτορος.
313 3095 463 3175 Πατερικδν
485 3097 516 3154 τδ
539 3097 614 3174 μέγα
635 3095 706 3156 κατὰ
721 3096 862 3156 Ματθαϊον
885 3093 931 3154 καὶ
953 3095 984 3154 τδ
1006 3099 1112 3174 πρῶτον
1135 3092 1182 3153 καὶ
1205 3093 1329 3172 δεύτερον
1352 3091 1399 3152 καί

103 3216 331 3294 Χρυσοστομικόν.
370 3215 472 3277 καὶτὰ
496 3217 674 3293 ἐπικτηθέντα
695 3217 805 3297 ὕστερον
829 3215 860 3290 ἐξ
882 3216 1032 3296 ἀγορασίαις
1055 3214 1160 3292 βιβλία.
1199 3215 1399 3292 Ἀναγνωστιιιδι

103 3340 204 3415 έχοντα
227 3338 340 3419 διάφορα
364 3340 576 3418 ἁναγνώσμσιτα,
599 3341 630 3398 τδ
654 3339 704 3414 μὲν
720 3341 750 3398 έν
773 3337 819 3398 ἀπ’
832 3339 921 3418 ἀρχῆς
943 3339 987 3397 τό·
1011 3343 1079 3408 πῶς
1101 3339 1176 3412 ὑμῖν
1191 3337 1229 3396 τὰ
1251 3337 1399 3416 ἡμέτερα

102 3457 206 3518 καὶτὰ
229 3459 401 3538 Κλημέντια,
431 3462 462 3520 τδ
486 3460 516 3522 δὲ
540 3463 632 3541 ἕτερον
656 3459 834 3536 ἐνδεδυμένον
858 3458 986 3534 βλαττίον
1010 3460 1073 3537 ἔχον
1097 3460 1145 3518 ἀπ’
1162 3459 1250 3540 ἀρχῆς
1273 3459 1318 3517 τδν
1341 3458 1399 3533 βίον

102 3587 149 3639 τοῦ
165 3580 301 3662 Σωτῆρος.
333 3583 551 3664 Χρυσοστομικδν
573 3584 708 3659 κείμενον.
741 3582 848 3659 βιβλίον
872 3585 963 3662 ἕτερον
978 3583 1008 3641 τδ
1029 3581 1108 3641 δοθὲν
1122 3581 1198 3662 παρὰ
1211 3585 1257 3642 τοῦ
1278 3585 1400 3658 μοναχοθ

105 3703 269 3780 Συγκέλλου
293 3705 359 3782 ἔχον
383 3704 429 3764 ἀπ’
443 3706 532 3785 ἀρχῆς
556 3706 746 3786 Χρυοὰοτομον
768 3703 815 3765 καὶ
831 3705 986 3764 Λευῖτικόν·
1011 3703 1071 3761 Διὰ
1093 3708 1154 3763 τῶν
1177 3701 1234 3762 καί
1257 3704 1304 3762 ἔτι
1328 3701 1399 3761 έπι-

104 3825 293 3899 κτηθέντων
317 3827 400 3901 μετὰ
422 3826 587 3902 τελευτὴν
602 3831 658 3888 τοῦ
673 3829 843 3904 κτήτορος.
875 3825 1014 3885 Διὰτῶν
1031 3821 1275 3899 ἐξωνηθέντων.
1308 3821 1398 3897 Ἐξω-

105 3947 173 4020 νήθη
197 3946 250 4006 ἀπδ
272 3952 318 4008 τοῦ
341 3949 525 4027 ἀποιχομένου
548 3949 694 4029 μαγίοτρου
716 3951 798 4027 κυροθ
820 3947 933 4022 Συμεὼν
955 3951 1002 4006 τοῦ
1018 3947 1074 4022 Σὴθ
1098 3946 1195 4021 βιβλία
1211 3947 1401 4024 Μετορρὰσεις

106 4069 182 4128 δέκα.
217 4069 381 4147 εὐαγγέλιον
405 4069 470 4147 ἔχον
492 4071 522 4129 τδ
544 4071 608 4149 θρος
631 4067 821 4142 ξυλὰτευκτον·
855 4066 936 4143 ἐδέθη
953 4067 1074 4146 δὲπαρά
1089 4071 1134 4128 τοῦ
1156 4065 1304 4145 μαγίστρου
1320 4069 1400 4146 κυροθ

107 4191 311 4252 Κωνσταντίνου
333 4196 379 4251 τοῦ
403 4191 637 4271 Παραβλειτιῆρος
667 4190 774 4265 βιβλίον
797 4191 827 4250 τδ
856 4190 927 4250 κατὰ
949 4189 1079 4265 Ἰωάννην
1106 4190 1137 4248 τδ
1167 4187 1300 4268 δεύτερον.
1346 4187 1400 4246 ἁπδ

105 4317 151 4372 τοῦ
175 4318 296 4391 μοναχοῦ
319 4312 467 4395 Γρηγορίου
490 4314 686 4389 ἁνελαβάμεθα
710 4311 818 4388 βιβλίον
841 4313 907 4390 ἔχον
930 4311 1045 4392 στιχηρὰ
1067 4312 1212 4386 τονισμένοι
1234 4312 1272 4381 ὡς
1295 4309 1399 4390 Είρμο-

106 4435 211 4512 λογίαν.
251 4435 336 4514 ἁρέθη
360 4433 406 4495 καὶ
428 4435 503 4514 παρὰ
524 4441 570 4496 τοῦ
594 4435 744 4516 μακαρίτου
767 4433 946 4510 Βουτουμίτου
969 4429 1097 4509 ἀσημίτια
1121 4431 1234 4512 διάρορα
1257 4429 1304 4490 καὶ
1326 4430 1399 4490 καλ-

106 4555 272 4636 δαροιιὸλιον
294 4559 324 4615 τδ
349 4557 428 4617 δοθὲν
449 4557 524 4636 παρὰ
545 4562 591 4616 τοῦ
614 4558 761 4637 μακαρίτου
783 4560 863 4636 κυροῦ
883 4554 1001 4636 Νικήτα,
1025 4557 1100 4616 ἁτινκ
1124 4554 1237 4614 δοθέντα
1259 4553 1399 4628 ἀνέλαβέ-

107 4679 187 4755 μεθα.
205 4679 410 4758 δισκατοτηριον
427 4678 570 4761 διάχρυσον
587 4679 651 4757 έχον
668 4679 768 4742 ἔσωθεν
783 4679 832 4756 τὴν
848 4679 1004 4758 οταίρωσιν,
1020 4677 1100 4740 ἱστῶν
1117 4671 1234 4767 [λίτρας]
1248 4671 1284 4752 η’.
1309 4677 1400 4762 ἕτερον
