3194 5298
1274 385 1333 450 157

38 579 117 652 λόγον
128 577 152 661 ¹)
186 577 342 659 βιώσεωςέ)
373 576 420 638 καί
450 581 607 652 σωματικῆς
639 577 819 649 δαπανῆσεως
853 575 901 636 καῖ
934 577 1192 659 προσταλαιπωρῖας
1227 576 1335 653 ἀπάσης

39 699 200 776 ἐνηθληκώς
228 699 276 760 καὶ
303 701 407 780 σφόδρα
429 695 662 782 ἑκτετηγμένσςύ)
690 700 720 757 ού
742 698 780 778 τῷ
803 701 877 782 γήρᾳ
899 699 1010 774 μᾶλλον
1032 703 1051 774 ῆ
1073 703 1129 772 τοῖς
1151 721 1184 776 γε
1207 701 1334 773 τοιούτοις

36 824 133 900 πόνοις,
160 823 200 882 ἔτι
223 825 387 898 θαυμαστῶς
410 821 523 897 ἐμμένει
545 819 592 879 καὶ
616 821 788 900 διακαρτερεῖ
808 823 857 896 τὴν
874 819 904 894 ἐξ
920 823 1008 902 ἀρχῆς
1024 822 1123 897 ἀκλινῆ
1139 816 1262 902 γνώμην,
1288 822 1335 882 καὶ

36 947 121 1022 ὥσπερ
146 950 194 1004 νῦν
219 944 329 1020 μᾶλλον
354 946 531 1022 ἐπειγόμενος
553 942 600 1003 καὶ
623 941 779 1014 σπουδάζων
804 943 891 1018 δῆλός
914 943 993 1023 ἐστιν,
1017 944 1083 1004 ἀλλ’
1097 946 1148 1021 σύχ
1170 946 1208 1015 ώς
1230 946 1263 1003 ἂν
1278 943 1333 1019 ἤδη

36 1071 142 1126 τοσοῦτο
175 1067 327 1148 προλαβὼν
354 1065 401 1126 καὶ
428 1065 598 1149 καταστάςέ)
627 1065 679 1141 ἤδη
703 1087 762 1138 πως
784 1066 915 1144 ἀσφαλῶς
923 1065 948 1149 ⁵)
973 1068 1002 1127 ἑν
1026 1069 1116 1142 λιμένι
1138 1065 1185 1126 καὶ
1206 1067 1332 1148 γαλήνη·

38 1189 134 1262 ἀμέλει
166 1188 215 1248 καὶ
245 1195 294 1264 τῆς
320 1188 381 1270 περὶ
408 1191 439 1248 τδ
462 1190 565 1268 ἀγαθόν
588 1190 718 1265 τοσαύτης
742 1187 828 1261 έξεως
850 1188 897 1250 καὶ
920 1188 1022 1268 σφόδρα
1043 1191 1086 1248 ὑπ’
1099 1189 1206 1270 ἀμφοῖν,
1235 1193 1282 1249 τού
1304 1210 1334 1248 τε

37 1313 191 1385 πανσέμνου
218 1309 295 1372 τοῖνδε
323 1313 427 1392 γήρως,
458 1313 496 1383 ὡς
520 1309 632 1391 εἴρηται,
659 1310 706 1370 καὶ
729 1317 782 1370 τῶν
804 1312 937 1372 τοσούτων
959 1315 1090 1388 καμάτων
1113 1309 1160 1370 καί
1182 1311 1334 1388 ἀσκητικιῖιν

38 1433 157 1512 ἱδρώτων
179 1436 211 1494 τό
233 1440 313 1510 σῶμα
335 1436 608 1512 καταλαμπόμενος,
638 1434 687 1492 σὐκ
709 1433 793 1492 ἔπειθ’
807 1435 883 1508 όμως
905 1436 1057 1508 κάμπτεται
1065 1432 1088 1514 ⁶)
1111 1434 1160 1508 την
1182 1432 1335 1508 καλλίστην

38 1555 133 1630 ταύτην
161 1559 286 1635 γνώμην,
310 1555 374 1616 ούδὲ
396 1556 477 1638 χαλᾷ
498 1556 570 1616 κατὰ
592 1556 681 1636 βραχύ
703 1554 749 1615 καὶ
772 1562 825 1614 τῶν
848 1557 931 1616 τόνων
954 1558 1004 1616 ούκ
1027 1555 1175 1636 ἐνδίδωσιν,
1207 1557 1270 1617 ούδέ
1292 1577 1334 1616 νι-

39 1683 116 1737 κᾶται
146 1681 176 1738 τό
206 1680 340 1758 φρόνημα,
375 1674 453 1738 ἀλλά
482 1681 512 1738 τό
542 1679 593 1753 μέν
617 1684 696 1752 σῶμα
717 1679 829 1754 ἥττηται
851 1679 916 1758 ῆδη,
951 1678 999 1738 καί
1025 1685 1099 1738 νῶτα
1122 1677 1215 1738 δίδωσί
1236 1699 1266 1738 τε
1289 1677 1336 1738 καί

39 1800 165 1877 τρέπεται
195 1800 239 1860 ἐπὶ
268 1801 402 1860 τοσούτων
431 1807 485 1860 τῶν
514 1801 710 1881 προλαβόντων
740 1799 787 1860 καὶ
813 1803 902 1860 πόνων
932 1799 978 1861 καί
1009 1805 1125 1882 χρόνων,
1160 1803 1175 1861 ό
1201 1800 1336 1880 λογισμός

42 1921 69 1979 δὲ
100 1922 235 1997 ἀήττητος
264 1923 345 2002 κάρον
376 1925 425 1982 οῖικ
455 1923 529 2000 ἔχειν
560 1921 666 1982 ούδέπω
696 1928 750 1980 τῶν
780 1921 876 1982 καλῶν
906 1919 986 2002 ἀξιοῖ,
1021 1915 1065 1983 οἷα
1094 1924 1128 1997 δίη
1157 1922 1201 1983 ἐπί
1228 1921 1335 1983 πάντων

42 2041 170 2124 γίγνεται,
204 2044 251 2104 καί
279 2048 361 2120 μόνον
387 2035 433 2104 τδν
462 2043 506 2104 ἐπὶ
531 2045 634 2116 τούτοις
662 2044 723 2124 έρον
750 2044 922 2121 ἀδαπάνητόν
949 2045 1048 2106 τεκαὶ
1071 2049 1239 2108 παντάπασιν
1263 2047 1335 2106 ἀκά-

44 2170 125 2238 ματόν
152 2188 181 2226 τε
207 2166 254 2227 καί
282 2168 473 2248 ἀνεπίστρσφσν
501 2166 585 2228 οἴεται
613 2167 670 2227 δεῖν
698 2162 776 2229 είναι.
818 2169 892 2228 παύε’
908 2169 961 2248 ἀρα
987 2165 1034 2226 καί
1060 2169 1190 2245 τοσαύτην
1217 2166 1264 2228 καί
1291 2167 1336 2228 ἐπὶ

45 2291 173 2361 τοσούτοις
202 2291 257 2366 ἤδη
287 2293 344 2363 τοῖς
373 2291 444 2351 ἔτεσι
475 2288 682 2366 συλλεξάμενος
703 2291 752 2366 τὴν
774 2293 968 2372 πνευματικήν,
1003 2293 1041 2363 ώς
1064 2292 1140 2372 ἔφην,
1170 2293 1336 2354 κατάστασιν

46 2409 88 2469 καί
113 2414 288 2493 προειληφὼς
314 2413 382 2474 οίιτω
409 2415 477 2474 πάνυ
504 2434 543 2474 τοι
570 2416 662 2494 πόρρω
688 2412 735 2473 καί
763 2416 955 2494 καταπεράνας
982 2410 1011 2472 εύ
1042 2415 1121 2489 μαλα
1146 2414 1337 2494 τελεσιουργόν

47 2538 87 2592 τοῦ
117 2535 173 2608 βίου
202 2537 252 2610 τὴν
279 2537 406 2616 πρόθεσιν
437 2535 569 2615 ἀσφαλῶς
596 2555 626 2594 τε
653 2534 700 2594 καὶ
728 2542 855 2616 γενικῶς,
887 2538 925 2608 ώς
951 2535 998 2596 καὶ
1025 2541 1071 2597 τοῦ
1099 2537 1157 2612 βίου
1183 2537 1262 2597 τοῖνδε
1290 2536 1337 2597 καὶ

48 2663 91 2730 τῆς
120 2659 227 2736 ύψηλῆς
256 2656 367 2736 ταυτησί
395 2656 520 2728 παιδείας
550 2657 728 2738 παράδειγμα
756 2657 803 2716 καί
829 2659 910 2730 τύπος
942 2659 1065 2736 ἔμψυχος
1094 2661 1263 2740 περιπολεῖν,
1298 2663 1337 2734 ώς

49 2777 153 2853 ἀληθῶς
179 2779 211 2840 δέ
238 2779 286 2841 καὶ
309 2776 378 2842 είναι
400 2779 446 2840 καί
468 2783 524 2852 τοῖς
546 2781 664 2852 πολλοῖς
687 2781 848 2860 ὑπειλῆφθαι
871 2783 920 2842 ούκ
942 2783 1036 2864 ἀγαπᾷ
1058 2786 1104 2842 τού
1126 2783 1232 2845 λοιποῦ.
1267 2784 1282 2841 ό
1305 2783 1337 2842 δέ

49 2897 205 2975 διέποντος
229 2904 338 2976 ἐντοῖς
361 2904 450 2976 αύτσῖς
473 2905 543 2983 ἔχει,
566 2903 613 2962 καὶ
636 2905 727 2982 ώσπερ
750 2903 775 2961 οί
796 2901 908 2975 πλείους
930 2902 977 2962 καί
1001 2904 1125 2977 βελτίους
1148 2904 1199 2978 μέν
1222 2901 1267 2964 σύν
1281 2910 1336 2964 τῶν

51 3019 179 3108 εἰσαγωγῇ
201 3027 356 3106 χρωμένων
378 3030 423 3085 νύν
446 3020 514 3084 εἶναι
538 3026 571 3100 δὴ
595 3025 641 3084 καί
664 3025 731 3102 χθές
753 3025 800 3084 καὶ
822 3023 981 3107 πρότριταί)
1005 3025 1052 3084 καί
1076 3029 1154 3098 αύτδς
1178 3025 1221 3086 ἀεὶ
1243 3047 1335 3108 παρα-

51 3150 210 3227 σκευάζεται,
238 3147 284 3208 καί
313 3149 400 3209 ἔοικεν
424 3151 514 3226 ὥσπερ
537 3148 731 3228 ἀγωνιζομένῳ
754 3146 800 3208 καὶ
823 3147 922 3208 δεδιότι
945 3145 992 3207 καί
1013 3147 1227 3232 πρσσδραμεῖνδ)
1252 3170 1336 3210 σπου-

52 3265 156 3350 δάζοντι,
177 3272 455 3348 καταγυμναζόμενος
477 3273 522 3330 τδν
545 3273 651 3331 ἅπαντα
672 3273 770 3351 χρόνον
792 3269 839 3330 καῖ
860 3271 1038 3352 κατατρύχων
1053 3271 1201 3352 ἀπέραντα,
1223 3275 1336 3350 κάμνων

52 3391 77 3447 τό
103 3399 180 3469 σῶμα
207 3395 300 3465 πόνοις
322 3393 474 3466 ἀνενδότοις
497 3393 610 3464 ἀσιτίαις
632 3415 661 3453 τε
684 3393 730 3452 καί
754 3389 911 3474 ἀγρυπνίαις
933 3392 979 3453 καὶ
1002 3396 1112 3454 στάσεσι
1135 3395 1268 3467 συντόνοις
1289 3393 1336 3454 καί

52 3509 94 3571 τίνι
113 3521 164 3574 τῶν
193 3513 352 3590 εἰθισμένων
375 3514 421 3576 καὶ
444 3517 601 3576 καλλίστων
625 3517 739 3594 ἀγώνων
763 3515 807 3596 ού,
836 3515 883 3576 καὶ
905 3517 1028 3592 νομίμως
1037 3519 1071 3598 9),
1103 3517 1213 3593 μάλλον
1237 3517 1268 3578 δέ
1291 3516 1337 3578 καὶ

53 3634 126 3697 πλέον
148 3641 166 3712 ἢ
189 3640 261 3710 τέως
283 3637 420 3713 νομίζεται
441 3641 499 3710 τοῖς
520 3640 618 3710 καλῶς
640 3639 788 3719 ῆργμένοις
810 3638 858 3698 καὶ
880 3637 943 3720 περί
965 3641 1010 3700 τόν
1032 3642 1213 3715 πνευματικόν
1237 3640 1338 3720 δρόμον

55 3755 205 3832 ἀκμάζουσιν
229 3761 309 3832 αύτός
332 3761 371 3820 έτι
393 3781 436 3820 πω
458 3759 504 3820 καί
527 3766 572 3820 νῦν
595 3761 639 3820 ἐπί
662 3763 793 3822 τοσούτων
808 3769 861 3822 τῶν
879 3763 946 3822 έτῶν
961 3763 1197 3838 κατατεινόμενος.
1221 3761 1267 3823 καὶ
1283 3765 1338 3839 μὴν

55 3880 92 3940 καί
115 3881 207 3943 τᾶλλα
229 3885 301 3942 κατὰ
323 3885 352 3942 τό
375 3881 442 3960 ῆθος
465 3885 572 3944 ἅπαντα
593 3889 639 3944 τοῦ
662 3885 810 3961 θαυμασίου
832 3884 910 3945 τοῦδε
932 3886 1062 3961 ποιμένος
1085 3885 1219 3962 ἀναλογεῖ
1239 3905 1269 3944 τε
1291 3883 1338 3944 καὶ

58 4006 181 4080 ουμβαίνει
203 4008 271 4086 πρός
294 4009 376 4066 ταῦτά
398 4005 489 4065 τεκαὶ
509 4009 576 4086 πρός
593 4007 719 4088 ἄλληλα,
742 4002 797 4066 οἷον
812 4009 830 4082 ῆ
846 4013 895 4083 τῆς
912 4009 1021 4084 ἀγάπης
1036 4010 1103 4088 πρός
1119 4009 1239 4079 ἅπαντας
1255 4007 1337 4066 ἐλευ-

58 4124 174 4208 θεριότης,
197 4129 228 4188 τδ
251 4129 385 4208 ἀόργητον
405 4129 552 4204 θαυμάσιον
572 4121 638 4208 οἷον,
662 4131 692 4188 τ“ο
707 4129 853 4210 φιλοικτον,
876 4130 894 4203 ῆ
910 4135 959 4204 τῆς
975 4133 1065 4206 ψυχῆς
1079 4127 1200 4208 γαλήνη,
1223 4130 1254 4188 τό
1269 4115 1338 4204 μῆτε

57 4245 185 4325 λογισμοῖς
208 4252 278 4326 μήτε
301 4251 398 4328 λόγοις
421 4253 485 4325 μήτ’
494 4251 596 4310 οἴεσθαι
619 4254 689 4327 μήτε
712 4251 805 4330 λέγειν
828 4250 890 4331 περὶ
912 4253 997 4310 ότιούν
1013 4251 1132 4332 φλαῦρον
1149 4251 1237 4325 ούδέν,
1261 4251 1339 4311 ἀλλά

59 4369 108 4448 περὶ
126 4376 231 4434 πάντων
254 4373 300 4432 καί
324 4373 469 4445 βούλεσθαι
492 4372 538 4432 καί
562 4374 652 4434 δοκεῖν
675 4373 722 4434 καὶ
745 4373 839 4452 λέγειν
862 4375 940 4434 πάντ’
953 4375 1053 4454 ἀγαθά,
1079 4374 1111 4432 ἐκ
1133 4379 1186 4432 τῶν
1203 4372 1270 4433 οῖκοι
1285 4375 1338 4449 θη-

149 4567 168 4630 ¹)
187 4563 247 4614 κατὰ
265 4559 307 4614 τάν
326 4557 347 4615 θ’.
366 4561 390 4613 λ,
409 4563 506 4614 desunt
524 4565 555 4614 R.
575 4565 602 4614 Z.
676 4565 696 4630 ²)
716 4564 795 4630 βιαίας
813 4567 844 4616 Β,
917 4563 937 4632 ³)
957 4581 1021 4631 σωμ.
1035 4563 1091 4615 δαπ.
1110 4564 1149 4612 καῖ
1169 4557 1227 4631 πρδς
1247 4559 1339 4612 ἅπαντα

62 4657 119 4708 πίνον
140 4661 177 4710 καὶ
200 4659 292 4730 μόχθον
316 4659 410 4728 σφόδρα
432 4662 460 4710 Ζ.
485 4659 525 4709 καῖ
543 4655 602 4727 πρός
631 4659 669 4709 καῖ
687 4662 717 4712 R.
791 4663 811 4726 ⁴)
829 4664 977 4724 καταστῆναι
995 4661 1023 4711 Z.
1043 4661 1074 4710 R.
1147 4661 1168 4727 ⁵)
1187 4657 1295 4726 ἀσφαλεῖ
1310 4660 1337 4708 Z.

62 4751 80 4814 ⁶)
95 4755 200 4824 τέρπεται
218 4759 247 4807 Ζ.
320 4753 403 4826 ῆπρά
421 4755 501 4826 τρίτης
519 4755 551 4806 Β.
623 4756 644 4822 ⁸)
662 4755 748 4823 προσδ.
767 4757 798 4806 R.
818 4757 845 4806 Z.
864 4757 894 4808 B.
967 4751 986 4823 θ)
1005 4754 1116 4824 νομίμων
1135 4755 1176 4804 Fl.
1196 4755 1224 4804 B.
