3208 5310
1283 325 1322 390 57

61 515 101 578 οἷόν
120 519 191 583 ἐστιν,
215 523 308 600 ἕτερον
331 522 361 580 rb
384 521 437 580 ἀπδ
452 520 655 580 Κωνστσιντίνσυ
677 522 724 578 τοῦ
740 520 865 596 Μηνιοίιη
881 522 911 578 τ“ο
929 519 1125 596 ἐπιλεγόμενον
1141 523 1190 594 τῇς
1206 516 1327 598 Στράτσις

60 639 93 698 n?
111 641 229 718 σίνεγγυς
250 641 391 722 χωραρίου
412 647 458 702 τοῦ
474 642 629 721 Κατοβοῦρι
649 640 743 716 μοδίου
760 640 794 704 α’.
821 643 912 720 ἕτερον
927 642 957 700 εδ
973 641 1127 718 λεγόμενον
1142 641 1173 698 τδ
1191 641 1326 712 Βοτζσίτσν

60 764 143 840 σίνσρσν
151 760 173 844 ¹)
201 766 249 824 τοῦ
279 769 359 823 παποί
388 762 619 843 Δημητρόπουλου
651 761 745 837 μοδίου
768 761 805 822 α’.
837 764 928 842 ἕτερον
957 763 987 822 τδ
1018 762 1071 822 ἀπδ
1102 760 1249 841 Θεοδώρου
1280 766 1327 822 τοῦ

60 883 159 942 ίίιλιιιοῡ
182 886 213 943 πδ
242 885 397 961 λεγόμενον
425 889 479 944 τῶν
504 886 667 959 Ἀμμουσῶν
695 881 742 943 οιαὶ
768 883 884 964 πλησίον
914 883 1052 964 χωραρίου
1084 885 1129 942 τοῦ
1155 882 1328 963 Σριλινιοΰρδι

59 1002 138 1076 μσδίων
151 1003 178 1083 γ’
188 1003 235 1078 ς”.
270 1008 363 1086 ἕτερον
391 1006 444 1065 ἀπδ
468 1006 593 1084 ’Μοιρίνας
620 1011 669 1082 τῇς
693 1007 851 1080 Ζυμώνειας
876 1006 907 1064 τδ
934 1005 1089 1083 λεγόμενον
1111 1007 1157 1064 τοῦ
1181 1005 1326 1084 Ἀγορείσση

58 1128 79 1183 τί
98 1126 178 1186 ίπσίνω
199 1125 246 1186 καί
269 1129 300 1186 τδ
323 1129 408 1207 ποίτω,
432 1129 494 1188 ὅσον
518 1125 565 1188 καί
588 1121 643 1186 οἷὸν
668 1127 731 1188 ἐστι.
758 1129 849 1206 ἕτερον
872 1131 925 1186 τῶν
940 1127 1114 1200 νιλεισμσίτων
1129 1127 1160 1184 πδ
1176 1126 1326 1186 αδλὸτοπον

58 1253 90 1305 τοῦ
110 1243 248 1328 Εὐριπιώτη
273 1247 375 1323 μσδίων
390 1246 428 1326 γ’.
454 1251 545 1327 ἕτερον
567 1249 598 1308 πδ
621 1249 674 1308 ἀπὸ
698 1246 845 1328 Θεοδώρου
869 1251 915 1308 τοῦ
939 1244 1055 1320 Μεταξᾱ
1079 1246 1118 1318 εἰς
1139 1248 1188 1320 τὴν
1210 1249 1327 1308 τοποθε-

58 1369 101 1425 οίω
118 1375 158 1428 τοῦ
172 1371 357 1446 Συνασαμίνου
373 1369 414 1453 (ί)
438 1369 485 1431 καί
506 1369 622 1445 πλησίον
644 1369 784 1450 χωραρίσυ
807 1374 851 1428 τοῦ
868 1369 1041 1444 Ἀλειμματᾱ
1057 1369 1159 1443 μοδίων
1174 1367 1211 1447 γ’.
1236 1371 1327 1447 ἕτερον

59 1491 96 1548 ίπο
115 1493 226 1569 Μιχαὴλ
255 1491 353 1570 ἱερέως
383 1496 428 1552 τοῦ
456 1491 588 1567 Σουπίπζη
618 1493 646 1552 ἐν
673 1498 706 1573 πῇ
733 1497 850 1572 περιοχῇ
877 1496 930 1550 τῶν
954 1491 1128 1570 Ἁρμενοίδων
1155 1491 1186 1550 τδ
1213 1490 1328 1566 πλησίον

58 1611 169 1690 χωρσρίου
196 1618 242 1674 τοῦ
265 1615 397 1688 Ζυμώνου
418 1615 449 1674 τδ
472 1613 567 1672 ἀποίνω
597 1611 644 1674 καὶ
668 1615 696 1673 σδ
718 1615 793 1672 νιοίτω
817 1611 920 1688 μσδίων
936 1609 971 1674 δ’.
1004 1614 1096 1693 ἕτερον
1118 1612 1148 1670 τδ
1172 1613 1224 1672 ἀπδ
1248 1613 1327 1692 Ἀρε-

57 1739 93 1806 τίς
117 1740 158 1810 τῇς
180 1735 293 1810 συμβίσυ
317 1736 443 1795 ’,Ιωσίννου
471 1740 517 1794 τοῦ
540 1733 670 1808 Σουπίπζη
694 1735 723 1794 ἐν
746 1741 778 1816 σῇ
800 1739 916 1816 περιοχῇ
939 1739 993 1794 τῶν
1018 1731 1180 1814 Λισπσίρδων
1203 1739 1249 1794 τοῦ
1270 1755 1327 1810 πη-

57 1851 132 1928 γσδίνυ
154 1857 183 1914 τδ
210 1856 268 1916 ἅνω
298 1855 345 1916 καί
372 1859 402 1916 το
429 1859 514 1936 νιοίτω,
543 1859 558 1916 δ
587 1857 637 1932 μὲν
659 1857 691 1916 πο
715 1859 769 1916 ἅνω
795 1855 864 1915 ἐστὶν
888 1855 1116 1936 ίδισπεριὸρισπον,
1146 1858 1177 1915 τδ
1200 1855 1231 1916 δὲ
1253 1859 1328 1916 νισίτω

58 1975 148 2054 ίπίρχει
172 1977 314 2057 χωραρίου
341 1981 388 2037 τοῦ
410 1978 536 2054 Καμίτζη
564 1979 767 2058 συγχωρῇσεως
794 1977 896 2052 μσδίων
917 1975 954 2054 η’.
991 1979 1081 2057 ἕτερον
1111 1975 1150 2048 εἰς
1176 1978 1221 2036 τδν
1249 1977 1328 2038 αὒτδν

57 2099 119 2155 τόπον
137 2100 165 2158 εδ
187 2100 239 2159 ἀπο
257 2100 454 2180 Ἀρσιβοινιινσῦ
476 2104 522 2159 τοῦ
538 2101 678 2176 Μηνισίτου
700 2101 731 2159 τδ
753 2099 907 2178 λεγόμενον
922 2102 969 2158 τοῦ
985 2096 1101 2171 Μεταξᾱ
1115 2103 1162 2158 τοῦ
1178 2097 1327 2178 βεστοίρχη,

58 2217 103 2276 ὅσον
121 2217 162 2278 νισιί
184 2213 239 2281 οίὸν
265 2221 347 2282 ἐστιν.
370 2219 416 2280 καὶ
440 2223 532 2301 ἕτερον
548 2227 597 2296 τῇς
620 2221 780 2299 Κουμαρίας
802 2223 832 2281 ιδ
854 2221 970 2297 πλησίον
992 2220 1132 2299 χωραρίου
1151 2224 1196 2280 τοῦ
1212 2221 1329 2295 Ζυμωνοί

57 2339 137 2410 μσδίων
152 2339 183 2400 δ’.
215 2345 310 2421 ἕτερον
337 2344 367 2402 τδ
395 2344 498 2402 οίνωθεν
524 2343 617 2402 τοίντου
645 2342 739 2416 μοδίσυ
755 2341 791 2402 σι’.
824 2344 915 2422 ἕτερον
943 2343 996 2402 ἀπδ
1020 2343 1138 2412 Λέοντος
1166 2341 1261 2421 ἱερέως
1283 2345 1329 2400 τοῦ

57 2460 182 2534 Κονβσλέα
202 2463 251 2523 καὶ
276 2464 380 2523 σίνωθεν
400 2465 539 2544 χωραρίου
553 2468 599 2524 τοῦ
616 2463 801 2524 Ῥουλλοίνδου
817 2463 912 2538 μσδίσυ
929 2460 965 2544 α’,
993 2465 1023 2524 τδ
1037 2463 1153 2538 πλησίον
1168 2469 1218 2538 σῇς
1234 2468 1327 2537 μονῆς.

58 2583 128 2660 ἑπερον
153 2589 293 2666 χωροίρισν
323 2585 353 2644 τδ
376 2585 575 2664 ἐπιλεγόμενον
598 2586 865 2666 Γραμμστζουλοίτου
892 2587 976 2665 ἤγουν
1003 2586 1036 2646 τὰ
1063 2584 1110 2646 δύο
1133 2587 1203 2664 μέρη
1228 2583 1329 2659 μοδίων

17 2759 18 2778 γ
58 2701 126 2778 ε’ς”.
149 2709 237 2787 έιερον
261 2708 401 2785 χωροίρισν
422 2707 453 2766 τδ
476 2706 529 2766 ἀπδ
553 2707 672 2767 ’.ίνινιίου
696 2711 818 2785 μονοσχοίν
840 2711 885 2766 τοῦ
905 2708 1083 2786 Χρυσοβέργη
1108 2707 1136 2766 ἐν
1158 2711 1192 2788 τῇ
1213 2707 1329 2764 τοποθε-

56 2823 88 2905 σῖᾳ
106 2827 234 2900 Ἁμωσίοις
266 2829 297 2887 τδ
328 2829 449 2888 κάτωθεν
481 2832 526 2888 τοῦ
548 2829 705 2906 Χοιλινιεροῦ
734 2827 782 2888 καί
808 2831 946 2908 χωροίριον
968 2831 1014 2888 τοῦ
1036 2829 1175 2908 Δρεποίνου
1197 2826 1244 2886 καί
1266 2847 1328 2904 χω-

57 2948 128 3023 ρίρισν
150 2953 194 3008 τοῦ
223 2951 400 3025 Ἀλειμματᾶ
428 2947 530 3024 μσδίων
550 2948 588 3028 γ’.
621 2951 712 3029 ἕτερον
741 2950 794 3010 ἀπδ
821 2951 932 3031 Χρυσῇς
958 2955 1008 3027 τῆς
1034 2947 1146 3024 συμβίου
1173 2946 1258 3008 Ἣλίοι
1283 2952 1330 3007 τοῦ

57 3067 169 3142 λσλνέως
192 3071 220 3130 ἐν
243 3077 279 3153 τῇ
303 3076 419 3152 περιοχῇ
443 3075 487 3131 τοῦ
511 3073 609 3146 Κὴπου
632 3054 727 3146 ριοδίου
743 3068 780 3132 α’.
809 3073 901 3151 ἕτερον
925 3073 977 3130 ἀπὸ
1000 3073 1119 3141 Λέοντος
1141 3075 1187 3129 τοῦ
1210 3071 1329 3148 Ζερζενοί

57 3189 77 3244 τί
94 3188 235 3268 λεγόμενον
258 3199 310 3268 τῆς
325 3193 430 3271 Ὁρμῆς
454 3187 548 3266 μοδίου
562 3190 614 3266 ς”.
639 3194 731 3272 ἕτερον
754 3192 807 3252 ἀπδ
823 3193 938 3269 Μόσχου
961 3194 1007 3250 τοῦ
1023 3190 1154 3266 Σουπίτζη
1178 3193 1207 3250 εδ
1223 3191 1329 3250 καλοὺ-

58 3328 120 3380 ,υενον
140 3318 186 3389 σὴς
208 3313 328 3384 Πλοοιδς
351 3313 446 3388 μοδίου
462 3312 498 3373 σι’.
531 3317 623 3394 ἕτερον
646 3318 692 3374 τοῦ
715 3315 855 3389 Βοηδηνοῠ
876 3315 907 3372 ιδ
930 3309 1035 3374 σίνωθεν
1057 3318 1104 3374 τοῦ
1126 3311 1329 3391 Μουρδσυλίτσυ

58 3429 131 3500 μοδίου
145 3434 178 3494 σί.
212 3437 308 3516 ἕτερον
335 3434 388 3495 ἀπο
411 3435 531 3512 Μιχαὴλ
556 3440 603 3495 τοῦ
626 3433 743 3508 Μεταξσί
769 3433 816 3494 καί
842 3434 959 3510 πλησίον
981 3435 1120 3516 χωραρίου
1144 3438 1189 3494 τοῦ
1212 3435 1329 3510 Ζυμώνη

57 3549 91 3609 ιωί
114 3559 154 3614 τοῦ
174 3556 376 3636 Ταρουλλσίτου
403 3554 497 3631 μοδίσυ
513 3555 549 3616 σι’.
582 3558 674 3635 ἕτερον
703 3553 741 3627 εἰς
768 3557 816 3630 σὴν
844 3557 926 3630 αδτὴν
953 3557 1085 3636 περιοχὴν
1108 3557 1262 3635 λεγόμενον
1285 3560 1331 3614 τοῦ

59 3671 215 3756 Κιλσβράτου
246 3677 297 3738 νιοιί
326 3677 442 3754 πλησίον
471 3677 609 3758 χωραρίου
638 3681 684 3736 τοῦ
707 3677 879 3756 Σριλωιοῠρδι
907 3677 1020 3737 καὶτοῦ
1043 3677 1204 3738 Μανδανίσυ
1228 3673 1330 3753 μοδίων

60 3791 127 3867 1’ς”.
155 3801 245 3878 ἕτερον
277 3797 316 3871 εἰς
343 3801 389 3858 τδν
412 3801 490 3859 αδτδν
513 3801 594 3859 τόπον
617 3800 647 3858 ιδ
669 3799 722 3858 ἀπδ
745 3799 899 3878 Νικηρὸρσυ
921 3803 967 3859 τοῦ
991 3800 1138 3878 Μοναστρᾶ
1160 3801 1191 3859 τδ
1213 3799 1331 3874 πλησίον

58 3917 246 3998 ’.ου’λδηληνοῦ
272 3917 366 3993 οἰπέξω
388 3925 434 3980 τοῦ
457 3920 574 3980 ἁλωνίου
597 3920 641 3980 σὺν
663 3925 716 3979 τῶν
741 3920 830 3980 ἐκεῖσε
852 3919 1003 3995 ἱσταμένων
1027 3920 1153 4000 δένδρων.
1186 3923 1331 4001 ἕτεροντὸ

59 4037 203 4114 νσλσίμενον
220 4037 405 4126 Ἡνονῇίδου]
427 4042 530 4116 μοδίων
546 4041 583 4122 β’,
606 4043 636 4101 σδ
659 4043 797 4121 παρελθὸν
819 4063 849 4102 σε
866 4042 918 4102 ἀπο
933 4045 979 4100 τοῦ
994 4043 1189 4122 Κοργυσιοίνου.
1205 4045 1332 4122 χωροίρια

59 4163 96 4230 Τῆς
113 4161 216 4236 Ἀβύδου
244 4165 300 4224 ἀπὸ
327 4167 373 4223 τοῦ
398 4163 595 4244 Παρδόπουλσυ
623 4166 705 4243 μέχρι
727 4169 776 4239 τῆς
799 4165 907 4243 Δέρνης
932 4164 978 4223 σὺν
1001 4171 1053 4224 τῶν
1077 4165 1179 4243 ἀγρῶν,
1211 4165 1263 4222 zoa
1285 4161 1332 4222 νιαί

61 4270 93 4335 εἶν’
112 4281 165 4344 ἐστι.
196 4289 339 4366 χωροίριον
361 4289 407 4344 τοῦ
433 4285 591 4363 Λογνιοιδίου
618 4283 665 4344 ποί
687 4286 766 4344 οιὺτδν
790 4284 925 4344 ἀπἀὺτσῦ
948 4285 1043 4360 μσδίου
1060 4283 1095 4344 α’.
1126 4287 1264 4364 χωροίρισν
1286 4290 1332 4346 τοῦ

62 4398 169 4476 Etyma&
189 4409 220 4468 τδ
243 4407 369 4468 κάτωθεν
392 4407 530 4487 χωραρίου
553 4412 607 4466 τῶν
630 4407 716 4483 ἁγίων
732 4405 885 4485 Θεοδώρων
901 4405 995 4481 μοδίου
1012 4406 1037 4466 α’
1050 4405 1100 4480 ς”.
1126 4409 1218 4486 ἕτερον
1233 4409 1263 4465 τδ
1280 4407 1332 4466 ἀπδ

146 4667 163 4731 Ι)
179 4668 211 4717 In
229 4683 323 4734 apogr.
343 4668 471 4732 seriptum
491 4681 550 4716 esse
568 4666 676 4716 videtur
694 4663 826 4732 συσίωρον.
