3194 5298
242 317 305 383 152

241 516 339 584 ζωνται
370 513 409 586 μὴ
439 515 485 570 τοῦ
508 509 698 590 μοναστηρίου,
728 508 794 568 ἀλλ’
807 507 874 568 ἴδιαι
899 514 953 567 τῶν
980 510 1040 568 κατ’
1055 507 1123 568 ἰδίαν
1147 509 1342 587 σφαγισάντων,
1366 505 1422 566 καὶ
1455 505 1587 566 ἑκεῖνοτ

242 631 274 708 ἐξ
298 633 371 695 ἰδίων
394 633 574 714 ἀποπληρῶσι
594 631 644 704 τὰς
667 631 904 712 ἐμπεριεχομένας
920 629 949 690 ἐν
963 632 1023 702 ταῖς
1038 631 1172 702 τοιαύταις
1188 629 1349 706 ὁμολογίαις
1362 627 1587 709 χρηματικάιςγ

241 760 403 836 ποσότητας,
427 748 497 816 οὗτοι
521 753 562 834 δέ,
586 753 697 830 δηλαδὴ
719 755 734 812 δ
754 753 908 832 ήγοὺμενος
923 752 994 829 μετὰ
1007 759 1061 813 τῶν
1076 755 1214 834 τεσσάρων
1228 757 1283 812 τῶν
1299 751 1587 831 ἐπιτετραμμένωνῑ

241 880 275 940 τά
297 885 345 957 τῆς
367 877 515 959 σφραγῖδος
535 879 676 956 τμήματα,
701 877 785 955 ἐχωσι
803 882 892 936 πᾶσαν
907 873 1157 956 πληρεξουσιότητα
1171 880 1221 951 τῆς
1237 873 1386 951 ἐκκλησίας
1406 875 1587 958 ἐπιτιμᾶν,ί

242 1000 413 1082 σωφρονίζειν
437 993 506 1086 [καί]
529 998 702 1075 ἀποβάλλειν
722 998 756 1059 ἐκ
769 1003 819 1074 τῆς
835 1003 921 1074 μονῆς
935 998 997 1070 τοθς
1012 999 1193 1070 ἀτακτοῦντας
1208 995 1330 1070 καὶτοὺς
1346 999 1587 1094 ἐκνευροῡντσιςφ

241 1124 303 1195 τοθς
332 1123 551 1204 μετερχομένσυς
577 1122 609 1181 τ“ο
632 1117 716 1182 άθλον
738 1127 788 1197 τής
810 1120 952 1196 ἀσκήσεως
973 1118 1021 1179 καί
1043 1121 1081 1196 μὴ
1104 1122 1290 1200 πειθομένους,
1312 1121 1489 1180 τελευταῖον
1519 1120 1587 1212 32¹2}

242 1251 335 1321 κοινῆς
358 1245 444 1304 αἰτιῶν
467 1244 604 1325 ἀναφορᾶς
627 1239 813 1322 ἀναγγέλλειν
829 1249 862 1324 τῇ
879 1242 1027 1326 ἐκκλησίᾳ·
1064 1241 1162 1322 ὄγδοον
1186 1241 1284 1319 μηδεὶς
1298 1247 1344 1302 τοῦ
1359 1243 1569 1321 μοναστηρέευ

242 1368 335 1428 τούτου
365 1367 475 1444 δθνηται
504 1370 552 1427 τοῦ
581 1366 680 1426 λοιποῦ
706 1366 810 1426 πωλεῖν
833 1365 1048 1445 μοναστηριακδν
1070 1364 1244 1426 θποστατικδν
1267 1365 1330 1424 ἄνευ
1351 1371 1403 1440 τῆς
1429 1365 1568 1440 νομίμου

245 1489 376 1566 είδήσεως
404 1493 450 1549 τοῦ
478 1487 551 1548 κατὰ
580 1489 673 1568 καιρδν
697 1486 883 1565 οίκουμενικοῶ
905 1491 1083 1569 πατριάρχου,
1118 1487 1141 1548 εἰ
1164 1487 1202 1562 μὴ
1226 1489 1309 1563 μένον
1331 1487 1381 1560 τάς
1405 1488 1476 1546 κατ’
1494 1488 1564 1558 ἔτος

245 1611 406 1693 ἐπικαρπίας
427 1609 474 1671 καί
494 1610 529 1670 τά
550 1613 709 1690 γεννήματα
730 1609 778 1670 καί
800 1612 835 1670 τὰ
857 1610 1059 1692 μοναστηριακά
1082 1612 1227 1692 θρέμματα
1249 1610 1294 1671 διὰ
1314 1610 1363 1682 τὰς
1387 1609 1563 1688 ἀναγκαίας

244 1735 324 1796 αθτοιῖ
337 1733 448 1816 χρείας
485 1733 594 1792 ἔννατον
617 1731 726 1793 ἐπειδὰν
743 1733 772 1793 ἐν
786 1733 870 1816 χρείᾳ
883 1733 1053 1814 χειροτονίας
1067 1735 1241 1814 γένωνται,
1227 1753 1326 1812 εχωσιν
1343 1733 1481 1793 ἀδειαν
1459 1753 1521 1812 προ
1506 1754 1559 1791 σ-

245 1979 405 2060 ἀρχιερέων,
428 1981 545 2059 φέροντα
567 1979 704 2059 ἔγγραφον
727 1979 852 2038 ἄδειαν
843 1979 1042 2058 πατριαρχικὴν
1064 1999 1112 2039 και
1133 1979 1211 2039 συνοδ
1215 1979 1274 2054 ικὴν
1298 1976 1342 2038 ἐπὶ
1360 1977 1400 2056 τῷ
1417 1977 1558 2038 ἐκτελεῖν

243 1857 342 1918 καλεῖν
372 1853 412 1928 εἰς
441 1857 472 1915 το
501 1875 736 1936 σταυροπηγιακον
764 1857 843 1932 ήμῶν
873 1859 950 1916 τοῦτο
979 1859 1116 1936 μοναστήρ
1102 1877 1169 1936 ριον,
1202 1857 1232 1916 δν
1255 1855 1328 1930 άνβ
1311 1855 1472 1930 βούλωνται
1498 1862 1559 1914 τῶν

245 2101 327 2176 αυτὴν
350 2099 420 2176 μετὰ
441 2103 531 2178 πάσης
552 2107 602 2177 τής
617 2104 764 2176 κανονικῆς
778 2101 1008 2182 παρατηρήσεως·
1033 2100 1148 2160 δέκατον
1165 2101 1197 2160 δέ
1211 2121 1258 2160 κκι
1250 2099 1479 2161 τελευταιο
1417 2121 1484 2179 ι,
1469 2123 1525 2178 φ
1511 2101 1556 2159 εί-

245 2220 385 2283 λουσιν
362 2241 387 2282 οι
410 2222 440 2282 ἐν
463 2218 535 2300 αθτῳ
558 2222 767 2298 συνασκσθμενοι
789 2224 906 2302 πατέρες
929 2222 1072 2302 φυλάττειν
1093 2223 1128 2282 τὰ
1152 2222 1181 2282 ἐν
1201 2221 1240 2302 τῷ
1255 2225 1364 2302 παρέντι
1381 2219 1558 2306 [γράμματι]

246 2345 392 2406 ἐκτεθέντα
415 2344 608 2426 ἀπαράτρεπτα
630 2343 677 2404 καὶ
700 2345 865 2426 ἀπαράβατα
888 2344 934 2404 διὰ
955 2345 1056 2416 παντὸς
1078 2343 1123 2406 καί
1139 2345 1280 2405 πείθεσθαι
1294 2343 1333 2425 τῷ
1348 2343 1420 2404 κατὰ
1435 2345 1556 2423 καιροὺς

245 2468 391 2546 ήγουμένῳ
413 2464 460 2526 καί
484 2466 588 2545 διάγειν
611 2472 727 2548 σεμνῶς,
751 2466 893 2548 εἰρηνικῶς
916 2465 962 2528 καὶ
985 2467 1136 2544 ἀμέμπτως
1150 2463 1221 2528 κατὰ
1235 2469 1281 2528 τδν
1295 2469 1376 2528 τθπον
1390 2471 1437 2528 τοῦ
1454 2487 1550 2542 μονα-

246 2590 323 2650 δικοιῖ
355 2577 579 2668 ἐπαγγέλματος,
614 2589 767 2672 ἀφορῶντες
796 2592 863 2668 πρὸς
885 2589 934 2666 τὴν
956 2591 1123 2666 κοσμιότητα
1145 2592 1225 2650 αὺτοῦ
1247 2589 1293 2650 καὶ
1315 2589 1363 2665 τὴν
1386 2589 1458 2648 κατὰ
1480 2590 1547 2649 θεον

246 2710 387 2790 διαγωγήν
409 2708 456 2771 καί
479 2710 619 2771 πολιτείαν
641 2710 688 2770 καί
710 2713 776 2792 πρὸς
798 2712 846 2786 τὴν
863 2711 1005 2786 βελτίωσιν
1020 2711 1067 2772 καὶ
1083 2710 1193 2786 αὔξησιν
1208 2717 1254 2772 τοῦ
1269 2711 1341 2792 ἱεροῦ
1355 2713 1434 2789 ἡμῶν
1449 2713 1545 2771 τούτου

245 2836 480 2914 σταυροπηγιακοῶ
509 2832 697 2914 μοναστηρίου,
732 2833 861 2908 ἑπόμενοι
890 2833 930 2912 τῷ
960 2833 1080 2913 θεοφιλεῖ
1110 2832 1204 2912 σκοπῷ
1233 2839 1283 2909 τῆς
1314 2831 1462 2909 ἐκκλησίας
1492 2841 1545 2908 τῆς

247 2955 390 3036 ἀγρύπνως
410 2955 579 3034 προνοοθσης
600 2953 662 3036 περὶ
685 2961 733 3030 τῆς
756 2955 913 3026 εὐσταθείας
934 2960 988 3014 τῶν
1011 2956 1196 3032 ὑποκειμένων
1221 2956 1287 3037 οιύτῖγ
1303 2961 1542 3036 σταυροττηγιακῶν

248 3077 328 3158 ίερῶν
352 3075 537 3158 μοναστηρίων
559 3075 606 3137 καί
629 3077 658 3136 ἐν
680 3079 739 3148 ταῖς
761 3076 848 3158 ἱεραῖς
871 3077 1044 3150 ἀκολουθίαις
1065 3076 1251 3157 διαφυλάττειν
1274 3079 1322 3152 τἠν
1345 3077 1458 3158 ἀρχαίαν
1475 3077 1539 3135 δια-

246 3199 360 3260 τύπωσιν
383 3199 602 3280 ἀπαράτρεπτον·
626 3199 698 3270 δστις
722 3199 822 3259 δὲκαὶ
851 3200 943 3272 ὁποῖος
965 3205 1018 3259 τῶν
1040 3205 1211 3280 χριστισινῶν,
1236 3199 1384 3278 ίερωμένσς
1405 3203 1421 3274 ἢ
1443 3200 1538 3270 λαϊκές

247 3323 389 3382 δποιασοῖιν
419 3320 525 3394 τάξεως
555 3321 602 3381 καί
632 3321 747 3400 βαθμοῦ,
778 3322 912 3397 τολμήσει·
936 3321 1094 3402 παραβῆναι
1120 3324 1243 3382 ὁπωσοῦν
1266 3321 1300 3380 τά
1323 3322 1352 3380 ἐν
1374 3320 1410 3399 τῷ
1431 3323 1537 3401 παρέντι

248 3442 372 3518 νομίμως
393 3441 440 3502 καὶ
462 3447 613 3514 κανονικῶς
636 3443 823 3522 ἀποφανθέντα
845 3439 893 3502 καί
916 3443 1053 3524 ἀνατρέψῃ
1075 3463 1100 3502 τι
1122 3449 1175 3502 τῶν
1199 3443 1328 3523 ἀνωτέρω
1343 3463 1531 3524 καταγεγραμ·

249 3564 348 3642 μένων,
377 3564 392 3622 δ
418 3568 537 3635 τοιοῦτος
559 3563 745 3644 ἀφωρισμένος
768 3563 811 3640 εἴη
834 3562 881 3623 καὶ
902 3567 1093 3644 κατηραμένος
1115 3563 1163 3624 καὶ
1186 3565 1382 3645 ἀουγχῶρητος
1403 3563 1446 3624 καί
1466 3568 1532 3641 μετὰ

248 3687 363 3746 θάνατον
393 3684 494 3757 ἀλυτος
523 3683 571 3745 καὶ
599 3688 699 3758 πάσαις
727 3688 787 3758 ταῖς
816 3689 959 3765 πατρικαῖς
981 3684 1028 3744 καὶ
1055 3685 1207 3758 συνοδικαῖς
1230 3687 1310 3767 ἀραῖς
1332 3687 1467 3759 ὑπεύθυνος
1487 3688 1529 3748 καί

248 3808 375 3880 ὑποδικος
397 3827 444 3868 και
467 3807 564 3884 ἔνοχος
586 3804 624 3887 τῷ
648 3804 779 3886 αἰωνίῳ
770 3805 903 3886 πυρίτης
925 3807 1191 3886 γεέννης.οθ·’θει
1168 3830 1208 3881 εις
1232 3806 1343 3881 ἔνδειξιν
1366 3807 1410 3868 καί
1428 3809 1526 3885 διηνεκῆ

249 3951 297 4005 την
320 3930 506 4008 ἀσφάλειαν
495 3930 605 4008 εγένετο
627 3926 674 3988 καὶ
695 3949 726 3988 το
747 3931 833 4010 παρὀν
856 3932 990 4010 ημέτερσν
1005 3951 1200 4012 πατριαρχικον
1216 3930 1352 3992 συνοδικδν
1369 3932 1525 4010 σιγιλλιῶδες

251 4052 279 4112 ἐν
303 4051 474 4133 μεμβράναις
497 4053 622 4131 γράμμα,
646 4050 836 4132 καταστρυθέν
858 4052 909 4112 κάν
932 4051 971 4130 τῷ
992 4051 1055 4133 ἱερῷ
1071 4053 1169 4114 κῶδιιιι
1183 4059 1232 4128 τῆς
1249 4053 1379 4130 μεγάλης
1394 4053 1523 4128 ἐκκλησίας

248 4173 288 4252 τῷ
311 4174 355 4234 ἐπ’
368 4173 439 4252 αὐτῴ
461 4174 546 4254 τοίιτῳ
569 4173 734 4254 διορισθέντι,
757 4171 804 4233 καί
828 4173 908 4248 ἐδέθη
933 4172 972 4245 είς
994 4176 1024 4233 τ“ο
1048 4175 1129 4254 ρηθέν
1153 4179 1331 4257 μοναστήριον
1352 4175 1383 4234 ἐν
1400 4177 1521 4235 ἐτεισυ-

249 4295 350 4378 τηρίῳ
376 4293 539 4374 χιλιοστῷ
564 4295 812 4376 ἐπτακσσιοστῴ
836 4295 1065 4376 ἐννενηκοστῷ
1088 4297 1196 4377 δγδὸῳ
1219 4299 1304 4358 κατὰ
1326 4304 1409 4374 μῆνα
1429 4296 1520 4359 ίανου-

251 4421 342 4498 α’ριον
366 4418 598 4494 ἐπινεμήσεως
620 4421 750 4498 πρώτης
773 4423 798 4496 ή.

354 4545 370 4616 ή
397 4541 590 4620 Γρηγόριος,
626 4540 713 4619 ἐλέῳ
743 4541 818 4600 θεοῦ
848 4540 1112 4620 ἀρχιεπίσκσπος
1145 4543 1517 4622 Κωνσταντινουπόλευς,

251 4663 341 4738 Νέας
363 4656 502 4742 Ῥώμης,
525 4660 579 4723 καὶ
602 4659 837 4738 οἱκουμενικος
859 4666 1067 4744 πατριάρχης
1089 4669 1116 4742 ή.
