3486 5282
1267 289 1328 358 251

46 497 143 574 σοφαλῆ
174 498 267 572 μένειν
296 499 522 576 παρασκευάσειε,
553 497 614 568 τοῦς
645 495 676 556 δέ
697 497 728 555 τό
757 497 886 576 πρότερον
909 495 990 566 αῦτάς
1013 494 1193 570 δειμαμένους
1216 488 1331 552 κάκεῖνα

45 619 143 690 τοῦταις
176 619 379 698 ἀφιερῶσαντας
405 616 445 690 είς
475 619 613 696 ἐγκώμιον
644 617 694 678 αάκ
723 617 846 677 ἔλαττον.
892 619 918 677 οί
941 617 991 691 μὲν
1014 617 1068 697 γὰρ
1090 613 1227 695 προαῆξαν
1250 617 1333 686 αῦτὰς

45 737 77 816 τῷ
104 738 168 818 θεῷ,
199 738 226 800 οἱ
249 738 281 800 δὲ
302 740 351 814 τὴν
378 740 530 820 ἀσφάλειαν
552 740 652 800 τούτων
675 739 942 820 ἐπραγματεθσαντο.
988 740 1055 818 όπερ
1083 739 1132 798 οῦκ
1155 741 1186 796 ἀν
1211 736 1332 798 ἀλλοθέν

46 882 89 940 περ
109 863 226 942 γένοιτο,
248 865 267 936 ῆ
291 861 323 922 ἐκ
344 861 559 942 χρυσοβοῦλλων
582 861 675 941 λόγων
698 860 744 922 καὶ
767 865 970 942 πατριαρχικῶν
993 859 1146 940 σιγιλλίων,
1175 859 1332 936 δυναμένων

45 983 136 1063 πολλῷ
157 1005 191 1062 γε
214 983 253 1063 τῷ
274 985 401 1065 περιιόντι
422 979 471 1054 τὰς
495 983 582 1062 δρμάς
604 990 658 1043 τῶν
679 985 854 1044 πλεονεκτῶν
877 981 1057 1044 ἀναστέλλειν
1078 979 1125 1042 καί
1147 981 1196 1057 τὴν
1216 981 1332 1042 ἐλευθε-

46 1106 97 1184 ρίαν
118 1107 211 1178 αθταίς
233 1107 375 1186 παρέχειν,
399 1107 438 1178 ῶς
459 1107 477 1180 ἡ
500 1106 627 1184 πρόθεσις
645 1101 680 1183 ἢν
704 1103 734 1178 ἐξ
754 1105 844 1185 ἀρχῆς
858 1110 912 1164 τῶν
928 1105 1010 1178 αῦτάς
1026 1105 1209 1182 δειμαμόνων,
1234 1105 1264 1164 οῦ
1279 1103 1333 1179 μὴν

47 1229 115 1290 ἀλλὰ
136 1228 181 1288 καὶ
203 1227 288 1302 τιμῶν
311 1232 501 1302 πνευματικῶν
524 1223 661 1300 ἀξιοῦσθαι
684 1226 725 1286 δεῖ
746 1229 812 1308 παρ’
822 1228 912 1308 ἡμῶν,
935 1229 983 1288 άτε
1005 1232 1055 1302 τῆς
1074 1227 1142 1307 πρδς
1157 1226 1239 1297 αῦτάς
1254 1232 1334 1302 τιμῆς

47 1349 85 1410 ἐπὶ
111 1353 156 1412 τάν
184 1349 294 1430 κτίταρα
323 1351 423 1411 τούτων
451 1350 685 1431 παραπεμπούσης
713 1351 759 1410 τδν
789 1351 909 1430 ἔπαινον,
940 1345 972 1422 ἐξ
994 1343 1032 1408 ῶν
1054 1351 1103 1425 τήν
1126 1369 1155 1408 τε
1184 1347 1333 1429 προθυμίαν

48 1472 125 1532 αῦτῶν
152 1473 222 1534 ἐστιν
244 1469 394 1548 ἐπαυξῆσαι
415 1469 463 1532 καὶ
487 1471 592 1544 ἀλλους
612 1471 680 1552 πρός
701 1473 747 1532 τὀν
769 1473 864 1548 ὅμοιον
887 1471 972 1549 ζῆλον
995 1471 1149 1552 διερεθίσαι.
1195 1469 1234 1544 είς
1255 1475 1333 1532 τοῦτο

48 1594 74 1654 δέ
94 1589 171 1654 τείνει
191 1594 227 1654 τά
249 1598 295 1654 τοῦ
325 1598 434 1654 σκοποῦ.
481 1593 578 1670 ἐπειδὴ
604 1592 690 1655 τοίνυν
717 1591 765 1654 καὶ
791 1594 807 1654 ὁ
829 1591 929 1667 οἰκεῖος
949 1597 995 1654 τοῦ
1017 1592 1157 1673 κρατίστου
1185 1591 1232 1654 καὶ
1254 1592 1333 1674 ἀγίαυ

48 1737 93 1791 μου
115 1716 251 1792 βασιλέως
274 1714 321 1776 καὶ
343 1712 540 1796 αίιτοκροίτορος
561 1715 652 1794 κυρίου
667 1699 821 1797 Νικηφόραυ
842 1720 889 1776 τοῦ
912 1717 1012 1794 Φωκαῒ,
1035 1719 1082 1775 τοῦ
1105 1715 1134 1774 ἐν
1157 1713 1228 1796 άγίιρ
1249 1715 1333 1776 πνεῦ-

49 1859 106 1912 μοπι
126 1839 314 1899 ποθεινοτάταυ
336 1837 392 1897 υίοῦ
412 1843 463 1914 τῆς
484 1839 564 1912 ἡμῶν
587 1841 771 1919 μετριότητος,
798 1839 888 1918 κῦριος
912 1835 1044 1913 Ἰωάννης
1066 1837 1334 1918 Λαμπαρδόπαυλας,

48 1961 191 2040 φιλόσοφος,
221 1961 456 2040 πρωτασυκρῆτης,
488 1960 536 2019 άτε
565 1961 668 2039 φύσεως
697 1964 735 2020 ῶν
766 1959 873 2039 ἀγαθῆς
905 1958 951 2020 καὶ
980 1959 1091 2034 πολλὴν
1120 1959 1182 2040 περὶ
1212 1958 1246 2020 τά
1275 1961 1335 2020 θεία

48 2083 197 2158 ποιαῦμενος
223 2083 272 2157 τῆν
295 2081 431 2162 φροντίδα,
461 2081 545 2156 ζῆλόν
568 2102 598 2142 τε
621 2075 769 2156 ἀναλαβὼν
792 2081 884 2142 ἔνθεον
906 2079 953 2141 καὶ
976 2083 1102 2162 διάπυρον
1125 2083 1224 2163 ἔρωτα,
1254 2082 1334 2160 φιλο-

48 2201 111 2282 τίμῳ
137 2207 313 2284 χρησάμενος
341 2205 423 2284 χειρί,
452 2205 596 2286 ἀνήγειρεν
619 2205 652 2264 ἐκ
674 2206 782 2286 βάθρων
805 2206 891 2281 μονὴν
914 2203 988 2286 ίεράν
1012 2205 1041 2265 ἐν
1063 2211 1097 2288 τῆ
1121 2207 1335 2286 Πελοποννήσῳ,

49 2332 77 2406 τῇ
101 2326 216 2408 ἐπαρχίᾳ
237 2331 288 2402 τῆς
310 2325 509 2406 μητροπόλεως
524 2327 656 2388 Παλαιῶν
674 2327 797 2408 Πατρῶν,
821 2327 891 2387 κατὰ
913 2329 961 2403 τῆν
986 2325 1092 2408 ἐνορίαν
1114 2333 1162 2403 τῆς
1186 2327 1336 2404 ἐπισκοπῆς

50 2449 271 2528 Λακεδαιμονίας,
293 2448 409 2524 πλησίον
431 2452 526 2529 χώρας
541 2450 735 2529 Δημηστοίνης,
759 2451 788 2510 ἐν
811 2457 844 2531 τῆ
866 2449 1013 2532 τοπαθεσίᾳ
1030 2455 1080 2526 τῆς
1097 2451 1267 2531 Μανοπόρου,
1293 2451 1335 2510 ἐπ’

50 2571 151 2645 όνόματι
179 2572 336 2646 τιμωμένην
368 2577 418 2648 τῆς
447 2571 597 2652 ἀπεραγίας
630 2571 773 2648 δεσποίνης
803 2573 882 2648 ἡμῶν
913 2571 1050 2633 Θεατόκου
1081 2570 1128 2632 καὶ
1160 2573 1337 2652 ἀειπαρθὲντυ

51 2695 160 2775 Μαρίας,
181 2697 216 2769 ῆν
239 2693 285 2752 διὰ
306 2693 354 2770 τὴν
376 2697 423 2754 τοῦ
445 2693 590 2773 φιλοσόφου
606 2682 862 2769 ἐπωνυμίανμονῆν
877 2698 924 2756 τοῦ
939 2693 1096 2774 Φιλοσόφου
1112 2693 1250 2754 ἐκάλεσαν
1267 2695 1337 2770 μετὰ

51 2819 132 2896 ταῦτα,
157 2817 226 2896 πρὸς
252 2817 409 2891 καταμανῆν
433 2817 604 2891 μοναζόντων
628 2816 732 2896 ἀνδρῶν
754 2814 801 2875 καὶ
823 2815 879 2894 θεῷ
902 2817 1092 2897 ἀφιερωμένων
1115 2821 1235 2895 ψυχικῆς
1258 2818 1336 2878 αὑτοῦ

51 2938 171 3018 σωτηρίας
199 2940 297 2998 ἕνεκα·
329 2939 393 2998 ναόν
415 2959 445 2998 τε
467 2938 669 3017 παρακείμενον
692 2935 739 2999 καί
760 2938 899 3018 φιλότιμον
922 2940 1124 2999 κατασκεύασεν
1149 2939 1177 2998 ἐν
1200 2941 1267 3021 αῦτῇ
1289 2938 1336 2999 καί

51 3059 161 3120 κελλίων
190 3058 340 3136 οἰκοδομὰς
366 3059 413 3120 καὶ
444 3061 521 3121 ἀλλα
548 3061 607 3120 τινά
636 3061 824 3140 ἐργασάμενος
850 3062 918 3139 πρδς
946 3059 1092 3142 θεραπείαν
1120 3061 1166 3121 καί
1190 3062 1336 3121 ἀνάπαυσιν

51 3187 98 3238 τῶν
118 3182 314 3262 εὑρισκομένων
337 3181 366 3240 ἐν
389 3183 456 3263 αῦτῆ
478 3185 584 3262 ψυχῶν,
608 3183 648 3243 ἔτι
670 3183 701 3242 δὲ
723 3182 769 3243 καί
792 3183 852 3263 ίερά
872 3183 1006 3258 κειμήλια
1021 3181 1068 3243 καὶ
1083 3181 1265 3263 προσενὲξεις,
1288 3183 1337 3253 τὰς

52 3300 97 3375 μὲν
119 3302 294 3383 ἱδιαποιήσας,
324 3303 374 3376 τάς
396 3304 428 3364 δέ
457 3302 505 3363 καὶ
535 3305 606 3379 μετὰ
627 3308 711 3365 ταῦτα
733 3306 848 3382 μέλλων
870 3305 1047 3386 προσηλῶσαι
1071 3306 1100 3364 ἐν
1122 3307 1203 3388 αθτῇ·
1235 3303 1336 3382 ἠξίωσε

52 3423 80 3480 τό
99 3429 149 3504 νῦν,
178 3427 223 3486 ἵνα
250 3426 297 3486 καὶ
322 3427 397 3507 παρὰ
423 3431 472 3502 τῆς
497 3425 577 3504 ἡμῶν
606 3428 780 3506 μετριότητος
801 3430 870 3509 τῦχῃ
894 3427 1084 3507 σιγγιλιῶδου;Ι
1107 3431 1270 3508 γράμματος
1294 3427 1337 3490 ἐπὶ

52 3545 86 3622 τῷ
104 3549 298 3630 καθιερωθῆναι
320 3549 371 3625 μὲν
395 3548 437 3609 ἐπί
452 3549 640 3630 πατριαρχικῷ
659 3549 857 3632 σταυροπηγίῳ,
879 3549 1049 3630 εὑρίσκεσθαι
1066 3549 1096 3612 δὲ
1111 3549 1158 3610 καὶ
1173 3548 1212 3622 είς
1226 3551 1257 3610 τδ
1273 3547 1339 3628 ἑξῆς

54 3665 92 3725 ἐπι
110 3671 155 3744 τὴν
177 3664 251 3756 [τῆς]
272 3670 469 3752 πατριαρχείας
480 3673 500 3748 ¹)
523 3671 662 3752 περιωπην
686 3672 917 3734 ἀκαταδοῦλωτόν
936 3694 967 3733 τε
989 3671 1036 3733 καὶ
1059 3673 1268 3749 ἀκαταπάτηταν
1288 3673 1338 3732 ἀπό

53 3795 138 3850 τετοῦ
159 3791 230 3852 κατὰ
251 3793 361 3872 καιροὺς
384 3793 573 3874 εὑρισκομένου
597 3793 687 3854 ἐκεῖσε
711 3794 911 3875 μητροπολίτου
935 3795 1067 3854 Παλαιῶν
1086 3795 1199 3876 Πατρῶν
1222 3791 1337 3852 καὶτοῦ

56 3909 185 3973 ἐπισκόπου
212 3916 292 3975 αὐτοῦ
315 3915 545 3997 Λακεδαιμονίας,
576 3919 614 3988 ῶς
641 3917 777 3992 μηδεμίαν
809 3918 928 3996 ἐχόντων
952 3917 980 3976 ἐν
1008 3915 1079 3996 αὐτῷ
1102 3912 1196 3976 ἀδειαν
1225 3919 1243 3990 ῆ
1267 3915 1337 3974 ἀνά-

54 4050 127 4108 ιροιν
146 4037 230 4095 ποιεῖν
252 4039 270 4110 ῆ
294 4036 415 4096 ἀπαιτεῖν
438 4039 502 4118 παρ’
514 4038 593 4098 αῦτοῦ
615 4039 646 4098 τό
668 4039 760 4116 τυχόν.
791 4037 848 4099 ἰδοῦ
870 4040 918 4114 τὴν
940 4039 1033 4098 τοῦτου
1056 4036 1159 4115 αἴτησιν
1181 4033 1337 4118 προσδεξα-

57 4153 115 4230 μὲιη
140 4158 157 4231 ῆ
180 4160 323 4238 μετριότης
344 4161 433 4238 ἡμῶν,
468 4161 506 4230 ῶς
536 4159 648 4238 θεοφιλῆ
671 4157 718 4220 καὶ
747 4158 875 4233 καθάπαξ
903 4165 1003 4220 σκοποῦ
1030 4161 1201 4238 μετέχουσαν
1224 4159 1338 4238 ἀγαθοῦ,

56 4273 82 4330 τό
100 4279 179 4370 παρδν
201 4278 379 4358 σιγιλλιῶδες
402 4283 519 4362 γράμμα
543 4281 703 4362 ἑπιχαρηγεῑ
725 4289 757 4364 τῆ
781 4281 847 4365 αῦτῆ
871 4288 951 4364 μονῇ,
976 4281 1010 4341 δι’
1023 4275 1053 4342 οὗ
1077 4281 1111 4356 δὴ
1134 4279 1180 4340 καί
1197 4281 1337 4361 διορίζεται

57 4394 97 4452 καὶ
116 4399 293 4482 ἀποφαίνεται,
324 4401 368 4462 ἵνα
397 4403 415 4477 ἠ
438 4404 545 4480 τοιαῦτη
569 4403 628 4463 θεία
651 4405 721 4479 μονὴ
744 4409 794 4480 τῆς
818 4402 959 4480 Ιίαναγίας
982 4425 1033 4478 μου
1055 4407 1101 4463 τοῦ
1124 4403 1292 4482 Φιλοσόφου,
1320 4405 1338 4478 ῆ

59 4553 245 4568 Μ

151 4663 167 4726 ¹)
184 4663 341 4731 Legendum
360 4663 478 4715 videtur:
498 4661 535 4714 ἐπὶ
553 4660 595 4728 τὴν
614 4660 793 4731 πατριαρχικῆν
811 4663 944 4731 περιωπήν,
