3194 5298
239 341 301 404 150

235 538 355 614 άρχσντα
379 535 504 617 διαμένῃ,
526 545 697 617 περιποιῆτκι
721 537 752 596 ὁέ
775 538 808 596 τά
830 543 1072 618 προσγενησὸμενα
1095 541 1137 619 άν,
1160 547 1213 597 τῶν
1238 538 1267 597 ἀὲ
1291 539 1401 617 φαύλων
1425 539 1460 598 τά
1484 541 1533 614 μὲν

233 660 366 737 προσόντα
383 657 632 742 ἀποὸιαπομτηται,
656 659 690 718 τὰ
714 661 746 720 δὲ
766 661 961 736 συμβησόμενα
975 665 1008 720 ἀν
1025 661 1238 721 ὁιακωλίιωνται.
1263 662 1387 738 τοιαὸτην
1403 658 1449 721 οὖν
1465 662 1534 721 κατά

236 779 335 855 νὸμσυς
357 781 406 854 τὴν
429 777 495 861 ὑπὲρ
518 783 605 841 αὐτῶν
627 785 734 842 πάντων
756 790 809 841 τῶν
833 789 1073 863 σταυρσπηγιακῶν
1096 785 1175 858 ἡμῶν
1204 783 1390 862 μοναστηρίων
1413 785 1534 842 καθόλου

234 899 361 980 φροντίὸα
376 900 581 982 κατεβάλσμεν,
599 903 742 978 έκίίέμενοι
757 904 828 962 κατὰ
844 906 936 978 κοινὴν
952 901 1129 983 γνώμηνκαὶ
1144 906 1287 980 ουνοὸικὴν
1303 906 1448 984 ἀνάγνωσιν
1462 907 1534 985 ίερὸν

234 1025 327 1103 τὸμον,
357 1024 572 1102 ἀποφαινόμενον
599 1025 707 1104 συνῳδὰ
733 1029 789 1097 τοῖς
817 1025 900 1105 ἱεροῖς
927 1030 1020 1101 νὸμοις
1043 1025 1089 1085 καί
1112 1030 1168 1096 τοῖς
1191 1022 1246 1086 ῶὸε
1269 1029 1451 1106 γραφομένοις
1474 1027 1534 1106 περὶ

234 1151 283 1220 τῆς
307 1143 346 1217 εἰς
368 1147 398 1204 τ“ο
422 1143 487 1220 ἑξῆς
510 1145 620 1225 ἀρίστης
644 1145 804 1222 διοικήσεως
828 1149 941 1207 ἑκάστου
964 1153 1197 1228 σταυροπηγιακοὸ
1221 1148 1400 1228 μοναστηρίσυ
1422 1147 1472 1208 καὶ
1488 1152 1533 1208 ευ-

234 1266 329 1341 νομίας
359 1274 412 1326 τῶν
443 1267 617 1342 ἀσκουμένων
648 1269 800 1328 ὁσιωτάτων
831 1272 955 1349 πατέρων
986 1269 1032 1330 καὶ
1065 1279 1112 1346 της
1144 1272 1259 1346 δυνατῆς
1287 1271 1462 1349 ἀντιλήψεως
1489 1271 1534 1330 καί

235 1388 338 1462 ἀμέσου
360 1388 523 1468 προστασίας
553 1390 640 1448 αὐτῶν
668 1391 743 1468 παρὰ
765 1395 814 1466 της
836 1391 898 1450 καθ’
912 1393 986 1466 ἡμᾶς
1009 1397 1054 1451 τοῦ
1077 1393 1193 1472 Χριστοῦ
1218 1394 1346 1470 μεγάλης
1371 1393 1533 1472 ἐκκλησίας,

235 1510 411 1581 ἀνανεοῦντες
432 1511 466 1568 τὰ
488 1509 646 1588 παλαιγενῆ
669 1515 852 1593 πατριαρχικά
878 1512 926 1573 καί
948 1515 1075 1574 συνσάικά
1098 1518 1184 1575 αὐτῶν
1207 1517 1332 1594 σιγίλλια
1357 1515 1465 1597 ὁωρεάν
1488 1516 1532 1576 καί

211 1613 218 1626 ⁸
235 1633 421 1712 ἐπικυρσῦντες
444 1629 517 1705 ἅπαξ
539 1633 573 1692 τὰ
595 1636 818 1716 σταυροπηγιακά
833 1638 920 1696 αὐτῶν
936 1639 1070 1717 προνόμια
1086 1635 1124 1708 είς
1141 1637 1253 1715 διηνεκῆ
1270 1640 1430 1718 συντήρησιν
1447 1641 1532 1698 αίντῶν

235 1753 282 1814 καί
306 1755 467 1836 ἀσφάλειαν,
497 1756 535 1832 μὴ
560 1757 680 1831 δεόμενά
701 1779 767 1818 ποτε
791 1759 970 1832 ἀνανεώσεως
992 1757 1038 1818 καί
1063 1759 1262 1839 ἐπικυρώσεως.
1300 1757 1348 1820 καὶ
1371 1755 1464 1846 ίοὸτω]
1489 1759 1533 1820 καί

233 1875 296 1956 περὶ
324 1882 371 1937 τοῦ
402 1878 430 1937 ἐν
460 1885 493 1959 τῇ
524 1878 657 1961 ἐπισκοπῇ
680 1880 835 1940 Ταλαντίσυ
864 1878 912 1939 καί
936 1879 1082 1952 Διαυλείας
1105 1881 1177 1962 ίερσῶ
1200 1882 1247 1942 καί
1269 1883 1420 1959 σεβασμίου
1444 1905 1531 1960 μονα-

234 1999 341 2080 στηρίου
363 2005 408 2060 τοῦ
432 2000 504 2061 ὁσίου
520 1999 567 2061 καί
582 2003 710 2081 ἀεσφὸρου
729 2005 831 2082 πατρὸς
846 2004 924 2078 ἡμῶν
940 2003 1044 2083 Λουκᾶ,
1070 2004 1288 2081 έπικεκλημένσυ
1303 2011 1349 2066 τοῦ
1366 2007 1530 2087 Στηριῶτου·

235 2122 392 2200 ἐνεφανίσίίη
419 2123 473 2202 γὰρ
503 2124 558 2199 ἤδη
585 2125 649 2199 ἡμῖν
679 2125 875 2204 πατριαρχικον
899 2125 1038 2184 συνοὸικὸν
1061 2125 1240 2202 σιγιλλιῶὸες
1262 2130 1379 2206 γράμμα
1401 2135 1449 2188 τοῦ
1473 2130 1532 2189 ἀσι-

234 2245 313 2320 ὁίμου
344 2244 373 2304 ἐν
402 2249 581 2326 τατριάρχαις
604 2245 742 2324 Νεοφύτου
770 2251 815 2306 τοῦ
842 2247 961 2306 παλαιοῦ
989 2247 1187 2326 ἀποδεικτικὸν,
1222 2252 1261 2308 ὁτι
1291 2251 1322 2308 τὸ
1353 2255 1531 2330 μοναστήριον

232 2372 309 2426 τοῦτο
333 2367 477 2442 μετὰτῶν
500 2368 590 2449 ὁρίων,
614 2368 761 2446 μετσχίων,
786 2367 962 2444 ἑξωκλησίων
985 2369 1031 2429 καὶ
1056 2370 1203 2451 ένσριακῶν
1225 2372 1359 2430 παντοίων
1380 2372 1531 2452 μελλείων,

234 2491 303 2569 άπερ
326 2488 377 2549 είσὶ
399 2494 496 2549 ταῦτα·
532 2492 546 2548 ὁ
570 2492 648 2568 ἅγιος
671 2489 827 2570 Θεόδωρος,
852 2493 870 2566 η
894 2490 1020 2570 Ιίαναγία
1044 2493 1273 2574 Καλαμιώτισσα,
1296 2496 1327 2554 τὸ
1348 2497 1479 2573 μετὸχιον
1495 2495 1532 2565 είς

232 2613 277 2670 τὸν
302 2610 445 2690 Αἰγιαλὸν,
476 2614 491 2670 ὁ
522 2614 598 2690 ἅγιος
620 2611 762 2684 Νικὸλαος
793 2613 821 2671 ἐν
844 2613 977 2694 Σπήρτσις
1008 2616 1090 2694 μέχρι
1117 2620 1162 2675 τοῦ
1185 2616 1301 2698 Ἄσπρου
1325 2618 1465 2678 ’(λσπιτίου
1487 2617 1530 2676 καί

231 2738 277 2792 τοῦ
300 2732 378 2812 ἁγίου
401 2735 421 2792 Γ
423 2735 538 2814 εωργίου
561 2732 600 2806 είς
622 2735 652 2793 τὸ
677 2735 850 2814 Περιβὸλισν,
879 2725 909 2795 τὸ
932 2737 1050 2796 άλώνιον
1074 2735 1113 2810 είς
1135 2739 1184 2814 τὴν
1207 2739 1390 2819 Σκλιβινίτζα,
1415 2743 1431 2799 ὁ
1455 2744 1530 2819 ἅγιος

233 2856 342 2936 Ἠλίας,
365 2857 400 2915 τὰ
414 2859 531 2938 Ζευγνά,
556 2857 584 2916 ἐν
609 2849 648 2928 οἷς
671 2859 787 2936 ὑπάρχει
810 2860 824 2917 ὁ
848 2860 926 2936 ἅγιος
942 2859 1100 2932 Ἀίίανάσιος
1121 2855 1168 2921 καί
1190 2865 1209 2940 ἡ
1232 2863 1334 2942 βρὸσις·
1362 2865 1434 2937 μετὰ
1449 2868 1531 2923 ταὸτα

231 2979 338 3051 ἐντοῖς
361 2981 437 3038 κάτω
461 2981 554 3060 μέρεσι
578 2981 592 3038 ὁ
616 2979 759 3056 βασιλικὸς
775 2982 871 3060 μὸλος,
895 2979 1155 3062 ἡἈλογοπατημία
1175 2983 1198 3042 εἰ
1214 2985 1260 3059 τὴν
1277 2985 1389 3066 Στενήν,
1414 2987 1429 3044 ὁ
1455 2988 1530 3066 ἅγιος

231 3101 448 3182 Παντελεημων,
472 3103 486 3160 ὁ
510 3103 587 3180 ἅγιος
603 3101 712 3183 Ἠλίας,
736 3105 765 3162 τὸ
781 3105 896 3184 Τρίνπιον
912 3107 1019 3185 Αιάάρι,
1043 3106 1189 3184 ὁσχοῖνος,
1213 3107 1242 3166 τὸ
1259 3106 1353 3188 Μακρὶ
1370 3109 1480 3188 Λιθάρι,
1502 3109 1529 3166 τὸ

231 3225 342 3304 Μαῦρον
365 3226 472 3304 Λιάάρι,
496 3226 526 3284 το
547 3225 732 3304 Ἀνατολικὸν,
756 3227 917 3304 ηίίαναγία
935 3227 1052 3298 Πανίτζα
1075 3229 1156 3308 μέχρι
1179 3234 1224 3288 τοῦ
1241 3231 1338 3304 Κάβου
1359 3237 1410 3305 τῆς
1425 3226 1527 3308 Ἁγίας,

230 3347 244 3403 ὁ
267 3348 345 3424 ἅγιος
369 3343 509 3426 Ἰωάννης,
532 3349 551 3423 ἡ
574 3346 740 3426 Μάσκλερα,
763 3347 926 3426 ἡίίαναγία
941 3349 1112 3430 Μερσιλίτζα,
1136 3352 1151 3409 ὁ
1175 3353 1251 3430 ἅγιος
1267 3352 1411 3425 Νικὸλοιος
1435 3353 1476 3426 είς
1497 3352 1528 3412 τά

230 3469 355 3548 Καμπιά,
386 3472 404 3544 ὁ,
429 3467 556 3547 Παναγία
578 3474 623 3528 τοῦ
647 3469 751 3549 Μίρσυ,
779 3472 794 3529 ὁ
818 3471 895 3547 ἅγιος
918 3469 1058 3543 Νικὸλαος
1081 3479 1130 3548 τῆς
1153 3474 1251 3554 Συκῆς,
1274 3476 1304 3532 το
1329 3475 1489 3555 Μαρυὸάκι,
1511 3495 1527 3550 η

230 3595 323 3673 Σάρρα
340 3590 379 3663 είς
395 3597 440 3652 τοῦ
458 3592 560 3663 Μιζίκα
575 3591 622 3652 καί
638 3595 689 3652 ὁσα
713 3593 922 3672 ἑμπεριέχονται
946 3592 1092 3675 οἰκήματα,
1117 3596 1249 3674 ἀμπέλια,
1272 3602 1364 3675 κῆποι,
1389 3601 1525 3677 χωράφια,

230 3715 300 3790 μετὰ
314 3715 415 3774 τούτων
440 3713 485 3774 οὖν
508 3712 553 3772 καί
578 3713 647 3790 μετά
669 3716 777 3773 πάντων
799 3721 853 3774 τῶν
877 3717 980 3775 λοιπῶν
1004 3719 1150 3792 κτημάτων
1174 3715 1219 3776 καί
1236 3717 1433 3797 ἀφιερωμάτων
1450 3721 1525 3778 αὐτοῦ

230 3840 346 3919 ὑπάρχει
361 3840 567 3918 σταυρσπήγιον.
583 3836 621 3908 είς
634 3837 788 3898 ἀνακαίνιον
801 3838 846 3897 οὖν
862 3839 954 3898 τούτου
970 3843 1118 3918 γράφοντες
1131 3840 1176 3898 ὁιά
1190 3844 1235 3898 τοῦ
1250 3842 1383 3919 παρέντος
1394 3843 1526 3922 ἡμετέρου

229 3965 426 4042 πατριαρχικοΰ
448 3959 494 4018 καί
518 3959 656 4020 συνοδικοῦ
680 3955 873 4037 σιγιλλιώὸους
897 3962 925 4020 ἐν
950 3961 1120 4040 μεμβράναις
1143 3965 1307 4042 γράμματος
1323 3963 1525 4042 ἀποφαινὸμεάα

230 4083 375 4154 συνοδικῶς
399 4082 468 4156 μετὰ
491 4087 544 4140 τῶν
566 4079 628 4162 περί
650 4084 724 4156 ἡμᾶς
741 4081 893 4161 ίερωτάτων
917 4084 1065 4162 ἀρχιερέων
1080 4083 1126 4143 καί
1143 4084 1304 4164 ὑπερτίμων,
1327 4092 1381 4144 τῶν
1407 4087 1435 4146 ἐν
1460 4088 1525 4165 ἀγίω

229 4206 358 4279 πνεὸματι
374 4205 523 4280 ἀγαπητῶν
539 4205 618 4280 τ’,μῶν
635 4203 762 4282 ἀδελφῶν
778 4203 824 4262 καί
841 4204 1069 4286 συλλειτουργῶν,
1089 4207 1132 4266 ἰνα
1148 4209 1177 4266 τὸ
1194 4209 1275 4290 ρηίίέν
1292 4208 1363 4287 ίερὸν
1379 4208 1426 4268 καὶ
1442 4212 1524 4284 σεβί-

229 4348 307 4402 σμιον
331 4329 509 4406 μονοιστηριον
532 4330 562 4385 τὸ
587 4327 615 4385 ἐν
638 4348 670 4408 τη
696 4327 828 4405 ἐπισκοπῇ
845 4324 998 4384 Ἰἀλαντίου
1021 4327 1066 4386 καί
1083 4331 1228 4400 Διαυλείοις
1244 4336 1290 4390 τοῦ
1313 4331 1386 4391 ὁσίου
1401 4331 1449 4392 καὶ
1465 4335 1524 4392 βεσ-

229 4452 310 4530 φὸρου
322 4453 424 4530 πατρὸς
439 4451 519 4525 ἡμῶν
533 4452 635 4530 Ασυκᾶ,
654 4449 873 4525 έπικεκλημένον
884 4453 929 4508 τοῦ
942 4449 1104 4529 Στηριῶτου,
1122 4452 1191 4525 μετά
1202 4459 1255 4511 τῶν
1268 4455 1397 4534 ἀνωτέρω
1411 4457 1523 4536 ἀπηριθ-

230 4575 360 4648 μημένων
383 4573 471 4652 ὁρίων,
494 4573 640 4650 μετοχίων,
664 4569 840 4645 έξωκλησίων
861 4570 907 4630 καί
925 4572 1072 4651 ἐνσριακῶν
1087 4574 1220 4633 παντοίων
1237 4577 1379 4650 μελλείων
1395 4576 1442 4637 καί
1460 4576 1524 4653 μετὰ

228 4699 336 4756 πάντων
367 4701 420 4756 τῶν
443 4697 547 4755 λοιπῶν
571 4700 717 4771 κτημάτων
740 4693 786 4755 καί
808 4697 977 4774 πραγμάτων
1001 4693 1047 4753 καί
1071 4696 1266 4775 ἀφιερωμοίτων
1291 4703 1379 4777 αὐτοῦ,
1414 4710 1523 4778 κινητῶν
