3166 5298
263 337 325 402 122

261 531 405 607 κέκτηνται
426 529 488 612 περὶ
509 532 539 592 τό
563 528 686 618 [χωρίον]
709 537 756 594 τοῦ
771 533 1002 614 Κραβασμοθντου
1024 539 1077 612 γῆν
1101 533 1146 594 διὰ
1166 533 1384 614 χρυσοβσίιλλσυ,
1406 531 1456 592 καὶ
1478 553 1540 612 παρ-

262 653 397 713 εκαλεσαν
426 651 472 713 καὶ
504 653 636 730 ἐζήτησαν
665 655 714 728 τἠν
744 653 921 735 κραλλότητά
952 676 1012 733 μου,
1043 655 1087 714 ἵνα
1111 656 1223 734 γένηται
1250 655 1362 735 ὁρισμός
1388 654 1480 725 αθτοῑς
1504 652 1542 712 καί

261 772 476 855 περισυλλέξωσι
505 771 673 862 [ἀνθρώπους
705 772 877 862 ἐλευθέρους]
899 775 946 838 καί
974 777 1173 857 προσκαθίσωσι
1204 775 1244 850 εἰς
1271 777 1321 852 τὴν
1347 777 1474 853 τοιαύτην
1498 784 1542 854 γἠν

262 899 357 979 αθτῶν,
387 898 435 972 τὴν
461 898 633 978 παράκλησιν
660 900 746 958 αθτῶν
774 896 980 978 προσόεξαμένη
1007 901 1026 974 ἡ
1053 897 1212 979 κραλλότης
1239 919 1289 974 μου
1317 899 1482 978 ἐπιχορηγεϊ
1504 895 1566 964 καί

262 1018 434 1099 έπιβραβεθει
456 1020 545 1092 αθτσῖς
566 1020 611 1080 τόν
633 1022 753 1100 παρόντα
775 1023 895 1100 ὁρισμόν,
920 1015 997 1082 &vob
1015 1023 1159 1102 προστάζει
1174 1020 1220 1080 καὶ
1236 1021 1390 1100 διορίζεται,
1414 1020 1461 1080 ἵνα
1476 1021 1542 1090 ὅσους

261 1137 417 1222 ἀνθρώπους
447 1141 606 1221 ἐλευθέρους
632 1143 844 1222 προσκαθίσωσιν
871 1141 910 1216 είς
931 1144 980 1218 την
1003 1141 1147 1222 εἰρημένην
1170 1148 1222 1220 γῆν
1244 1141 1293 1226 καίΙ
1313 1141 1457 1221 ἀλλαχοῦ,
1488 1143 1543 1200 ἔνθα

262 1263 354 1341 έχουσι
374 1267 437 1342 γῆν,
467 1265 603 1342 κατέχωσι
625 1265 733 1336 τούτους
755 1264 959 1342 ἀνενοχλητως,
992 1265 1174 1344 άναραιρέτως
1198 1263 1246 1324 καὶ
1267 1263 1485 1335 όναποσπάστως
1505 1261 1543 1322 καὶ

261 1383 340 1446 οθδέν
367 1384 521 1465 εὑρίσκωσιν
548 1384 608 1446 οὔτε
631 1385 684 1446 ἀπό
706 1391 759 1446 τῶν
780 1386 851 1446 κατὰ
872 1386 983 1467 καιροθς
1004 1388 1285 1467 κεραλατικευόντων,
1317 1384 1379 1446 οὔτε
1401 1385 1479 1465 παρὰ
1498 1389 1543 1444 τῶν

262 1500 316 1592 [τό]
345 1505 462 1582 δημόσια
489 1506 693 1588 θιενεργοθντων
715 1511 734 1583 ἢ
757 1508 801 1588 ἀρ’
814 1509 905 1588 ἑτέρου
927 1510 998 1580 τινός
1019 1515 1073 1568 τῶν
1097 1510 1222 1570 ἁπάντων
1247 1503 1445 1593 ίδιασεισμόν],
1477 1507 1544 1566 ἀλλὰ

262 1627 438 1708 όιατηρῶνται
461 1629 640 1708 ἀνενόχλητοι
661 1628 708 1690 καί
731 1630 929 1707 άκαταζήτητοι
951 1631 1004 1691 ἀπό
1026 1634 1115 1706 πάσης
1139 1631 1268 1710 ἐπηρείας
1289 1628 1336 1690 καί
1359 1629 1475 1708 δόσεως,
1498 1649 1544 1688 κα-

262 1750 317 1822 θὼς
340 1751 430 1828 ἔχουσι
452 1748 500 1810 καὶ
521 1751 555 1810 τὰ
576 1751 660 1812 λοιπὰ
681 1755 808 1828 κτηματα
830 1753 916 1812 αθτῶν
939 1751 985 1812 καί
1000 1754 1092 1826 καθὼς
1108 1751 1323 1828 διαλαμβάνουσι
1337 1751 1384 1812 καί
1398 1753 1435 1812 τὰ
1449 1753 1543 1832 χρυσό-
1567 1793 1568 1844 3

262 1870 370 1946 βουλλα
398 1871 445 1933 καὶ
474 1873 508 1932 τό
533 1877 729 1954 προστάγματα
749 1845 852 1936 ἀίσσων.
889 1875 980 1934 τούτου
1007 1875 1060 1955 γὰρ
1086 1878 1166 1954 χάριν
1194 1875 1303 1954 ἐγένετο
1331 1875 1423 1946 αὺτοῖς
1449 1872 1496 1932 καί
1519 1873 1543 1930 τό
1567 1859 1568 1868 ’

260 1995 345 2074 παρόν
371 1997 533 2075 πρόσταγμα
558 2001 608 2071 τῆς
634 1997 824 2076 νραλλότητός
851 2017 902 2071 μου
930 1993 969 2068 εἰς
995 1997 1153 2076 άσραλειαν,
1185 1995 1250 2071 μηνί
1272 1995 1453 2075 σεττεμβρίου
1476 1995 1499 2053 θ’
1521 2001 1542 2066 ί.

364 2120 381 2192 †
407 2111 491 2194 Είχε
520 2115 576 2178 καὶ
605 2117 644 2177 δι’
666 2118 809 2198 ἑρυθρῶν
839 2119 1043 2196 γραμμάτων
1072 2124 1130 2195 τῆς
1161 2117 1341 2196 βασιλικῆς
1371 2117 1428 2178 καὶ
1459 2114 1543 2184 θείας

260 2238 376 2318 χειρός
397 2239 445 2298 τό·
469 2239 635 2318 Στέφανος
657 2239 811 2319 κράλλης
834 2243 860 2316 †.

365 2401 508 2456 Ιοαιιυίιία
523 2402 575 2456 Nr.
593 2403 621 2457 9.

729 2757 857 2826 XXIV.
886 2757 962 2824 Sine
984 2779 1078 2824 anno.

262 2943 324 2997 Rem
336 2942 489 3014 Stephanus
502 2943 601 2999 DuJan
616 2943 754 3014 oonfimmt
766 2945 933 2998 άοκαίάοαευι
943 2943 1050 3013 factam
1063 2961 1081 2998 α
1092 2961 1188 3015 ικαρινο
1200 2944 1341 2998 domestico
1354 2942 1450 2997 Alexio
1462 2939 1541 2995 Raul.

262 3163 413 3246 Ἕτερον
443 3167 664 3248 πρόσταγμα
695 3165 754 3226 διὰ
783 3165 847 3240 τὴν
877 3171 957 3244 γῆν,
991 3168 1032 3241 ἣν
1064 3165 1228 3226 δέδωκεν
1254 3166 1268 3224 ό
1295 3166 1414 3242 μέγας
1442 3161 1542 3238 θαμέ-

738 3309 865 3360 στικος
892 3288 906 3344 ό
930 3289 1069 3347 Ῥαοθλ.

364 3466 381 3538 †
403 3459 481 3522 Ἐπεὶ
503 3463 518 3520 ό
540 3461 640 3532 οίκεῖος
661 3459 708 3522 καὶ
729 3462 915 3540 περιλημένσς
934 3467 967 3543 τῇ
988 3461 1116 3544 βασιλείᾳ
1132 3481 1192 3537 μου,
1217 3463 1305 3538 μέγας
1321 3459 1484 3536 όσμέστικος
1498 3459 1541 3534 κῦρ

263 3579 388 3655 Ἀλέξιος
409 3583 424 3641 ό
447 3584 558 3656 Ῥαοιίλ,
582 3583 661 3658 δι’ἢν
686 3578 742 3642 είθε
765 3583 945 3665 στενοχωρίαν
967 3590 1020 3662 γῆς
1044 3581 1083 3655 εἰς
1104 3585 1135 3642 τό
1157 3582 1218 3663 περί
1241 3584 1288 3658 τὴν
1311 3581 1398 3660 Ζίχνα
1421 3585 1541 3659 μετόχιον

262 3711 311 3781 τῆς
333 3703 482 3781 σεβασμίας
505 3705 649 3782 βασιλικῆς
672 3713 758 3782 μονῆς
779 3711 825 3766 τοῦ
847 3706 932 3782 τιμίου
949 3707 1109 3786 Προθρόμσυ
1131 3711 1176 3766 τοῦ
1199 3707 1227 3766 ἑν
1250 3706 1288 3785 τῷ
1311 3705 1368 3784 όρει
1382 3708 1427 3764 τοῦ
1443 3707 1541 3766 Μενοι-

262 3827 335 3897 κέως
364 3829 394 3886 τό
422 3825 460 3899 εἰς
483 3823 570 3902 όνσμα
591 3830 744 3903 τιμώμενον
767 3833 820 3887 τῶν
843 3829 1018 3909 Ἀσωμάτων,
1041 3825 1129 3910 οἰκείᾳ
1150 3825 1248 3910 γνώμη
1270 3825 1316 3886 καί
1340 3827 1429 3908 ἀγαθῇ
1452 3843 1540 3906 προσι-

263 3951 335 4029 ρέσει
365 3947 480 4030 διέκρινε
505 3947 552 4010 καὶ
575 3949 682 4010 θὲθωκε
703 3952 771 4030 πρός
794 3951 856 4012 αὐτό
880 3951 925 4011 διὰ
943 3953 1105 4031 γράμματος
1121 3951 1200 4010 αθτσϋ
1216 3949 1330 4030 μερικὴν
1345 3955 1408 4028 γῆν,
1431 3952 1541 4027 ψυχικῆς

264 4073 345 4131 ἕνεκα
375 4072 508 4152 σωτηρίας
536 4071 583 4131 καί
613 4073 782 4149 μνημοσόνου
808 4081 858 4149 τῆς
881 4071 1022 4148 βασιλείας
1045 4094 1096 4148 μου
1118 4070 1164 4132 καί
1188 4073 1276 4152 αυτοῦ,
1312 4071 1425 4147 ἐζήτησε
1450 4071 1482 4131 δὲ
1503 4063 1541 4128 καί

262 4193 436 4274 παρεκάλεσε
462 4195 589 4267 πλείονος
616 4197 697 4254 ἕνεκα
725 4192 764 4266 είς
789 4195 820 4254 τό
848 4193 913 4272 ἑξῆς
940 4195 1091 4275 ἀσφαλείας
1117 4194 1164 4254 καὶ
1191 4193 1368 4270 βεβαιώσεως
1389 4197 1482 4272 τυχεῖν
1502 4185 1540 4250 καί

262 4317 470 4395 προστάγματος
496 4323 545 4391 τῆς
575 4316 718 4390 βασιλείας
748 4336 799 4392 μου
828 4317 1013 4398 ἐπικυρσῦυτσς
1035 4319 1083 4392 τἠν
1107 4319 1186 4376 αὒτσθ
1207 4315 1362 4397 προαίρεσιν
1383 4312 1431 4373 καὶ
1453 4309 1539 4395 πρᾶξιν

264 4437 369 4516 ἀγαθὴν
397 4437 441 4496 διὰ
466 4443 512 4498 τοῦ
540 4438 668 4520 ῥηθέντος
693 4441 857 4520 γράμματος
884 4439 973 4521 αὐτοῦ,
1003 4441 1051 4514 τὴν
1073 4437 1197 4516 τσιαθτην
1220 4437 1301 4500 αθτοῠ
1323 4431 1513 4524 [παράκλησιν]
1522 4432 1539 4506 ¹)

262 4597 444 4606 -ῌ--ο-
461 4597 467 4602 .

368 4698 389 4766 ¹)
407 4695 490 4767 πρᾶξιν
508 4701 529 4750 Ι.
