3486 5282
315 348 379 414 222

315 543 462 616 σννοδικῶς
492 543 564 617 μετά
592 548 646 603 τῶν
675 541 737 625 περὶ
766 544 840 620 ήμᾶς
870 543 1023 623 ίερωτάτων
1051 541 1202 626 ἀρχιερέων
1228 543 1276 604 καί
1305 545 1468 626 ῦπερτίμων,
1496 551 1546 606 τῶν
1582 544 1614 604 ἐν

315 665 386 746 άγίιρ
407 665 538 742 πνεύματι
562 665 711 745 ἀγαπητῶν
733 668 813 742 ήμῶν
836 665 964 746 ἀδελφῶν
986 665 1033 728 καί
1057 666 1285 748 οιιλλειτουργῶν,
1314 667 1359 726 ίνα
1380 667 1411 727 τό
1434 669 1613 747 μοναοπήριον
1679 685 1680 706 ¹

315 791 391 848 τοῦτο
422 787 492 863 μετὰ
521 793 575 848 τῶν
605 787 733 868 ἀνωτέρω
762 788 994 868 ἀπηριθμημένων
1026 789 1162 867 μετσχίων
1194 790 1274 849 αύτοῦ
1295 787 1341 849 καί
1365 789 1436 864 μετὰ
1458 793 1503 849 τοῦ
1526 789 1553 848 ἐν
1576 794 1614 870 τῇ,

232 975 235 983 ,
315 911 389 990 νήσῳ
412 909 564 988 Ἀντιγόνου
594 909 772 991 μοναστηρίου
801 914 847 970 τοῦ
877 909 956 989 άγίου
978 897 1125 991 Γεωργίόυ,
1156 911 1264 990 Καρῦπι
1295 909 1503 992 ἐπιλεγομένου,
1534 911 1615 981 δντος

315 1031 442 1094 κάκείνου
473 1033 601 1110 μετόχιον
626 1034 674 1093 τοῦ
701 1032 879 1113 μσναστηρίσυ
902 1033 993 1093 τούτου
1015 1005 1087 1092 κατά
1107 1036 1138 1092 τό
1161 1031 1206 1092 ἐπὶ
1227 1037 1273 1093 τοῦ
1295 1033 1617 1114 προπατριαρχεύσαντος

317 1148 453 1234 Νεοφύτου
474 1156 669 1235 πάτριαρχικδν
692 1154 830 1215 συνσδικόν
853 1155 1030 1234 σιγιλλιῶδες
1052 1156 1169 1235 γράμμα
1189 1153 1237 1214 καί
1261 1155 1331 1232 μετὰ
1351 1161 1401 1228 τῆς
1424 1155 1453 1214 ἐν
1476 1152 1617 1234 τῷΒλάχ

316 1277 442 1358 Σεραγίῳ
464 1282 514 1354 τῆς
535 1277 849 1349 Κωνσιαντινουπόλεως
870 1277 942 1338 κατὰ
963 1279 1009 1338 τόν
1031 1277 1129 1355 Ταχτά
1149 1277 1257 1358 Μιναρὲ
1281 1272 1431 1354 ἐκκλησίας
1453 1283 1503 1352 τῆς
1525 1277 1615 1356 ύπερ-

318 1399 398 1479 αγίας
429 1399 572 1476 δεσποίνης
600 1401 679 1475 ήμῶν
710 1399 838 1460 θεοτόκου
866 1393 938 1459 κατά
966 1399 1001 1458 τά
1030 1397 1091 1480 περὶ
1117 1399 1210 1460 τούτου
1237 1399 1442 1480 πανέκλαμπρα
1469 1397 1618 1458 αύθεντικάι

316 1520 511 1601 χρυσόβουλλα
538 1518 585 1581 καὶ
612 1521 682 1597 μετὰ
703 1525 750 1582 τοῦ
772 1522 907 1598 νεωνήτου
930 1520 1060 1599 μετοχίου
1081 1525 1128 1582 τοῦ
1150 1520 1220 1598 Ἀλή
1243 1520 1374 1598 Τσελεπή
1397 1520 1468 1596 μετά
1488 1527 1538 1596 τῆς
1562 1521 1617 1580 ἐκ·

317 1642 435 1720 κλησίας
458 1643 538 1702 αύτοῡ
559 1641 607 1702 καί
630 1643 700 1717 μετὰ
721 1645 829 1704 πάντων
851 1648 905 1702 τῶν
927 1643 1032 1703 λοιπῶν
1054 1645 1200 1719 κτημάτων
1221 1641 1269 1702 καὶ
1287 1640 1456 1724 πραγμάτων
1471 1643 1553 1703 αὐτοῦ
1568 1641 1619 1702 καί

318 1765 512 1846 ἀφιερωμάτων
535 1770 650 1842 κινητῶν
673 1785 702 1824 τε
724 1763 771 1826 καί
793 1765 937 1844 ἀκινήτων,
960 1771 1014 1824 τῶν
1028 1785 1059 1826 τε
1073 1763 1128 1840 ήδη
1144 1765 1228 1825 όντων
1242 1764 1290 1826 καὶ
1304 1771 1358 1826 τών
1375 1763 1510 1826 είσέπειτα
1523 1785 1619 1846 προσ-

317 1890 511 1966 γενησομένων
535 1889 576 1969 ἀν,
600 1889 638 1960 ὡς
661 1885 794 1948 ἀνέκαθεν
815 1885 862 1946 καί
880 1885 910 1959 ἐξ
926 1887 1025 1968 ἀρχῆς,
1049 1887 1117 1948 ούτω
1133 1885 1181 1947 καί
1196 1886 1237 1960 είς
1251 1889 1297 1947 τόν
1312 1886 1378 1963 ἑξῆς
1394 1889 1501 1947 ἅπαντα
1514 1889 1621 1966 χρόνον

318 2011 428 2094 ύπάρχῃ
450 2007 497 2070 καὶ
511 2011 629 2090 λέγηται
644 2009 691 2070 καί
706 2009 781 2090 παρὰ
795 2012 902 2070 πάντων
917 2011 1083 2088 γινώσκηται
1097 2010 1231 2090 ἡμέτερον
1246 2011 1441 2091 πατριαρχικδν
1457 2029 1621 2088 σταυρσπη-

318 2133 424 2212 γιακόν,
448 2131 614 2212 ἀδούλωτον,
638 2132 846 2208 ἀκαιαπάτητσν
869 2129 915 2191 καὶ
938 2132 1013 2202 ὅλως
1033 2130 1219 2209 ἀνενόχλητσν
1234 2132 1298 2212 παρ’
1308 2131 1456 2192 ούτινσσοῦν
1470 2133 1622 2210 προσώπου

318 2253 467 2335 ἱερωμένου
488 2257 506 2328 ή
530 2255 637 2333 λαϊκοῦ,
662 2254 900 2330 μνημονευομένου
924 2253 953 2312 ἐν
969 2251 1041 2332 αύτῷ
1056 2257 1103 2313 τοῦ
1117 2257 1261 2314 κανονικσῦ
1275 2257 1455 2334 ταριαρχικσῦ
1470 2253 1622 2331 ὀνόματος,

320 2376 385 2454 ἔχον
408 2374 454 2435 καὶ
476 2377 620 2456 προνόμιον
642 2373 690 2436 καί
711 2374 911 2456 πατριαρχικήν
933 2373 1096 2454 φιλοτιμίαν,
1120 2377 1190 2435 ώστε
1212 2376 1258 2434 τόν
1279 2373 1351 2435 κατά
1371 2375 1482 2454 καιροὺς
1497 2375 1525 2434 ἐν
1542 2374 1624 2453 σάιτῷ

319 2498 472 2576 ἡγούμενον
499 2497 527 2557 ἐν
550 2499 609 2568 ταῖς
632 2495 802 2576 έορτασίμοις
826 2497 942 2576 ήμέραις
968 2500 1059 2576 φορεῖν
1082 2495 1125 2556 ἐπ’
1137 2496 1288 2573 ἐκκλησίας
1310 2496 1441 2576 μανδύαν,
1470 2516 1624 2577 προχειρι-
1679 2519 1680 2614 γ

320 2621 435 2696 ζόμενον
457 2617 504 2678 καὶ
527 2617 698 2700 πατερίτζαν.
744 2619 947 2696 ἀποφαινόμεθα
971 2618 1002 2680 δὲ
1024 2615 1071 2680 καί
1092 2617 1127 2678 τά
1150 2616 1262 2697 ἑφεξῆς·
1293 2619 1337 2678 ίνα
1359 2624 1465 2698 πρῶτον
1488 2619 1538 2694 μὲν
1563 2620 1624 2678 ῦπ-
1679 2623 1680 2708 γ

321 2743 394 2822 άρχη
417 2740 635 2820 ἀπηλλαγμένον
650 2743 741 2816 πάσης
757 2736 907 2820 ἑξαρχικής
923 2736 1046 2812 ἐξουσίας
1060 2737 1109 2800 καί
1124 2738 1298 2812 δεσποτείας·
1322 2739 1447 2821 δεύτερον
1470 2739 1511 2819 δέ,
1534 2739 1625 2820 λόγῳ

321 2863 469 2944 ὑποταγῆς,
493 2861 616 2941 ἀποδιδῷ
638 2863 701 2922 καθ’
714 2865 827 2922 ἕκαστον
851 2863 911 2934 έτσς
934 2862 1124 2943 ἀπαραιτήτως
1145 2864 1242 2942 γρόσια
1263 2865 1403 2943 τριακόσια
1424 2860 1464 2934 εἰς
1479 2864 1509 2922 τό
1523 2864 1625 2922 κοινόν

321 2990 370 3060 τῆς
399 2986 461 3044 καθ’
474 2985 549 3059 ἡμᾶς
575 2989 620 3046 τοῦ
643 2985 757 3065 Χριστοῦ
785 2985 914 3063 μεγάλης
938 2984 1090 3060 ἐκκλησίας
1112 2984 1159 3046 καί
1181 2984 1313 3067 λαμβάνῃ
1338 2981 1521 3064 ἑξσφλητικὴν
1543 2983 1624 3044 ἀπό·

322 3103 414 3178 δειξιν.
441 3103 488 3167 καί
511 3105 597 3178 οῦτως
618 3102 637 3187 ᾖ
660 3106 802 3186 διατηροῦν
824 3107 854 3166 τό
870 3106 984 3186 ἀρχαίου
999 3107 1116 3186 γεραρόν
1131 3111 1181 3182 τῆς
1196 3111 1434 3187 σταυροπηγιακῆς
1448 3102 1529 3178 ἀξίας
1543 3127 1622 3188 προ-

322 3230 413 3303 νόμιον
443 3226 491 3288 καί
519 3228 617 3300 καλῶς
649 3227 843 3308 διοικούμενον,
875 3229 913 3299 ίις
944 3226 1031 3303 μέλος
1061 3231 1172 3307 γνήσιον
1202 3231 1248 3288 τοῦ
1278 3228 1340 3288 καθ’
1360 3229 1435 3303 ήμάς
1465 3229 1625 3307 ἀγιωτάτου

323 3350 504 3409 άποστσλυισῦ
534 3349 580 3410 καὶ
609 3355 805 3431 πατριαρχικοῦ
835 3351 943 3429 θρόνου·
975 3351 990 3408 ό
1022 3349 1046 3410 δ’
1064 3349 1092 3408 έν
1120 3349 1192 3429 αύτῷ
1219 3350 1290 3410 κατὰ
1316 3350 1427 3432 καιρούς
1452 3351 1624 3430 ήγούμενος,

323 3473 413 3550 ῶσπερ
440 3471 455 3529 θ
485 3471 638 3552 ἀρχιερεύς,
669 3473 737 3531 οῦτω
767 3470 813 3531 καί
844 3473 923 3541 αύτός
953 3475 1043 3552 γράφη
1073 3473 1184 3545 ἀμέσως
1212 3473 1281 3552 πρός
1309 3473 1358 3548 τήν
1387 3473 1450 3532 καθ’
1467 3476 1543 3550 ἡμᾶς
1574 3481 1625 3534 τοῦ

323 3595 438 3673 Χριστοῦ
461 3591 590 3670 μεγάλην
619 3592 769 3668 ἐκκλησίαν
791 3591 838 3653 καὶ
861 3591 973 3665 ἀξιῶται
995 3599 1045 3668 τῆς
1066 3593 1256 3674 προσηκούσης
1278 3593 1484 3674 ύπερασπίσεως
1508 3597 1537 3656 ἑν
1560 3599 1625 3668 ταῖς

324 3714 531 3790 συμβαινούσαις
552 3715 658 3794 χρείαις
680 3713 726 3774 καί
748 3716 902 3776 ὑποθέσεσι·
925 3716 1022 3796 τρίτον,
1045 3715 1089 3776 ίνα
1112 3715 1341 3795 διαφυλάττωνται
1365 3719 1623 3798 καταγεγραμμένον

325 3837 354 3895 ἐν
376 3837 415 3914 τῷ
438 3836 605 3916 διωρισμένη)
628 3835 733 3911 κῶδηκι
755 3843 804 3912 τής
827 3827 955 3915 μεγάλης
978 3837 1130 3912 ἐκκλησίας
1153 3839 1258 3898 ἅπαντα
1281 3837 1315 3898 τά
1334 3841 1462 3913 κτήματα
1476 3837 1524 3898 καί
1539 3839 1622 3918 ἀφιε-

325 3961 438 4038 ρώματα
461 3959 540 4018 αύτού
562 3957 608 4018 καί
630 3959 664 4018 τά
686 3960 756 4039 χρέη
779 3957 826 4018 καί
849 3953 902 4043 [τό]
923 3964 970 4018 τοῦ
984 3961 1136 4036 ἡγουμένου
1152 3959 1252 4035 όνομα·
1276 3961 1413 4040 τέταρτον,
1436 3961 1467 4019 τό
1483 3961 1623 4039 σιγίλλιον

325 4082 405 4140 αὺτοῦ
433 4081 493 4158 ἔχει
516 4081 607 4156 μένειν
631 4077 836 4161 ἀπαράτρεπτον
859 4079 905 4140 καὶ
928 4081 1116 4162 ἀπαράβατον,
1139 4083 1177 4158 μὴ
1201 4081 1331 4158 δεόμενὸν
1353 4101 1418 4142 ποτε
1441 4082 1625 4155 ἀνανεώσεως

324 4201 371 4262 καὶ
388 4201 577 4284 ἐπικυρώσεως
594 4203 835 4278 ἐκκλησιαστικῆς·
850 4205 984 4283 πέμπτον,
1000 4202 1109 4264 ἐπειδάν
1126 4205 1155 4265 ἐν
1170 4207 1295 4285 στερήσει
1309 4207 1463 4284 ἡγουμένου
1477 4207 1624 4284 γένωνται,

325 4325 530 4404 φυλαττομένης
552 4325 728 4406 ἀπαραβάτου
750 4331 800 4401 τής
822 4325 941 4406 ἀρχαίας
964 4331 1183 4406 μοναστηριακής
1204 4323 1319 4406 τάξεως,
1344 4327 1442 4404 ἔχωσιν
1458 4325 1553 4386 άδειαν
1570 4327 1623 4386 ἑκ-

325 4449 421 4527 λέγειν
444 4451 492 4508 ἕνα
515 4449 619 4523 ἀκτῆς
641 4447 765 4518 συνοδίας
789 4447 884 4524 αύτῶν,
909 4448 954 4506 τόν
976 4455 1075 4520 κοινῶς
1098 4449 1265 4528 ἀναφανέντα
1288 4445 1364 4522 ἀξιον
1379 4445 1426 4508 καί
1439 4453 1533 4509 τοῦτον
1549 4449 1623 4508 ἀπο-

326 4571 456 4632 καθιστᾶν
478 4571 640 4651 ήγούμενον,
673 4569 750 4641 ἐκτός
775 4567 797 4628 εἰ
821 4571 859 4646 μὴ
883 4569 925 4645 είη
950 4569 1080 4648 διαφωνία
1101 4575 1156 4630 τῶν
1177 4573 1391 4652 προκριτστέρων
1412 4573 1539 4651 πατέρων
1560 4572 1625 4652 περὶ

325 4699 375 4770 τής
398 4694 520 4772 ἐκλογής
542 4697 588 4752 τοῦ
610 4694 671 4753 νέου
693 4693 860 4768 ἡγουμένου·
883 4693 943 4751 τότε
966 4695 1019 4771 γάρ
1043 4691 1077 4752 δι’
1091 4691 1282 4772 ἐνυπογράφων
1305 4692 1446 4773 ἀναφσρῶν
1470 4691 1625 4771 ὀφείλουσιν
