3486 5282
384 289 449 354 204

384 483 455 563 ρίτου
485 484 574 563 κυρίου
599 481 757 566 Παρθενίου,
789 485 836 546 καί
867 487 1112 566 διαλαμβάνοντος,
1144 491 1181 561 ὡς
1204 491 1221 564 ῆ
1245 489 1315 549 κατὰ
1338 491 1385 564 τὴν
1409 490 1613 566 Πελοπόννησαν
1636 491 1667 548 ἐν
1720 533 1721 574 3

383 610 415 686 τῆ
438 613 552 688 περιοχῇ
582 613 631 683 τῆς
662 607 811 684 ἐπισκοπῆς
833 607 981 688 Κερνίτζης
1013 611 1189 690 εἰρισκομένη
1221 609 1280 690 ίερόι
1309 609 1355 670 καί
1386 609 1524 687 σεβασμία
1545 613 1616 690 μονῆ,
1648 615 1667 684 ῆ

382 729 522 803 τιμωμένη
547 728 590 787 ἐπ’
603 727 714 803 ἀνόματι
736 737 785 805 τῆς
808 729 973 805 Κοιμῆσεως
1002 736 1052 806 τῆς
1082 730 1231 812 θπεραγίας
1262 732 1405 808 δεσποίνης
1434 733 1515 807 ἡμῶν
1538 735 1668 810 θεοτόκου,

383 825 588 924 ἐπικεκλημένη
620 849 650 910 δὲ
674 851 757 928 Μέγα
780 852 931 931 Στιῆλαισν,
961 854 979 927 ἡ
1008 853 1098 932 ὥσπερ
1127 852 1271 928 κειμήλιον
1302 852 1350 912 καὶ
1372 855 1505 934 θησαυρόν
1527 853 1669 928 τολθτιμεν

382 970 484 1048 έχουσα
505 971 553 1046 τὴν
576 969 651 1051 ίερόιν
675 971 767 1032 εἰκόνα
788 979 837 1049 τῆς
859 973 1027 1054 θεομήτορας
1056 975 1104 1048 τὴν
1133 941 1206 1054 παρὰ
1236 979 1282 1035 τοῦ
1312 974 1391 1053 ἁγίου
1420 973 1468 1035 καί
1498 977 1669 1056 πανενφῆμου

382 1093 535 1153 ἀποστόλου
557 1092 604 1154 καὶ
627 1097 821 1174 εὐαγγελιστοῦ
844 1095 938 1156 Λουκά
959 1095 1155 1177 ἱστορηθεῖσαν,
1184 1099 1286 1158 ἀνωθεν
1315 1098 1365 1173 μὲν
1391 1096 1438 1158 καί
1463 1097 1493 1171 ἐξ
1517 1099 1603 1178 ἀρχῆς
1621 1097 1670 1157 καὶ

381 1217 434 1295 τρδ
456 1216 563 1295 χρόνων
586 1216 796 1293 ἀμνημονεθτων
819 1217 958 1278 διετέλεσε
982 1218 1121 1298 βασιλικῆ,
1151 1220 1334 1299 πατριαρχικῆ
1364 1219 1412 1280 καί
1441 1225 1668 1300 σταυροπηγιακῆ,

383 1336 516 1417 ἐλευθέρα
538 1357 568 1396 τε
591 1337 638 1397 καί
661 1338 817 1410 ἀδοθλωτος
839 1343 927 1414 πάντη
950 1340 1000 1400 ὑπό
1015 1345 1070 1400 τῶν
1084 1341 1146 1400 κατ’
1158 1341 1246 1401 ἐκεῖνο
1269 1345 1363 1421 καιροῦ
1379 1341 1512 1417 ἀοιδίμων
1535 1341 1668 1415 βασιλέων

381 1455 429 1518 καί
450 1465 625 1539 πατριαρχῶν
648 1467 680 1542 τῆ
702 1461 834 1521 παντελεῖ
857 1461 999 1542 ἐλευθερίᾳ
1021 1460 1067 1522 καί
1083 1462 1211 1545 ἀουδοοίφι
1232 1463 1409 1542 τετιμημένη,
1433 1464 1481 1522 ἀπε
1504 1467 1668 1541 καταφανοῦς

380 1577 463 1656 οὔσης
476 1580 524 1640 καὶ
538 1584 595 1652 τοῖς
609 1587 690 1642 πᾶσιν
706 1582 932 1662 όμολογουμένης
946 1587 1002 1656 τοῖς
1017 1605 1047 1644 τε
1062 1585 1150 1644 πάλαι
1165 1583 1283 1656 καὶτοῖς
1307 1586 1453 1660 μετέπειτα
1475 1591 1525 1660 τῆς
1547 1585 1668 1659 τοιαίτης

381 1703 463 1778 αὐτῆς
493 1702 637 1795 βασιλικῆς
664 1703 818 1783 φιλοτιμίας
841 1705 887 1765 καί
910 1711 1147 1786 σταυροπηγιακῆς
1170 1703 1247 1780 ἀξίας
1269 1710 1326 1778 τοῖς
1348 1708 1530 1782 θεασαμένοις
1551 1706 1598 1768 καί
1619 1703 1669 1766 ιἰν-

379 1826 510 1901 εγνωκόσι
539 1825 573 1885 τά
602 1827 794 1906 χορηγηθέντα
825 1827 891 1909 αἰιιῆ
919 1821 966 1888 καί
997 1830 1140 1904 σωζόμενα
1168 1829 1197 1888 ἐν
1219 1827 1258 1908 τῷ
1280 1829 1341 1890 τότε
1364 1830 1495 1904 βασιλικά
1517 1849 1548 1890 τε
1570 1829 1667 1911 χρυσό-

379 1944 488 2018 βουλλα
519 1945 565 2006 καί
595 1948 779 2028 πατριαρχικά
807 1948 972 2026 οιγιλλιώδη
1002 1952 1162 2029 γράμματα,
1192 1944 1300 2026 ῆστινος
1330 1951 1489 2032 ἐλευθερίας
1519 1950 1566 2010 καί
1589 1951 1667 2011 αθτο-

380 2066 477 2142 νομίας
500 2069 582 2143 αὐτῆς
604 2071 762 2144 σωζομένης
783 2090 814 2128 τε
836 2068 883 2130 καί
905 2071 1110 2148 φυλαττομένης
1140 2071 1188 2132 καὶ
1218 2071 1444 2150 διενεργαυμένης
1466 2073 1666 2151 ἀνενοχλῆτως,

379 2190 417 2260 ὡς
439 2189 514 2270 παρὰ
535 2195 615 2250 πᾶσιν
639 2191 824 2270 ἐγνωσμένης,
849 2191 944 2270 διῆγον
972 2193 1001 2251 ἐν
1030 2192 1120 2253 ἀνέσει
1145 2195 1244 2265 πάντες
1272 2193 1297 2252 σί
1319 2194 1530 2269 συνασκοθμενοι
1553 2197 1582 2254 ἐν
1604 2197 1666 2276 ουτῆ

377 2309 490 2390 περίπου
512 2311 573 2383 τοὺς
594 2314 761 2387 πεντήκοντα
791 2314 859 2392 πρδς
889 2315 986 2374 ἑκατόν
1016 2311 1157 2375 όσιώτατοι
1186 2316 1312 2395 πατέρες,
1342 2317 1486 2390 τέμνοντες
1517 2316 1666 2398 ἐλευθέρως

378 2431 427 2504 τὴν
450 2430 559 2491 αὔλακα
581 2439 631 2510 τῆς
655 2434 784 2514 σωτηρίου
807 2435 961 2516 ὁδοιπορίας
992 2437 1079 2495 αἰτῶν
1109 2435 1156 2495 καί
1186 2438 1231 2497 τδν
1263 2437 1291 2496 ἐν
1321 2435 1360 2516 τῷ
1383 2437 1524 2516 μοναδικῷ
1548 2437 1600 2518 βίῳ
1619 2445 1666 2514 τῆς

378 2553 519 2628 ἀσκήσεως
549 2553 595 2614 καί
629 2555 729 2635 ἀρετῆς
761 2555 911 2626 ἀκωλύτως
944 2555 1121 2630 ἐξασκοῦντες
1150 2556 1197 2618 καί
1228 2561 1425 2640 μετερχόμενοι
1456 2561 1566 2640 τρόπον.
1611 2555 1665 2620 εἰτα

377 2676 502 2756 κρίμασιν
525 2668 566 2748 οίς
588 2677 671 2752 μόνος
694 2671 751 2736 οίδε
774 2677 845 2756 θεός,
869 2677 974 2753 συμβὰν
997 2676 1028 2751 ἐξ
1052 2679 1182 2758 ἐπηρείας
1210 2685 1257 2740 τοῦ
1288 2681 1437 2754 μισοκάλου
1469 2681 1599 2756 δαίμονος
1619 2684 1665 2756 τἠν

377 2796 451 2877 ἱεράν
474 2799 560 2873 μονὴν
582 2799 680 2874 ταύτην
703 2797 765 2879 πυρί
786 2801 1024 2880 καταναλωθῆναι,
1051 2807 1104 2861 τῶν
1130 2803 1264 2882 πατέρων,
1293 2805 1332 2874 ὡς
1353 2803 1425 2882 φησί,
1453 2802 1515 2882 περὶ
1537 2804 1584 2863 τόν
1607 2825 1665 2884 τρυ-

345 2910 347 2916 ’
377 2921 461 2998 γητδν
485 2919 739 3001 ἐνασχολουμένων,
763 2922 905 2996 ἑπομένως
926 2921 971 2982 διὰ
984 2929 1034 2999 τῆς
1050 2923 1247 3002 ἐπιγενομένης
1269 2925 1368 3000 ταθτης
1390 2925 1516 3006 ὀλεθρίου
1538 2931 1665 3008 πυρκαϊᾶς

377 3042 605 3122 ἀπετεφρίυθησαν
637 3043 774 3121 δυστυχῶς
803 3041 851 3103 καί
879 3046 1055 3119 κατεκάησαν
1082 3044 1129 3104 καὶ
1157 3047 1245 3105 πάντα
1275 3046 1307 3104 τόι
1339 3046 1367 3105 ἐν
1397 3045 1435 3126 τῷ
1466 3049 1664 3126 σκευφυλακείῳ

376 3164 459 3240 αθιῆς
481 3166 624 3240 σωζόμενα
648 3163 708 3245 ίερά
730 3167 812 3240 σκεύη
835 3163 882 3224 καί
904 3166 991 3244 άμφια
1013 3167 1119 3242 σύναμα
1134 3169 1190 3238 τοῖς
1212 3167 1429 3246 χρυσοβοίλλοις
1450 3166 1498 3228 καί
1514 3168 1663 3247 οιγιλλίοις,

375 3291 430 3345 τῶν
458 3287 677 3366 παρευρεθέντων
706 3287 831 3366 πατέρων
862 3286 944 3361 μόλις
973 3287 1139 3362 δυνηθέντων
1171 3287 1352 3348 διασώσασθαι
1381 3287 1427 3348 καί
1457 3287 1603 3361 ἐξελέσθαι
1621 3294 1664 3350 τοῦ

377 3407 459 3486 πυρός
482 3409 530 3480 τὴν
554 3407 679 3486 ῥηθεῖσαν
702 3413 752 3483 τῆς
774 3408 901 3466 θεοτόκου
925 3405 1026 3488 εἰκόνα,
1049 3409 1097 3484 τὴν
1120 3410 1172 3468 θπδ
1194 3413 1240 3468 τοῦ
1263 3408 1341 3488 ἀγίου
1357 3410 1453 3470 Λουκοί
1474 3409 1663 3492 ίστορηθεῖσαν.

380 3527 441 3602 μεθ’
452 3529 486 3602 ῆν
509 3527 621 3606 ἀτυχίαν
644 3527 690 3587 καί
714 3528 805 3604 δεινὴν
827 3527 980 3610 περίστασιν
1002 3531 1201 3610 προσελθόντες
1222 3535 1367 3607 τηνικαῦτα
1383 3532 1409 3592 οἱ
1423 3537 1472 3608 τῆς
1488 3533 1565 3614 ἱεράς
1585 3539 1663 3609 μονῆς

375 3651 493 3728 πατέρες
522 3655 555 3730 τῆ
585 3650 698 3732 προνοίᾳ
727 3650 773 3710 καὶ
803 3651 955 3732 κηδεμονίᾳ
986 3656 1032 3712 τοῦ
1061 3657 1256 3734 πατριαρχικοθ
1286 3652 1333 3713 καί
1363 3653 1551 3728 οἰκουμενικοῦ
1578 3657 1663 3716 τοὺτου

374 3772 467 3851 θρόνου
490 3769 536 3831 καί
558 3773 588 3832 τδ
612 3771 761 3848 ἐπισυμβάν
788 3778 838 3848 τῆς
866 3777 1000 3854 πυρκαϊᾶς
1029 3779 1104 3836 τοῦτο
1133 3777 1220 3846 πάθος
1251 3777 1521 3858 ἐκτραγῳδῆσαντες,
1552 3777 1598 3837 καί
1619 3781 1662 3852 τἠν
1720 3839 1721 3856 ,

375 3891 421 3952 διὰ
450 3896 495 3953 τοῦ
527 3893 609 3972 πυρός
640 3893 780 3954 ἀπώλειαν
810 3900 864 3954 τῶν
898 3893 1047 3976 εἰρημένων
1076 3896 1290 3976 χρυσοβοίιλλων
1320 3919 1350 3957 τε
1379 3897 1426 3958 καὶ
1457 3898 1600 3977 σιγιλλίων
1621 3899 1662 3960 καὶ

373 4015 477 4074 λοιπῶν
500 4021 661 4075 συστατικῶν
684 4018 853 4095 γραμμάτων
875 4021 924 4092 τῆς
948 4023 1034 4093 μονῆς
1058 4019 1144 4077 αὐτῶν
1165 4019 1264 4094 ταύτης
1287 4019 1483 4100 ἐμφανίσαντες
1505 4019 1554 4080 καί
1569 4021 1660 4096 δηλώ-

373 4156 469 4208 σαντες
491 4135 537 4195 καί
560 4139 752 4214 πιστώσαντες,
783 4139 831 4212 τὴν
866 4139 984 4218 ἀρχαίαν
1016 4139 1102 4198 αὐτῶν
1133 4139 1291 4221 ἐλευθερίαν
1313 4163 1343 4200 τε
1366 4141 1413 4201 καί
1436 4142 1598 4218 αθτσνομίαν
1618 4146 1661 4218 τὴν

374 4257 419 4317 διὰ
441 4259 587 4332 βασιλικῆς
610 4258 765 4336 φιλοτιμίας
787 4257 833 4318 καί
856 4268 1092 4340 οταυρατιηγιακῆς
1108 4259 1187 4333 ἀξίας
1208 4263 1305 4333 ἄλλως
1327 4284 1358 4322 τε
1381 4263 1488 4342 ἐμφανῆ
1511 4263 1559 4324 καὶ
1581 4269 1661 4325 κατά-
1720 4283 1721 4334 ι

373 4380 460 4454 δηλον
482 4377 529 4438 καί
550 4381 606 4449 τοίς
623 4385 702 4440 πᾶσιν
719 4380 955 4460 ὁμολογουμένην,
980 4383 1018 4453 ὡς
1038 4382 1152 4462 εἴρηται,
1177 4384 1205 4443 ἐν
1220 4383 1259 4461 τῷ
1273 4385 1335 4444 τότε
1352 4383 1542 4464 διατελοίιοαν,
1567 4387 1661 4462 ἔλαβον
1720 4431 1721 4466 ,

372 4502 447 4580 παρὰ
467 4506 514 4560 τοῦ
542 4501 670 4581 ῥηθέντος
699 4505 876 4582 πατριάρχου,
907 4503 998 4581 κυρίου
1022 4503 1180 4584 Παρθενίου,
1209 4507 1259 4581 ’τῆν
1282 4508 1428 4566 ἀνανέωσιν
1450 4504 1498 4566 καί
1521 4507 1660 4582 βεβαίωσιν
1720 4545 1721 4586 φ

377 4625 461 4699 αδτῆς
477 4622 520 4682 διίι
535 4627 582 4681 τοῦ
595 4623 791 4702 διαληφθέντος
806 4625 945 4684 συνοδικοίι
960 4627 1133 4706 γράμματος,
1158 4627 1371 4706 ἀποφαινομένου
1386 4628 1433 4688 δαὶ
1449 4628 1660 4704 ἐπῑβέβαῑθῦἰτθί
