3246 5288
246 311 311 376 412

245 508 349 585 ρευτοίς
363 506 434 564 κατὰ
449 507 479 565 τό
495 506 601 586 ἄριστον
617 507 807 580 ἑστιασόμεθα.
837 502 884 563 καί
900 506 917 578 ἡ
933 504 987 564 τῶν
1003 503 1088 582 άγίων
1105 503 1137 564 δέ
1153 492 1268 584 Χριστοῦ
1284 505 1389 564 Γεννῶν
1402 526 1527 585 τεσσαρα-

246 629 329 703 κοσιὴ
352 627 433 702 ὁμοία
457 627 530 686 ἔσται
552 633 586 709 τῇ
608 633 661 686 τῶν
685 627 770 705 ἁγίων
793 627 953 688 ἀποστόλων
976 627 1086 710 νηστείᾳ
1110 627 1214 699 ἐντοῖς
1237 626 1355 708 βρῶσεσι
1377 625 1420 687 καί
1434 629 1528 688 πόσεσι.

349 747 392 820 ιζ’.
417 749 473 810 Καὶ
496 754 578 810 ταῦτα
602 749 653 825 μέν
676 747 737 830 περὶ
760 755 814 809 τῶν
838 747 867 808 ἐν
888 753 949 821 ταῖς
971 748 1038 828 τρισὶ
1061 749 1202 829 λαμπραῖς
1224 748 1271 809 καί
1295 749 1385 828 άγίαις
1405 769 1531 828 τεσσαρα-

245 875 356 944 κοσταῑς
385 877 523 949 νηστειῶν.
568 870 630 951 περὶ
660 871 691 931 δὲ
721 877 775 932 τῶν
799 871 828 930 ἐν
854 872 914 943 ταῖς
944 871 1047 943 άλλαις
1076 870 1243 947 ἑβδομάδεσι
1264 875 1393 946 νηστειῶν
1414 875 1463 930 τῶν
1484 871 1533 930 ἀνα

243 999 332 1054 πάσαν
355 994 472 1075 τετράδα
494 991 541 1052 καὶ
563 992 738 1073 παρασκευὴν
762 975 969 1069 ἐντεταλμένων
991 993 1042 1053 ἰνπδ
1063 999 1117 1052 τῶν
1139 993 1220 1052 θείων
1241 993 1373 1074 κανόνων,
1396 993 1476 1064 ούτως
1489 993 1533 1066 ιὴν
1602 1019 1603 1022 ¹

244 1113 368 1190 νηστείαν
391 1115 416 1175 οἰ
438 1115 509 1174 κατά
525 1115 709 1191 Παλαιστίνην
731 1116 848 1196 πατέρες
864 1113 926 1176 δέον
949 1115 1083 1174 ποιεῖσθαι
1106 1115 1340 1196 διακεκρίκασιτῄ
1360 1115 1479 1194 παντελῇ
1493 1119 1533 1174 τού
1602 1149 1603 1188 ;

245 1236 316 1296 οἰνου
338 1235 453 1298 καὶτοῦ
476 1237 570 1296 ἐλαίου
593 1234 687 1320 ἀποχῇ
710 1237 872 1318 προσθέντες
893 1237 955 1314 ίσην
976 1237 1097 1316 γίνεσθαι
1120 1236 1166 1297 καὶ
1188 1237 1237 1312 τὴν
1259 1235 1331 1296 κατὰ
1344 1235 1393 1311 τὴν
1416 1236 1533 1316 δευτέρω
1602 1239 1603 1312 j

244 1360 380 1434 νηστείαν.
414 1362 445 1419 τ“ο
468 1360 532 1418 αύτδ
550 1359 598 1420 καί
620 1360 701 1434 ἡμεῖς
725 1359 878 1438 στοιχῶμεν
900 1361 1028 1436 ἑπόμενοι
1050 1361 1107 1432 τοῖς
1129 1359 1218 1436 ἁγίοις
1239 1355 1355 1438 πατράσι
1368 1360 1456 1439 ἡμῶν,
1478 1357 1533 1416 δια·
1602 1387 1603 1428 γ

244 1482 374 1556 τιθέμεθα
397 1481 438 1561 δέ,
462 1481 625 1557 δεσποτικῆς
648 1481 825 1557 ἐνισταμένης
848 1483 944 1562 ἑορτῆς
966 1485 984 1557 ἡ
1006 1486 1060 1541 τῶν
1077 1480 1111 1557 ιβ’
1134 1481 1293 1541 ἀποστόλων
1308 1483 1326 1555 ἡ
1343 1487 1395 1540 τῶν
1410 1481 1535 1558 μεγάλων

246 1601 419 1663 διδασκάλων
441 1605 459 1676 ἡ
482 1601 528 1662 καί
550 1609 604 1662 τῶν
628 1603 761 1682 μεγάλων
783 1605 908 1683 πατέρων
931 1605 1011 1682 τινός,
1035 1604 1064 1663 ἐν
1084 1595 1128 1674 αἷς
1151 1602 1293 1682 ἀγρυπνίαν
1302 1602 1325 1678 ¹)
1348 1601 1464 1681 γίνονται
1485 1601 1536 1674 ἡό
1602 1583 1603 1610 ί

174 1756 178 1765 -
244 1725 400 1797 πολυέλεος
430 1723 579 1805 ψάλλεται,
611 1731 700 1785 πᾶσαν
730 1725 856 1800 νηστείαν
887 1725 999 1786 λόεσθαι
1030 1725 1144 1806 δίκαιον,
1175 1726 1284 1801 καθ’ἡν
1307 1727 1339 1783 ἂν
1361 1725 1466 1803 ἡμέραν
1487 1729 1535 1781 τῶν
1602 1747 1603 1772 1

245 1844 396 1927 εἰρημένων
426 1852 506 1926 τριῶν
530 1851 579 1925 τῆς
602 1845 757 1922 ἑβδομάδος
784 1847 895 1927 ἡμερῶν
923 1845 1041 1923 συμβαίη
1066 1846 1193 1925 γίνεσθαί
1222 1866 1295 1918 τινος
1316 1851 1370 1904 τῶν
1395 1843 1536 1926 εἰρημένων
1602 1817 1603 1906 ί

245 1969 370 2043 τελετὴν.
402 1967 516 2046 ἐρείοθω
532 1966 563 2027 δέ
579 1969 638 2042 ύμῖν
654 1966 700 2028 καί
714 1969 780 2049 παρ’
789 1969 855 2029 όλον
870 1969 916 2028 τόν
930 1973 977 2028 τού
992 1968 1207 2049 δωδεκαημέρου
1229 1969 1321 2045 καιρόν
1344 1969 1423 2046 τυρδν
1446 1965 1536 2026 ἐσθίειν
1602 1955 1603 1976 ί

244 2088 293 2149 καί
307 2087 384 2168 γάλα
399 2087 445 2150 καί
461 2089 503 2149 ὠά
518 2087 564 2149 καί
580 2089 682 2166 οἰνουέ)
703 2089 767 2150 καθ’
785 2091 901 2167 ἑκάστην
923 2089 1156 2166 μεταλαμβάνειν.
1188 2088 1255 2148 ἀλλ’
1269 2089 1335 2169 όπερ
1357 2091 1433 2164 ἡμᾶς
1449 2091 1537 2167 μικροί
1602 2079 1603 2136 l

230 2192 302 2269 Ιδεῖν
324 2210 510 2291 παρέδραμεν,
534 2210 683 2289 ἀναγκαῖον
701 2211 740 2291 όν,
763 2209 809 2271 καί
824 2217 875 2287 τῆς
897 2217 1020 2292 μυσαροῖς
1042 2209 1221 2290 παραδόσεως
1240 2216 1294 2270 τῶν
1311 2209 1537 2291 Ἀρτζιβουρτζίων

249 2331 432 2412 ἀποδιαιροῦν,
462 2331 509 2392 καὶ
540 2337 616 2392 τοῦτο
646 2339 736 2415 γραρῄ
760 2333 867 2393 δοτέον·
899 2333 928 2392 ἑν
951 2333 1005 2412 γὰρ
1027 2340 1061 2416 τη
1083 2335 1135 2413 πρδ
1157 2339 1207 2409 τὴς
1229 2332 1365 2412 ἀποκρὲου
1389 2330 1537 2406 ἑβδομάδας
1602 2319 1603 2348 ³

246 2459 300 2514 τῶν
322 2453 449 2515 τοιούτων
466 2453 591 2535 Ἀρτζίων
616 2455 654 2530 μὴ
679 2455 752 2515 ἀλλο
774 2475 799 2514 τι
823 2455 964 2516 ἐσθιόντων
986 2453 1074 2536 παρὲξ
1098 2455 1179 2536 ἄρτου
1197 2452 1246 2514 καί
1266 2455 1375 2534 ύδατος,
1398 2454 1479 2528 ἡμεῖς
1499 2451 1538 2509 ἵνα
1602 2441 1603 2492 3

245 2581 295 2653 τὴς
317 2577 417 2636 τούτων
434 2576 564 2656 αἱρέσεως
586 2577 800 2658 ἀποδιῃρημένοι
822 2580 1013 2659 πνγχάνωμεν,
1036 2576 1082 2637 καὶ
1102 2578 1180 2657 τυρόν
1195 2574 1242 2636 καί
1258 2577 1300 2636 ὠὰ
1317 2576 1352 2636 δι’
1362 2557 1538 2649 όληςταύτης
1602 2579 1603 2600 ¹

245 2705 294 2774 τὴς
317 2698 473 2774 ἑβδομάδος
500 2697 695 2771 ἀνενδοιάστως
723 2699 859 2780 ἐσθίομεν,
890 2700 1018 2772 ὡσαύτως
1043 2697 1090 2758 καί
1117 2699 1188 2758 κατὰ
1209 2699 1258 2772 τὴν
1285 2696 1430 2773 ἑβδομάδα
1456 2702 1538 2754 πᾶσαν

245 2825 294 2895 τὴς
315 2824 420 2900 τυρινὴς
443 2819 477 2879 δι’
490 2821 584 2898 ἑτέραν
607 2820 709 2900 αὴοεσιν
732 2819 778 2880 καί
800 2825 877 2881 τούτο
899 2821 1148 2901 παρατηρούμενοι·
1176 2819 1287 2900 χρὴδὲ
1310 2819 1488 2898 συνέρχεσθαι
1508 2822 1538 2898 τὴ

245 2945 365 3024 τραπέζῃ
386 2941 432 3001 καί
454 2943 647 3018 καθ’ἑκάστην
671 2943 857 3023 ἀνυπερθέτως
879 2942 949 3002 κατὰ
965 2944 1013 3018 την
1034 2925 1162 3023 ἀνωτέρω
1185 2941 1401 3017 ἑτοιμαζομένην
1425 2935 1540 3010 διάταξιν

246 3062 292 3124 καί
309 3065 368 3135 τούς
382 3070 437 3124 τῶν
452 3067 547 3140 κὴπων
562 3062 609 3125 καί
632 3065 806 3141 ἀμπελώνων
829 3065 1063 3140 ἐπιμελουμένους
1086 3063 1222 3143 ἀδελρούς
1245 3064 1330 3142 ὑμῶν,
1353 3063 1483 3133 ὡσαύτως
1497 3057 1537 3119 κτί

245 3187 306 3258 τοὺς
328 3186 441 3258 λοιπούς
465 3187 585 3258 ἅπαντας
608 3185 772 3263 διακονητδις
800 3184 846 3246 καί
869 3184 967 3257 κοινῶς
995 3185 1179 3245 ἐπαπολαύειν
1201 3190 1255 3243 τῶν
1278 3187 1323 3244 τοῦ
1346 3183 1410 3242 θεοῦ
1434 3182 1537 3262 δωρεῶν

246 3305 293 3366 καί
316 3308 482 3387 εύχάριστεῖν
496 3313 530 3389 τῇ
546 3308 703 3388 ἀγαθόιητι,
726 3307 759 3367 ἵν’
772 3308 857 3378 ούτως
873 3307 912 3382 μὴ
929 3308 957 3366 ἐν
981 3307 1092 3382 δνόματι
1108 3309 1183 3384 μόνῳ
1205 3303 1374 3385 προσηγορία
1389 3310 1440 3379 της
1456 3304 1537 3364 ἀδελ-

247 3430 361 3507 ρότητος
382 3428 510 3508 λέγηται,
535 3427 601 3486 ἀλλ’
615 3429 707 3509 ἔργοις
730 3429 821 3500 αὺτοῖς
843 3430 874 3488 τό
898 3427 1018 3508 ἐνεργόν,
1033 3427 1209 3507 ἀπορέρηται.

352 3546 397 3624 ιη’.
430 3550 567 3628 ΙΙροοὴνιει
595 3543 737 3630 τοιγαροῦν
759 3547 806 3609 καὶ
834 3547 977 3625 οἰκονόμον
1010 3549 1221 3630 προσθείναιτῄ
1252 3551 1322 3628 μονῇ
1345 3544 1385 3618 εἰς
1407 3549 1439 3605 τ“ο
1470 3547 1537 3624 ἐχειν

246 3674 338 3729 τοῦτον
361 3671 376 3728 ό
398 3670 538 3750 προεστὼς
567 3669 744 3750 συλλήπτορα
768 3671 797 3729 ἐν
821 3672 904 3731 ἅπασι
925 3663 973 3730 καί
995 3671 1194 3748 συναγωνιστὴν
1225 3669 1412 3743 δοκιμώτατον
1437 3665 1476 3738 εἰς
1497 3669 1536 3726 τόν

246 3797 299 3850 τῶν
323 3789 451 3870 ἀδελφῶν
483 3791 675 3870 ἑπιστηριγμδν
697 3789 816 3866 καὶτῆς
839 3796 925 3867 μονῆς
949 3791 1119 3867 ἐπιμέλειαν.
1164 3787 1372 3870 προχειρίσασθε
1397 3789 1429 3848 δὲ
1453 3794 1551 3849 τοῦτον

248 3914 336 3992 τρόπῳ
358 3911 470 3993 τοιῷδε·
501 3911 769 3990 συνδιασκεψόμενος
792 3915 806 3972 ό
828 3913 968 3993 προεστὼς
991 3913 1136 3988 μετὰτῶν
1160 3911 1299 3991 ἀδελφῶν,
1321 3913 1414 3982 όποῖος
1422 3913 1445 3988 ³)
1470 3913 1535 3972 ἔσται

245 4038 299 4092 τῶν
322 4032 419 4093 ἀλλων
442 4035 456 4092 ό
478 4033 617 4114 κρείττων,
649 4034 677 4094 έν
700 4053 729 4092 τε
753 4034 804 4113 βίῳ
826 4032 873 4094 καί
895 4037 986 4114 τρόπῳ
1008 4032 1054 4093 καὶ
1076 4034 1137 4109 ἡθει
1159 4031 1206 4092 καί
1227 4033 1307 4112 λόγῳ
1329 4031 1376 4091 καί
1398 4030 1534 4105 τάξειεν]

247 4149 316 4214 εἰναι
345 4157 437 4215 πιστδν
460 4153 507 4215 καί
536 4156 671 4236 ρρόνιρον,
704 4158 742 4227 ῶς
764 4175 815 4216 που
845 4154 907 4234 ρησὶ
929 4157 960 4215 τ“ο
983 4155 1055 4236 ίερόν
1086 4154 1259 4237 εὐαγγέλιον,
1290 4159 1343 4214 τῶν
1367 4155 1473 4235 σίλλων,
1502 4158 1534 4227 ῶς

247 4277 349 4357 ἑρημεν
375 4277 552 4360 ὑπερέχοντα,
581 4277 788 4358 προχειρίσασθε
814 4281 921 4338 τοῦτον·
957 4279 974 4351 ἡ
1008 4278 1040 4337 δέ
1069 4275 1237 4358 προχείρισις
1267 4277 1360 4336 τούτου
1389 4277 1473 4356 τούτῳ
1500 4276 1533 4354 τῷ

246 4400 336 4480 τρόπῳ
365 4399 540 4480 προβὴσεται.
587 4401 657 4477 μετὰ
678 4401 727 4474 τὴν
753 4404 800 4460 τού
830 4400 925 4480 όρθρσυ
956 4399 1086 4459 ἀπόλυσιν
1109 4387 1157 4459 καί
1178 4399 1226 4474 τὴν
1256 4399 1356 4474 συνὴθη
1378 4402 1426 4458 τού
1447 4397 1533 4480 ἱερέως

246 4557 452 4568 ..ι--ι-ι-...ι-ι-

352 4661 371 4724 ¹)
391 4657 531 4728 ἀγρυπνίαις
550 4660 580 4710 Ε.
653 4658 673 4723 ²)
690 4649 754 4707 σίνσν
772 4657 802 4708 Ε.
874 4657 896 4724 ³)
915 4653 997 4707 όποίον
1015 4657 1058 4740 Ε.Ἰ
