3166 5298
1261 366 1322 431 105

49 561 167 629 τελούσας
187 556 230 618 καί
254 555 395 634 ἐπίσκεψιν
417 561 462 616 τού
483 559 603 617 τοιούτου
625 559 804 638 περιποθήτου
826 558 951 639 γαμβροῦ
970 565 1019 633 τῆς
1035 559 1177 635 βασιλείας
1193 579 1254 638 μου,
1277 564 1323 620 τού

48 683 159 761 μεγάλου
179 678 347 758 δσμεοτίκου,
369 672 417 738 καί
439 680 477 750 ὡς
499 681 616 758 κτήτσρα
640 679 718 738 σιύτδν
742 679 853 738 ἐκείνων
875 679 922 740 καί
946 682 1035 760 ὥσπερ
1059 684 1090 740 ἀν
1115 679 1138 740 εί
1161 673 1238 753 οὗτος
1260 678 1324 758 ἦνό

46 805 133 876 ταύτας
147 804 176 862 ἐκ
190 803 298 880 βάθρων
313 801 456 880 ἀνεγείρας
471 799 518 859 καί
535 803 745 881 συστησάμενος,
768 803 836 860 ούτω
851 803 912 874 τούς
928 803 956 862 ἐν
971 803 1079 874 ταύταις
1095 803 1232 880 μοναχούς
1249 803 1323 880 ἔχειν

46 925 185 996 ύπείασντας
215 921 288 1002 αύτῷ
314 921 362 982 καί
388 921 421 981 τὰ
450 921 527 981 ἀλλα
555 923 800 1001 διαπραττομένους
821 923 869 982 καί
891 925 1116 1004 ἀποπληροῦντος
1137 925 1232 1003 τούτῳ,
1268 927 1285 982 ά
1308 925 1322 982 ό

46 1046 166 1123 δηλωθείς
180 1042 326 1125 ἱερώτατος
342 1043 543 1123 μητροπολίτης
554 1045 661 1122 Ζιχνῶν
676 1042 723 1103 καί
738 1044 880 1124 ύπέρτιμος
897 1045 943 1104 διά
956 1049 1001 1105 τοῦ
1018 1046 1145 1126 ῥηθέντος
1160 1047 1323 1125 γράμματος

47 1169 115 1227 αότσύ
133 1165 210 1239 έταξέ
232 1187 262 1226 τε
285 1165 333 1226 καὶ
354 1167 528 1239 κατέστησεν.
554 1166 615 1225 όθεν
638 1171 671 1247 τῇ
698 1163 769 1244 ἰσχύι
790 1164 837 1224 καί
860 1165 972 1242 δυνάμει
997 1171 1043 1226 τού
1065 1171 1198 1247 παρόντος
1219 1187 1322 1246 χρυσο-

46 1291 150 1362 βσύλλου
170 1291 258 1368 λόγου
279 1294 330 1364 τῆς
346 1287 489 1362 βασιλείας
504 1308 556 1363 μου
573 1287 814 1366 διατηρηθήσονται
828 1291 912 1347 ταύτα
925 1290 1015 1348 πάντα
1031 1285 1221 1368 ἀμετάτρεπτα
1235 1289 1322 1363 πάντη

45 1411 84 1470 καί
103 1411 290 1491 ἀμετακίνητα,
312 1408 359 1468 καὶ
381 1407 470 1478 ούδείς
493 1409 523 1468 ού
546 1411 584 1484 μή
607 1429 672 1468 ποτε
696 1407 736 1480 είς
758 1409 911 1489 ἀνατροπην
933 1408 1033 1468 τεκαὶ
1056 1409 1180 1484 ἀθέτησιν
1201 1410 1273 1480 τινος
1290 1409 1322 1468 ἐκ

45 1535 127 1591 τούτων
147 1533 269 1592 όπωσούν
290 1537 415 1612 χωρῆσαι
439 1529 550 1612 δυνηθῇ,
574 1530 651 1590 ἀλλά
674 1533 725 1590 κάν
747 1537 800 1589 τῶν
816 1530 886 1590 κατὰ
901 1531 1010 1610 καιρούς
1026 1531 1055 1590 ἑν
1070 1531 1108 1609 τῷ
1123 1532 1234 1608 τοιούτῳ
1248 1533 1322 1608 τόπῳ

43 1655 321 1733 νερσλαττικευόντων,
343 1655 395 1712 κάν
409 1657 463 1711 τῶν
478 1651 512 1710 τόι
528 1651 646 1727 δημόσια
662 1651 869 1730 διενεργούντων
885 1673 934 1730 τις,
954 1653 1006 1712 κᾶν
1022 1655 1115 1731 ἕτερος
1129 1659 1182 1712 τῶν
1198 1655 1323 1712 ἁπάντων

43 1772 57 1852 ᾖ
84 1776 96 1832 ό
116 1777 172 1834 καθ’
185 1775 340 1848 οίονδήτινα
367 1776 411 1833 τόν
439 1777 536 1853 τρόπον
564 1775 588 1854 ό,
618 1795 643 1832 τι
666 1772 710 1834 σύν
733 1774 862 1848 ἀθετῆσαι
884 1775 1090 1854 πειρασόμενος,
1121 1777 1160 1847 ὡς
1182 1775 1323 1846 ἀδυνάτοις

44 1897 171 1976 ἐπιχειρῶν
195 1893 440 1975 ἐξελεγχθήσεται,
464 1893 510 1955 καί
532 1897 618 1971 πάντη
641 1899 749 1967 πάντως
773 1895 992 1975 ἀποτραπηοεται
1014 1895 1060 1955 καὶ
1076 1896 1321 1976 ἀποσοβηθήσεται,

43 2015 94 2075 ἐπεὶ
119 2017 162 2077 καί
191 2019 206 2076 ό
236 2018 331 2097 παρὼν
362 2010 439 2089 οὗτος
467 2016 675 2096 χρυσόβουλλσς
704 2017 790 2096 λόγος
820 2023 868 2094 της
899 2017 1042 2093 βασιλείας
1070 2037 1122 2092 μου
1145 2016 1183 2089 είς
1204 2019 1253 2092 τἠν
1278 2015 1321 2077 ἐπί

43 2141 129 2212 τούτοις
148 2145 227 2200 πάοιν
251 2139 461 2219 ἀνενοχληοίαν,
485 2137 654 2218 δερὲνδευοίν
676 2159 707 2198 τε
729 2137 776 2198 καὶ
799 2139 950 2218 ἀσφάλειαν
975 2141 1168 2219 έπεχορηγηθη
1187 2141 1248 2211 ταῖς
1261 2159 1320 2199 τοτ-

46 2261 123 2332 τύτοιις
143 2261 303 2338 οεβοισμίαις
326 2266 421 2338 μοναῖς
443 2259 490 2321 καί
512 2257 550 2339 τῷ
572 2262 621 2336 την
644 2263 729 2322 αθτῶν
752 2261 875 2342 ἐφορείαν
891 2261 1103 2341 ἀναδεδεγμένῳ
1118 2260 1166 2321 καί
1182 2260 1321 2338 ἐπίσκεψιν

43 2385 195 2463 περατοθήτῳ
218 2382 337 2464 γαμβρῷ
360 2389 409 2458 τῆς
429 2381 571 2458 βασιλείας
587 2405 648 2462 μου,
673 2385 790 2462 μεγάλῳ
807 2383 958 2463 δομεστίκῳ
973 2383 1045 2463 κυρῷ
1062 2381 1176 2465 Ἰωάννῃ
1192 2382 1321 2443 Παλαισ-

43 2503 108 2582 λόγῳ
129 2503 164 2585 τῷ
186 2504 416 2584 Καντακουζηνῷ,
440 2503 574 2576 συντεθεὶς
595 2505 680 2564 κατὰ
703 2511 789 2581 μῆνα
820 2503 957 2586 μάρτιον
980 2510 1038 2582 τῆς
1059 2510 1113 2564 νύν
1136 2506 1322 2587 τρεχούσης

43 2627 145 2702 ταύτης
170 2629 269 2686 πέντε
300 2625 355 2686 καί
385 2627 528 2704 δεκάτης
552 2625 778 2706 ίνδικτιῶνος,
812 2631 867 2687 τού
895 2624 1192 2704 έξοικισχιλιοστού
1222 2628 1320 2688 ἀκτα-

42 2753 197 2809 ιοοισττσύ
224 2753 493 2829 τεοσαρακσοτσύ
520 2749 627 2829 ἔτους,
659 2750 688 2808 ἐν
716 2743 738 2827 ᾧ
765 2746 811 2808 καί
837 2749 868 2808 τό
895 2749 1027 2829 ἡμέτερον
1053 2748 1162 2824 εύσεβὲς
1184 2748 1231 2808 καί
1254 2751 1320 2809 θεο-

7 2891 9 2932 3
42 2871 180 2949 τρόβλητον
203 2873 397 2946 ύπεσημηνατο
419 2872 519 2948 κράτος
541 2875 567 2946 †.

129 2989 242 3072 ίΕίχε
265 2992 322 3052 καὶ
343 2993 535 3074 ύπσγραρὴν
556 2995 606 3052 τό·
631 2991 837 3072 Ἀνδρόνικος
861 2993 894 3052 ἐν
910 2993 1038 3074 Χριστῷ
1060 2993 1103 3072 τῷ
1126 2993 1190 3070 θεῷ
1204 2995 1319 3065 πιστός

43 3113 187 3188 βασιλεύς
208 3114 266 3175 καί
290 3117 501 3196 αὐτοκράτωρ
524 3115 697 3190 Ῥωμαίων
720 3117 735 3173 ό
759 3115 999 3194 Παλαιολόγσς
1021 3119 1046 3192 †.

131 3279 229 3334 δοθιασ
245 3279 271 3332 Ι.
282 3297 316 3349 p.
334 3281 406 3334 228.

288 3601 348 3665 XI.
373 3599 624 3688 [6841-1333]‚
649 3623 760 3664 mense
782 3603 913 3684 martio,
936 3601 1002 3665 ind.
1026 3601 1052 3664 I.

47 3797 176 3866 Imperator
184 3803 357 3858 Andronicus
365 3803 385 3855 Ι
384 3803 418 3856 II
419 3844 423 3854 .
434 3803 614 3874 Ραύοοούορτισ
622 3805 705 3856 donat
712 3804 840 3856 monacho
850 3804 949 3857 Iacobo
958 3805 1174 3858 monasteriolum
1184 3805 1316 3875 Ostrinae,

45 3904 159 3959 ταύωίαιιι
169 3905 287 3961 Sanctae
295 3907 468 3976 Αιιαεύαείαο,
483 3914 583 3962 terram
595 3909 624 3961 in
638 3908 720 3961 ΤΙιοίο
733 3914 757 3961 σύ
766 3909 853 3962 decem
862 3909 1017 3980 hyperpyra
1025 3910 1153 3964 solvenda
1162 3912 1196 3964 αθ
1206 3911 1318 3964 Iudaeis

435 4012 621 4066 θοιθίύοιπιίύιιτ
637 4013 666 4065 in
680 4018 770 4066 σοιτί-νο
787 4013 908 4066 Ζίσύιια.

127 4217 142 4288 ’γ
166 4211 245 4272 Ἐπεί
267 4215 282 4271 ό
299 4217 419 4293 μοναρός
436 4214 569 4288 Ἰάκωβος
591 4213 680 4287 ἔδειξε
696 4215 767 4274 κατὰ
782 4217 827 4274 τόν
843 4218 964 4295 παρόντα
979 4217 1072 4294 καιρόν
1087 4215 1172 4274 πίστιν
1187 4214 1234 4273 καί
1249 4217 1316 4275 ὑπό-

45 4326 109 4406 ληψιν
130 4335 251 4414 καθαρὰν
274 4334 315 4408 είς
336 4336 384 4410 τὴν
408 4336 549 4410 βασιλείαν
574 4359 625 4414 μου
649 4337 693 4397 διά
715 4344 768 4396 τῶν
793 4339 880 4418 ἔργων
904 4331 941 4398 ὧν
967 4336 1086 4418 ἐποίησε,
1110 4335 1156 4396 καὶ
1180 4337 1316 4416 ἐκρατήθη

47 4449 183 4536 ἕλσσρερῶς
205 4455 252 4517 καὶ
275 4463 393 4538 στερρῶς
415 4457 462 4518 καὶ
486 4459 605 4534 βεβαίως
629 4458 669 4530 είς
692 4463 783 4539 αύτήν,
809 4456 924 4536 ἐξήτηοε
948 4459 979 4518 δὲ
1002 4458 1048 4519 καί
1070 4459 1246 4539 παρεκάλεσε
1268 4461 1316 4535 τὴν

47 4568 166 4640 βασιλείαν
195 4601 257 4659 μου,
288 4579 333 4638 ἵνα
374 4580 439 4662 δοθῇ
464 4577 509 4640 διόι
538 4581 744 4660 χρυσοβούλλου
773 4584 841 4660 πρός
872 4583 949 4642 αύτδν
979 4583 1010 4640 τό
1033 4581 1112 4653 ἐκτδς
1133 4587 1179 4641 τού
1202 4585 1316 4662 κάστρου

47 4695 164 4776 θννύόρισν
192 4702 222 4760 τό
250 4699 290 4772 είς
317 4701 404 4776 όνομσ
430 4704 583 4778 τιμώμενον
605 4709 654 4779 τῆς
676 4706 880 4784 πανυπεροίγνου
903 4703 1047 4780 δεσποίνης
1069 4701 1115 4764 καί
1138 4706 1315 4782 θεομήτορος,
