3486 5282
1354 359 1418 434 223

120 562 266 642 ἀναφέρειν
297 562 346 636 τήν
377 562 502 624 ὑπόθεσιν
531 563 630 638 ταύτην
656 561 697 636 εἰς
723 562 769 623 τόν
796 562 868 623 κατὰ
893 562 1003 644 καιροίνς
1030 560 1216 638 οἰκουμενικδν
1242 559 1421 642 πατριάρχην,

119 685 338 764 περιγράφοντες
359 685 390 744 ἐν
411 685 488 766 φόβῳ
510 685 573 746 θεοῦ
596 685 630 746 τά
650 685 716 766 ήθη,
738 685 784 744 τὀν
807 684 864 758 βίον
887 683 934 745 καί
956 685 1005 760 τήν
1028 685 1152 764 φρόνησιν
1174 689 1228 744 τῶν
1245 683 1286 756 εἰς
1301 684 1423 762 ἐκλογήν

121 803 162 864 ἐπὶ
183 811 219 888 τῇ
244 807 416 890 ήγουμενείφι
437 809 624 888 προκειμένων
641 812 863 887 μοναστηριακῶν
878 808 1013 887 πατέρων,
1036 807 1089 886 ἵνα,
1113 807 1272 887 ἐπικρίσεως
1289 804 1423 882 ἐκκλησι-

121 935 233 1004 αστικής
260 929 392 1011 ἀκριβοῦς
412 907 565 1008 γενομένης
587 930 655 1010 πρδς
677 931 707 990 τδ
730 935 807 1011 κοινή
828 930 963 1010 συμφέρον
978 931 1025 988 τοῦ
1040 928 1113 1010 ἱεροῦ
1126 929 1219 990 τοὺτου
1234 927 1423 1009 μσναστηρίσυ,

120 1051 339 1112 ἀποκαθτοτοῖται
367 1052 412 1112 διά
434 1055 629 1132 πατριαρχικοΰ
652 1051 879 1128 ἐκκλησιαστικοῡ
901 1053 1064 1132 γράμματος
1086 1049 1132 1110 καί
1155 1050 1302 1132 διορίζηται
1324 1051 1338 1108 ό
1361 1051 1423 1122 νέος

120 1159 290 1256 ἡγεόμενος,
322 1175 520 1250 σημειουμένου
542 1172 589 1234 καί
610 1177 657 1234 τοῦ
679 1172 815 1249 ὀνόματος
837 1173 917 1234 αὺτοῦ
941 1172 969 1232 ἐν
991 1171 1030 1251 τῷ
1053 1173 1159 1253 ῥηθέντι
1181 1172 1302 1249 κώδηκι·
1334 1173 1422 1250 ἕκτον,

121 1296 137 1368 ή
167 1294 288 1376 σφραγίς
318 1299 364 1358 τοῦ
394 1295 573 1376 μοναστηρίου
602 1296 637 1356 νά
663 1295 785 1378 διαιρεθῇ
809 1292 848 1368 εἰς
870 1296 1002 1371 τμήματα
1023 1296 1142 1374 τέσσαρα
1163 1293 1210 1355 καί
1231 1296 1249 1370 ή
1273 1294 1323 1370 μὲν
1346 1293 1423 1369 λαβὴ

121 1419 417 1496 παρακατατιθειμένη
439 1418 548 1501 ὑπάρχῃ
570 1416 609 1496 τῷ
630 1418 786 1496 ἡγουμένῳ,
808 1417 844 1477 τά
866 1416 898 1476 δὲ
920 1419 1039 1496 τέσσαρα
1060 1418 1191 1492 τμήματα
1212 1417 1338 1496 τέσσαρσι
1354 1437 1423 1496 συγ-

122 1539 309 1614 κοινοβισίταις
330 1542 470 1621 πατράσιν,
495 1539 692 1620 ἐκλεγομένοις
713 1545 812 1611 κοινῶς
832 1538 906 1618 παρὰ
929 1541 1036 1599 πάντων
1058 1542 1111 1599 τῶν
1127 1538 1352 1616 σνγνσινοβιατῶν
1366 1559 1422 1598 πα-

123 1661 220 1740 τέρων·
247 1662 380 1742 ἕβδομον,
403 1661 429 1722 οἱ
451 1662 676 1742 ἐπιτετραμμένοι
698 1662 733 1722 τὰ
753 1663 872 1741 τέσσαρα
891 1663 1021 1736 τμήματα
1036 1658 1082 1720 καὶ
1097 1658 1147 1736 τήν
1161 1661 1253 1736 λαβὴν
1268 1661 1308 1736 μὴ
1324 1661 1424 1739 ἔχωσιν

124 1782 217 1842 άδειαν
248 1782 313 1844 καθ’
334 1784 445 1858 ἔαυτοίνς
474 1783 627 1864 σφραγίζειν
658 1783 878 1864 μοναστηριακάς
902 1782 1073 1864 χρεωστικάς
1099 1781 1261 1862 ὁμολογίας,
1292 1781 1359 1842 ἀλλ’
1380 1780 1424 1842 ἐπὶ

125 1906 256 1989 παρουσίᾳ
271 1911 326 1968 τῶν
340 1909 554 1988 προκριτστέρων
570 1905 599 1966 ἐν
614 1907 671 1978 τοῖς
686 1905 928 1986 συγκοινοβιάταις,
948 1905 1178 1984 ἀπσγραφομένων
1194 1903 1328 1964 κάκείνων
1344 1900 1424 1976 ἰδίαις

125 2027 228 2106 χερσίν·
263 2028 293 2089 αἱ
323 2029 355 2089 δὲ
387 2029 425 2105 μή
454 2029 527 2088 κατὰ
552 2026 768 2110 τδννείρημένον
795 2031 893 2110 τρόπον
920 2029 1112 2109 γεγραμμέναι
1139 2026 1186 2088 καί
1214 2027 1423 2108 ἐσφραγισμένοι

127 2147 272 2229 ὁμολογίαι
295 2149 458 2226 νομίζωνται
481 2153 520 2226 μή
542 2153 588 2210 τοΰ
610 2149 798 2230 μοναστηρίου,
822 2150 890 2210 ἀλλ’
902 2148 969 2210 ίδιαι
987 2155 1040 2210 τῶν
1056 2150 1117 2210 κατ’
1126 2147 1195 2210 ἰδίαν
1211 2151 1422 2230 σφραγισάντων,

128 2269 170 2330 καί
192 2272 296 2334 ἐκεῖνοι
319 2269 351 2345 ἐξ
367 2270 441 2332 ἰδίων
464 2272 642 2352 ἀποπληρῶσι
657 2272 707 2345 τάς
722 2272 975 2352 ἐμπεριερχομένας
995 2271 1024 2331 ἐν
1040 2273 1099 2344 ταῖς
1113 2271 1248 2344 τοιαύταις
1262 2269 1424 2350 ὁμολογίαις

128 2394 301 2472 γμηματικάς
327 2396 494 2470 ποσότητας·
523 2387 595 2454 οὗτοι
622 2393 663 2472 δέ,
692 2393 802 2470 δηλαδή
830 2393 844 2452 δ
867 2393 1021 2470 ήγοὺμενος
1044 2393 1189 2469 μετὰτῶν
1211 2395 1349 2474 τεσσάρων
1371 2399 1424 2453 τῶν

131 2513 367 2595 ἑπιτετφαμμένων
395 2515 430 2575 τά
459 2521 508 2592 τῆς
538 2515 685 2595 σφραγῖδος
707 2517 848 2595 τμήματα,
880 2516 964 2593 ἔχωσι
991 2521 1080 2576 πᾶσαν
1102 2511 1353 2596 πληρεξσυσιότητα
1374 2520 1425 2590 τῆς

132 2635 277 2713 ἐκκλησίας
302 2637 434 2713 ἐπιτιμᾶν,
459 2639 640 2718 σωφρονίζειν,
663 2634 835 2713 ἀποβάλλειν
860 2637 894 2697 ἐκ
914 2643 964 2713 τής
986 2643 1072 2714 μονῆς
1093 2638 1155 2708 τοίνς
1176 2638 1356 2709 ἀτακτοῦντας
1378 2635 1424 2696 καὶ

132 2755 320 2839 ἐκνευρσῡντας
349 2759 411 2832 τοὺς
441 2761 659 2840 μετερχομένσυς
688 2761 719 2819 τό
750 2755 834 2819 ἀθλον
864 2765 913 2835 τῆς
939 2759 1083 2835 ἀσκήσεως
1105 2757 1152 2818 καί
1175 2759 1213 2834 μὴ
1235 2760 1422 2838 πειθομένους,

131 2878 293 2960 τελευταῖον,
318 2880 364 2940 διά
385 2887 479 2959 κσινής
501 2883 587 2941 αὐτῶν
611 2881 747 2963 ἀναφοραῖς
766 2881 953 2960 ἀναγγέλλειν
969 2885 1002 2963 πή
1019 2880 1167 2964 ἐκκλησίᾳ·
1193 2880 1302 2960 δγδοον,
1326 2879 1424 2956 μηδείς

133 3003 172 3058 τοῦ
194 3003 373 3082 μοναστηρίου
395 3003 487 3064 τοὺτσυ
510 3001 619 3079 δόνηται
638 3004 743 3064 πωλεῖν
762 3007 809 3062 τοῦ
829 3004 926 3063 λοιποῦ
941 3002 1156 3083 μονοστηριακδν
1171 3001 1344 3062 ὑποστατικδν
1360 3001 1423 3058 ἀνευ

132 3126 175 3194 τής
195 3123 313 3199 νομίμου
336 3123 462 3200 εἰδήσιως
483 3129 530 3185 τοῦ
552 3125 624 3184 κατά
645 3127 740 3206 καιρδν
762 3123 950 3200 οἰκουμενικοῦ
971 3125 1147 3203 πατριάρχου,
1172 3121 1195 3182 εἰ
1218 3122 1256 3198 μή
1277 3126 1360 3197 μόνον
1374 3120 1423 3192 τὰς

133 3242 186 3300 κατ’
199 3245 259 3318 ἔτος
289 3245 450 3327 ἐπικαρπίας
476 3244 522 3306 καί
548 3246 584 3305 τὰ
609 3249 768 3326 γεννήματα
790 3244 837 3306 καί
858 3246 893 3304 τά
915 3244 1120 3326 μοναστηριακά
1142 3245 1285 3326 θρέμματα
1308 3243 1353 3302 διά
1374 3242 1424 3313 τάς

135 3361 279 3441 ἀναγκαίας
303 3368 390 3427 αῖντῶν
411 3366 521 3448 χρείας·
545 3367 665 3446 ἔννατον,
690 3367 799 3428 ἐπειδὰν
821 3368 850 3427 ἐν
871 3368 952 3450 χρείᾳ
970 3366 1139 3447 χειροτονίας
1159 3368 1299 3445 γένωνται,
1324 3365 1422 3443 ἔχωσιν

136 3481 218 3546 άδειαι
239 3489 409 3570 προσκαλεῖν
425 3487 465 3562 εἰς
479 3489 510 3549 τό
526 3493 760 3570 σταυροπηγιακδν
774 3491 855 3566 ήμῶν
870 3494 947 3550 τοῦτο
964 3491 1153 3571 μοναστήριον,
1177 3490 1206 3548 δν
1222 3491 1254 3548 ἀν
1271 3487 1424 3562 βούλωνται

136 3611 180 3663 τῶν
202 3609 353 3690 ἀρχιέρεων
375 3613 490 3692 φέροντα
514 3612 650 3691 ἔγγραφον
673 3611 767 3672 ἀδειαν
791 3612 989 3692 πατριαρχικήν
1011 3609 1058 3672 καί
1080 3609 1222 3686 συνοδικὴν
1246 3609 1290 3670 ἐπὶ
1310 3608 1349 3688 τῷ
1373 3610 1423 3669 έ-

135 3726 215 3788 τελεῖν
245 3731 330 3804 αάτάς
358 3732 428 3807 μετὰ
448 3734 539 3810 πάσης
561 3739 610 3809 τῆς
632 3739 778 3809 κανονικής
799 3736 1029 3816 παρατηρήσεως·
1061 3733 1177 3794 δέκατον
1200 3733 1232 3792 δέ
1254 3729 1301 3792 καί
1323 3732 1423 3792 τελευ-

136 3852 209 3930 ταῖον,
231 3853 384 3934 ὀφείλουσιν
406 3855 433 3916 οἱ
455 3856 485 3914 ἐν
509 3853 581 3933 σάντῷ
604 3855 812 3931 σννασκσόμενσι
835 3855 974 3935 ίεριθτατοι
997 3857 1115 3936 πατέρες
1135 3854 1276 3934 φυλάττειν
1291 3855 1325 3912 τά
1342 3853 1370 3928 ἐν
1385 3854 1423 3934 τῷ

139 3975 236 4051 παρόντι
260 3975 406 4036 ἐκτεθέντα
427 3976 620 4057 ἀπαράτρεπτα
642 3977 689 4037 καί
711 3977 876 4056 ἀπαράβατα
898 3974 945 4038 διὰ
963 3980 1065 4048 παντός
1086 3975 1133 4037 καὶ
1147 3974 1285 4038 πείθεσθαι
1299 3973 1338 4056 τῷ
1353 3975 1425 4036 κατὰ

138 4095 234 4171 καιροὺς
266 4099 412 4178 ήγουμένῳ
434 4097 481 4158 καὶ
504 4097 607 4176 διάγειν
630 4105 748 4178 σεμνῶς,
777 4098 918 4178 εἰρηνικῶς
940 4097 988 4159 καί
1010 4099 1162 4174 ἀμέμπτως
1183 4098 1255 4158 κατὰ
1276 4099 1321 4158 τδν
1343 4098 1423 4158 τίιπον

140 4217 177 4271 τοῦ
197 4219 341 4291 μσναδικοῦ
364 4218 588 4298 ἐπαγγέλματος,
613 4220 766 4300 ἀφορῶντες
788 4222 856 4300 πρός
878 4221 925 4296 τήν
945 4223 1111 4295 κοσμιότητα
1126 4221 1212 4279 αὺτῶν
1228 4218 1275 4278 καί
1289 4219 1337 4292 τὴν
1352 4219 1423 4278 κατά

142 4333 193 4395 θέον
214 4339 352 4421 διαγωγήν
375 4340 421 4402 καί
443 4341 584 4402 πολιτείαν
607 4340 654 4401 καί
676 4344 744 4424 πφδς
765 4343 814 4418 τὴν
838 4342 981 4418 βελτίωσιν
1004 4339 1050 4400 καὶ
1066 4337 1176 4416 αὔξησιν
1191 4345 1238 4400 τοῦ
1257 4340 1329 4422 ἱεροῦ
1343 4339 1423 4416 ήμῶν

142 4458 219 4519 τοίντου
248 4467 483 4543 σταυροττηγιακοῦ
509 4462 694 4545 καταγωγίου,
727 4465 855 4539 ἑπόμενοι
881 4462 920 4542 τῷ
942 4463 1064 4542 θεοφιλεῖ
1086 4458 1179 4540 σκοπῷ
1200 4468 1250 4539 τῆς
1273 4461 1423 4538 ἐκκλησίας

143 4581 182 4652 ῖίἱ
205 4585 343 4666 ἀγράπνως
366 4586 532 4664 προνοοθσης
554 4583 616 4664 περί
640 4591 689 4662 τῆς
712 4585 868 4656 εῖνσταθείας
890 4589 944 4644 τῶν
967 4585 1153 4660 ὑποκειμένων
1177 4586 1245 4665 αἰτῇ
1267 4604 1422 4664 σταυρσττη-

145 4711 231 4774 γωκῶν
251 4707 332 4786 ἱερῶν
354 4707 540 4786 μοναστηρίων
560 4705 606 4766 καί
627 4707 656 4766 ἐν
671 4709 731 4778 ταῖς
746 4706 831 4786 ἱεραῖς
846 4705 1021 4778 ἀκολουθίαις
1037 4707 1224 4786 διαφυλάττειν
1239 4708 1288 4782 τήν
1305 4705 1423 4786 ἀρχαίαν
