3240 5286
1289 371 1350 438 251

57 575 165 654 ασφαλῆ
199 577 290 650 μένειν
319 579 545 656 παρασκευάσειε,
576 577 637 648 τοὺς
667 576 699 636 δὲ
721 577 751 635 τδ
780 577 909 656 πρότερον
932 576 1013 647 σὐτάς
1036 575 1216 650 δειμαμένους
1238 568 1354 632 κάκεῖνα

56 697 164 769 τεάτσις
200 698 402 778 ἀφιερῶσαντας
429 695 468 769 είς
499 698 637 775 ἐγκώμιον
667 697 716 758 οῦκ
747 697 869 756 ἔλαττον.
915 699 941 756 οί
964 697 1014 771 μὲν
1037 697 1091 777 γὰρ
1113 693 1250 774 προοῆξαν
1273 698 1355 766 αῦτθις

55 817 92 894 τῷ
122 817 192 897 θεῷ,
223 817 249 878 οί
272 817 303 878 δὲ
325 819 375 894 τὴν
401 819 553 900 ἀσφάλειαν
575 820 676 879 τούτων
698 819 965 899 ἐπραγματεύσαντο.
1011 821 1078 898 όπερ
1105 818 1155 878 οὐκ
1178 820 1210 876 ἀν
1233 817 1355 878 ἄλλοθέν

56 961 105 1020 περ
127 941 248 1022 γένοιτο,
271 943 290 1015 ῆ
314 940 346 1000 ἐκ
367 941 582 1022 χρυσοβοῦλλων
604 940 698 1021 λόγων
721 940 768 1002 καί
790 946 993 1022 πατριαρχικιῦν
1016 939 1169 1020 σιγιλλίων,
1198 940 1354 1015 δυναμένων

55 1061 156 1142 πολλῷ
179 1062 276 1149 γετῷ
296 1063 424 1144 περιιόντι
445 1058 495 1134 τάς
518 1063 605 1142 όρμός
627 1069 681 1123 τῶν
702 1065 877 1124 πλεονεκτῶν
900 1061 1080 1123 ἀναστέλλειν
1101 1059 1149 1122 καί
1169 1061 1219 1138 τῆν
1239 1061 1354 1122 ἐλευθε-

57 1185 113 1263 ρίαν
136 1186 234 1258 αίυταίς
255 1187 398 1265 παρέχειν,
422 1186 461 1257 ῶς
482 1187 500 1259 ἠ
522 1185 650 1264 πρόθεσις
669 1181 702 1262 ἦν
727 1183 757 1258 ἐξ
777 1184 866 1266 ἀρχῆς
881 1190 935 1245 τῶν
950 1184 1033 1258 οἶκτός
1048 1185 1231 1263 όειμσῳένων,
1256 1185 1287 1245 σὺ
1302 1183 1356 1258 μὴν

57 1308 133 1369 ἀλλά
155 1307 204 1368 καί
226 1307 312 1383 τιμιὶνν
334 1313 523 1382 πνευματικῶν
547 1303 684 1380 ἀξιοῦσθαι
707 1305 748 1367 δεῖ
769 1308 835 1388 παρ’
845 1308 935 1388 ἡμῶν,
958 1309 1005 1368 ἀπε
1028 1312 1078 1382 τῆς
1097 1309 1166 1386 πρός
1180 1306 1262 1377 αῦτάς
1276 1312 1356 1382 τιμῆς

57 1429 99 1491 ἐπί
128 1432 178 1490 τόν
207 1429 318 1509 κτίτορσ
346 1430 446 1491 τούτων
474 1429 708 1510 παραπεμπούσης
736 1431 782 1490 τόν
812 1431 932 1509 ἔπαινον,
964 1426 994 1503 ἐξ
1017 1423 1055 1489 ὧν
1077 1431 1125 1505 τῆν
1149 1449 1177 1489 τε
1207 1427 1355 1509 προθυμίαν

57 1551 143 1612 αὐτῶν
174 1553 245 1612 ἐστιν
267 1549 417 1628 ἐπαυξῆσαι
438 1549 486 1612 καί
509 1552 615 1624 ἀλλους
635 1551 703 1632 πρός
724 1552 770 1611 τὀν
792 1553 886 1627 ὅμοιον
909 1551 994 1630 ζῆλον
1018 1551 1171 1633 διερεθίσοιι.
1218 1549 1257 1624 είς
1278 1555 1355 1612 τοῦτο

59 1673 88 1734 δὲ
109 1667 195 1734 τείνει
215 1673 250 1734 τά
272 1677 318 1734 τοῦ
348 1678 457 1734 σκοποῦ.
504 1673 601 1749 ἐπειδὴ
627 1671 713 1734 τοίνυν
740 1671 788 1734 καί
813 1675 829 1732 ό
851 1671 951 1747 οἰκεῖος
972 1677 1018 1734 τοῦ
1040 1672 1180 1754 κρατίστου
1207 1670 1254 1734 καὶ
1276 1673 1355 1754 έγίου

59 1816 108 1870 μου
132 1795 275 1871 βασιλέως
297 1793 343 1856 καὶ
366 1792 563 1876 αθτοκράτορος
584 1795 675 1875 κυρίου
690 1779 844 1876 Νικηφόρον
865 1799 912 1856 τοῦ
935 1797 1035 1874 Φωκά,
1058 1799 1104 1856 τοῦ
1128 1795 1156 1854 ἐν
1180 1793 1251 1876 ἁγίῳ
1272 1797 1356 1855 πνεό-

60 1939 122 1991 μστι
144 1919 338 1979 ποθεινοτάτου
359 1916 415 1976 υίοῦ
436 1923 485 1992 τῆς
507 1919 586 1992 ἡμῶν
610 1921 794 1998 μετριότητος,
821 1919 912 1998 κόριος
935 1916 1067 1994 Ἰωάννης
1089 1918 1356 1998 Λαμπαρδόπουλος,

60 2039 214 2120 φιλόσοφος,
244 2041 479 2120 πρωτοσυκρήτης,
511 2039 558 2099 άτε
587 2040 691 2120 φῦσεως
720 2043 758 2099 ῶν
789 2039 896 2119 ἀγαθῆς
927 2038 974 2100 καί
1003 2039 1114 2114 πολλὴν
1143 2039 1205 2121 περὶ
1234 2037 1268 2100 τά
1298 2041 1358 2100 θεῖα

59 2163 220 2238 ποιούμενος
246 2163 295 2236 τήν
318 2160 453 2242 φροντίδα,
484 2161 568 2238 ζῆλόν
591 2181 621 2221 τε
643 2155 792 2236 ἀνάλαβῶν
815 2161 906 2222 ἔνθεον
929 2160 976 2222 καί
999 2161 1125 2241 διάπυρον
1148 2163 1246 2244 ἔρωτα,
1277 2163 1357 2242 φιλο-

60 2282 128 2363 τίμιρ
157 2286 336 2363 χρησάμενος
364 2283 446 2364 χειρί,
475 2285 618 2365 ἀνήγειρεν
642 2285 675 2344 ἐκ
697 2285 805 2365 βάθρων
829 2286 914 2360 μονὴν
937 2284 1010 2366 ίεράν
1035 2285 1064 2345 ἐν
1085 2291 1119 2366 τῆ
1143 2286 1358 2366 Πελοποννήσῳ,

61 2411 92 2484 τῆ
117 2405 239 2488 ἐπαρχίᾳ
260 2411 311 2482 τῆς
333 2405 531 2486 μητροπόλεως
546 2407 679 2468 Παλαιῶν
696 2407 820 2488 Πατρῶν,
843 2407 914 2467 κατά
936 2408 984 2483 τὴν
1008 2407 1114 2488 ἐνορίαν
1136 2413 1184 2482 τῆς
1209 2407 1358 2484 ἐπισκοπῆς

62 2528 294 2606 Λακεδαιμονίας,
316 2528 432 2604 πλησίον
453 2531 548 2608 χῶρος
563 2529 758 2610 Δημηστάνης,
782 2531 811 2590 ἐν
833 2537 867 2610 τῆ
888 2529 1036 2612 τοποθεοίᾳ
1053 2535 1103 2605 τῆς
1120 2531 1290 2612 Μονοπόρου,
1315 2531 1358 2590 ἐπ’

63 2651 172 2726 ὀνόματι
201 2652 358 2726 τιμωμένην
392 2656 441 2726 τῆς
469 2650 620 2731 θπερστγίας
653 2651 795 2727 δεσποίνης
825 2653 904 2728 ἡμῶν
935 2651 1072 2713 Θεοτίμου
1103 2651 1150 2712 καὶ
1183 2653 1359 2732 ἀειπαρθένου

64 2774 182 2854 Μαρίας,
205 2776 240 2848 ῆν
263 2772 308 2832 διὰ
328 2773 377 2850 τῆν
399 2777 445 2834 τοῦ
467 2772 613 2852 φιλοσόφου
629 2763 885 2849 ἐπωνυμίανμονῆν
900 2779 947 2835 τοῦ
962 2773 1118 2854 Φιλοσόφου
1135 2774 1273 2834 ἐκάλεσαν
1289 2775 1360 2850 μετά

63 2899 151 2976 ταῦτα,
180 2897 249 2976 πρός
275 2896 432 2971 καταμονῆν
456 2897 626 2970 μονοζόντων
650 2895 755 2976 ἀνδρῶν
777 2894 824 2956 καί
846 2895 901 2975 θεῷ
924 2897 1115 2977 ἀφιερωμένων
1137 2901 1256 2975 ψυχικῆς
1280 2898 1359 2958 αὑτοῦ

64 3017 195 3098 σωτηρίας
222 3019 320 3077 ἕνεκα·
351 3019 416 3076 ναόν
438 3039 468 3077 τε
490 3017 691 3097 παρακείμενον
714 3015 761 3078 καί
782 3018 922 3098 φιλότιμον
945 3020 1147 3079 κατασκεῦασεν
1171 3019 1199 3078 ἐν
1222 3021 1289 3100 αὐτῆ
1311 3018 1359 3080 καί

63 3140 184 3200 κελλίων
214 3137 363 3216 οἰκοδομὰς
389 3139 436 3200 καί
466 3140 543 3200 ἄλλα
570 3140 630 3200 τινὰ
658 3141 846 3221 ἐργασάμενος
873 3143 941 3219 πρός
968 3141 1114 3221 θεραπείαν
1142 3140 1188 3201 καί
1212 3142 1358 3200 ἀνάπαυσιν

63 3267 112 3320 τῶν
136 3262 336 3342 εὑρισκομένων
360 3261 389 3320 ἐν
412 3262 478 3342 αῦτῆ
501 3265 606 3341 ψυχῶν,
630 3263 670 3323 ἔτι
692 3261 723 3321 δὲ
745 3262 792 3322 καί
815 3263 875 3342 ἱερὰ
894 3264 1029 3338 κειμήλια
1043 3261 1090 3324 καί
1105 3261 1287 3342 προοενέξεις,
1310 3263 1359 3334 τάς

64 3381 110 3456 μἐν
137 3382 317 3462 ίδιοτοτῆσας,
346 3383 396 3456 τάς
419 3383 451 3444 δὲ
480 3381 527 3443 καί
557 3385 628 3459 μετά
649 3388 733 3445 ταῦτα
755 3386 871 3461 μέλλων
892 3385 1070 3466 προσηλῶσαι
1093 3385 1122 3445 ἐν
1145 3386 1225 3468 αὺτῆ·
1257 3383 1358 3461 ἠξίωσε

64 3504 93 3562 τό
114 3511 172 3584 νῦν,
202 3505 247 3564 ἵνα
272 3505 319 3565 καί
345 3507 419 3586 παρὰ
445 3511 495 3582 τῆς
520 3505 599 3584 ἡμῶν
628 3508 802 3586 μετριότητος
824 3509 893 3588 τῦχῃ
916 3507 1107 3586 σιγγιλιὼδους
1129 3511 1293 3589 γράμματος
1316 3507 1360 3570 ἐπί

65 3626 99 3704 τῷ
119 3629 321 3708 καθιερωθῆναι
343 3627 394 3704 μὲν
418 3627 460 3688 ἐπί
475 3629 663 3709 πατριαρχικῷ
681 3629 880 3710 στασροπηγίῳ,
901 3630 1071 3709 εὑρίσκεσθαι
1087 3629 1118 3690 δὲ
1134 3629 1180 3690 καὶ
1195 3629 1234 3702 εἰς
1248 3631 1279 3689 τό
1295 3627 1361 3708 ἑξῆς

67 3747 105 3808 ἐπί
127 3751 178 3824 τῆν
201 3743 274 3834 [τῆς]
295 3749 523 3830 πατριαρχείαςί)
545 3751 684 3832 περιωπῆν
709 3751 939 3812 ἀκαταδοόλωτόν
959 3774 989 3812 τε
1011 3751 1058 3812 καί
1081 3737 1290 3828 ἀκαταπάτητον
1310 3753 1361 3810 ῦπό

64 3877 159 3931 τετοῦ
182 3871 254 3931 κατὰ
275 3873 384 3952 καιροὺς
407 3872 596 3954 εὑρισκομένου
619 3875 710 3934 ἐκεῖσε
733 3874 934 3955 μητροπολίτου
958 3875 1090 3934 Παλαιῶν
1108 3875 1221 3954 Πατρῶν
1244 3871 1359 3934 καὶτοῦ

68 3992 209 4054 ἐπισκόπου
235 3995 314 4054 αθτοῦ
337 3995 567 4076 Λακεδαιμονίας,
599 3999 637 4068 ὡς
663 3997 800 4072 μηδεμίαν
831 3998 950 4076 ἐχόντων
974 3997 1002 4056 ἐν
1030 3995 1101 4076 αὐτῷ
1124 3993 1218 4056 άδειαν
1247 3999 1266 4070 ῆ
1289 3995 1359 4054 ἀνά-

66 4133 146 4191 κρισιν
168 4117 254 4175 ποιεῖν
275 4119 293 4190 ῆ
317 4116 437 4176 ἀπαιτεῖν
460 4119 524 4198 παρ’
537 4117 616 4178 αυτοῦ
637 4119 668 4178 τ“ο
691 4120 782 4197 τυχόν.
813 4117 870 4179 ίδυίι
892 4119 940 4194 τῆν
963 4119 1055 4178 τούτου
1079 4117 1181 4196 αίπησιν
1203 4114 1358 4198 προσδεξα-

68 4238 132 4312 μὲνη
161 4239 179 4311 ῆ
203 4239 345 4317 μετριότης
367 4240 455 4318 ἡμῶν,
490 4241 528 4310 ῶς
559 4239 670 4318 θεοφιλῆ
694 4238 740 4300 καί
770 4238 897 4312 καθάπαξ
926 4244 1026 4301 σκοποῦ
1053 4242 1223 4319 μετέχουσαν
1246 4239 1360 4318 ἀγαθοῦ,

67 4357 93 4415 τό
113 4359 200 4450 παρόν
224 4357 402 4438 σιγιλλιῶδες
424 4363 541 4442 γράμμα
565 4361 726 4443 ἐπιχαρῆ-χεῖ
747 4369 779 4444 τῆ
804 4362 869 4444 αθτῇ
893 4369 973 4444 μονῇ,
999 4361 1032 4421 δι’
1045 4356 1075 4422 σθ
1099 4361 1133 4437 δὴ
1156 4359 1203 4420 καί
1219 4361 1359 4441 διορίζεται

68 4479 109 4538 καὶ
132 4480 316 4561 ἀποφαίνεται,
347 4481 390 4542 ίνα
419 4483 437 4556 ῆ
461 4484 567 4560 τοιαύτη
591 4483 650 4543 θεία
674 4485 744 4560 μονὴ
766 4489 816 4559 τῆς
840 4482 980 4560 ΙΙαναηίας
1005 4505 1055 4559 μου
1078 4487 1123 4543 τοῦ
1146 4483 1315 4562 Φιλοσόφου,
1342 4485 1360 4559 ῆ

69 4638 268 4648 --....—.....-.-

169 4745 185 4808 ¹)
203 4743 363 4811 Logendum
382 4743 500 4795 videtur:
520 4741 557 4794 ἐπὶ
575 4740 618 4808 τὴν
637 4739 815 4812 πατριαρχικῆν
833 4741 966 4810 περιωπῆν,
