3166 5298
849 915 919 992 IV.

236 1107 407 1198 Diplomata
425 1113 454 1179 τι
472 1105 549 1180 Acta
567 1105 737 1180 monasterii
756 1106 786 1179 S.
805 1107 929 1180 Joannis
947 1106 1104 1198 Baptistae
1123 1107 1152 1180 in
1170 1113 1264 1179 monte
1282 1107 1448 1181 Menoeceo
1474 1108 1563 1199 apud

829 1227 945 1301 Serra&

489 1452 515 1516 Ι.
539 1451 763 1534 6806-1297,
787 1473 898 1516 mense
922 1449 1109 1536 septembri,
1132 1451 1197 1516 ind.
1222 1451 1281 1516 XI.

240 1635 395 1702 Imperator
407 1633 577 1688 Δπιίνοιιίακο
591 1633 632 1687 ΙΙ.
647 1634 826 1704 Ρσόσοοίορυο
842 1632 982 1702 σοοιρίσπιαθ
998 1635 1159 1687 monasterio
1169 1635 1360 1703 possessiones,
1378 1655 1453 1706 ηιιιια
1467 1638 1560 1691 habet

406 1754 439 1791 τα
453 1737 595 1792 donatum
610 1737 731 1807 episcopi
746 1737 914 1792 Ziclmarum
929 1742 954 1790 αι
969 1736 1050 1805 alian,
1073 1738 1207 1808 ιίοπσιηυο
1222 1739 1246 1792 αι’
1260 1755 1367 1809 αρισοπη.

341 1944 357 2014 θ
380 1941 486 2000 Φθοίνει
509 1939 558 2014 μὲν
582 1941 596 1998 ό
619 1939 827 2018 θεοφιλέστατος
848 1937 993 2010 ἐπίσκοπος
1008 1939 1115 2016 Ζιχνῶν
1131 1938 1270 2020 ἀνεγεῖραι
1285 1939 1346 2019 περὶ
1362 1939 1412 2012 τὰς
1429 1943 1556 2022 Σέρρας

239 2064 417 2140 μοναοτηριον
440 2059 479 2132 είς
503 2061 590 2135 ὄνομα
611 2063 766 2136 τιμώμενον
788 2063 834 2118 τοῦ
856 2058 943 2134 τιμίου
964 2061 1101 2139 προφήτου
1126 2059 1285 2141 Προδρόμου
1307 2059 1354 2120 καὶ
1374 2062 1554 2140 Βαπτιστοῡ,

240 2184 269 2242 έν
293 2177 315 2262 ᾧ
338 2183 408 2258 δῆτα
430 2182 627 2258 κατηνάλωσεν
651 2182 731 2253 αθτός
752 2201 784 2240 τε
805 2178 853 2240 καί
875 2181 890 2238 ό
912 2180 1001 2260 πατὴρ
1025 2181 1105 2242 αάτοῡ
1128 2182 1178 2242 οίικ
1199 2181 1282 2260 όλίγα
1303 2184 1476 2262 πράγματα·
1511 2185 1554 2244 ἔτι

240 2302 271 2363 δὲ
292 2304 480 2384 προοεκάρωσε
503 2300 551 2363 καί
573 2304 700 2378 κτηματοί
721 2322 790 2381 τινα,
816 2295 907 2382 έρόίς
921 2302 1025 2383 προέβη
1040 2300 1087 2362 καὶ
1102 2302 1310 2383 χρυσόβουλλον
1326 2309 1374 2378 τῆς
1391 2303 1553 2378 βασιλείας

241 2445 305 2502 μου·
329 2427 421 2502 ρθιίνει
445 2423 476 2485 δὲ
498 2423 545 2485 καὶ
568 2425 629 2500 μεθ’
638 2425 747 2505 θστερον
766 2425 982 2504 προσκτήσασθαι
1002 2423 1049 2483 καὶ
1064 2425 1218 2504 προσθεῖναι
1235 2425 1302 2506 αάτῄ
1317 2423 1365 2484 καὶ
1381 2427 1467 2508 ἕτεροί
1485 2447 1550 2484 τινα

240 2547 293 2606 ἀπό
315 2543 502 2626 προσενέξειυς
524 2544 571 2604 καὶ
595 2543 625 2618 ἐξ
648 2542 808 2625 ἀγορασίαις·
835 2543 893 2604 ἐπεὶ
917 2543 948 2604 δέ
963 2545 1184 2625 παρεκλητευσεν
1200 2545 1299 2624 ἀρτίως
1314 2545 1480 2626 πορίσασθαι
1498 2541 1551 2606 καί

241 2671 333 2748 ἕτερον
359 2667 565 2748 χρυσόβσυλλον
591 2674 642 2744 τῆς
668 2665 811 2741 βασιλείας
835 2687 886 2742 μου
909 2665 949 2739 είς
973 2666 1130 2746 έπικθρωσιν
1154 2669 1240 2726 αὐτῶν
1263 2672 1327 2744 τῶν,
1359 2669 1398 2740 ὡς
1422 2667 1548 2748 εἴρηται,

239 2792 351 2870 ὕστερον
373 2788 437 2870 παρ’
447 2791 527 2850 αάτοῦ
549 2790 793 2871 προσκυρωθέντων
816 2787 854 2868 τῷ
877 2789 987 2868 τοιούτῳ
1010 2789 1193 2868 μοναστηρίῳ,
1218 2787 1265 2864 τἠν
1287 2790 1412 2864 τοιαύτην
1435 2789 1546 2864 αἴτησιν

240 2911 287 2972 καί
309 2913 481 2990 παράκλησιν
505 2912 584 2971 αὐτοῦ
608 2912 728 2986 εθμενῶς
750 2908 957 2990 προσδεξαμένη
973 2912 990 2984 ἠ
1008 2905 1136 2985 βασιλεία
1152 2929 1214 2988 μου,
1239 2911 1284 2970 τὀν
1299 2913 1419 2991 παρόντα
1435 2914 1547 2992 χρυσέ-

241 3034 361 3108 βουλλον
387 3035 474 3112 λόγον
502 3033 584 3108 αθτῆς
613 3032 736 3111 ἀπολύει,
768 3032 802 3091 δι’
813 3025 844 3091 οὗ
867 3031 974 3091 εθδοκεῖ
996 3031 1042 3091 καὶ
1070 3031 1223 3112 διορίζεται,
1253 3035 1324 3092 ὥστε
1351 3033 1483 3110 κατέχειν
1513 3035 1546 3092 τ“ο

240 3155 383 3236 εἰρημένον
406 3157 583 3236 μονοιστηριον
606 3153 800 3233 ἀνενοχλητως
821 3155 909 3234 πάντη
932 3150 978 3212 καὶ
995 3152 1170 3223 ἀδιασείστως
1186 3154 1216 3212 οὺ
1232 3153 1314 3226 μόνον
1331 3153 1409 3232 ἅπερ,
1433 3156 1473 3226 ὡς
1491 3156 1544 3213 δε-

242 3277 375 3356 δήλωται,
399 3279 511 3354 κατέχει
535 3275 579 3334 διά
601 3276 807 3356 χρυσσβοίιλλου
827 3281 876 3350 τῆς
893 3273 1035 3347 βασιλείας
1052 3295 1113 3353 μου,
1137 3273 1215 3334 ἀλλὰ
1228 3271 1275 3332 καί
1291 3275 1342 3333 όσα
1358 3273 1418 3349 μεθ’
1428 3277 1543 3356 ὓστερον

242 3399 358 3476 έρθασαν
381 3395 428 3455 καὶ
449 3397 649 3475 προσετέθησαν
673 3394 744 3473 αὐτῷ
768 3393 800 3468 ἐξ
816 3391 967 3475 ἀγορασιῶν
987 3393 1033 3454 καὶ
1047 3393 1246 3476 προσενέξεων,
1263 3395 1386 3472 εθλόγων
1410 3397 1543 3473 δηλονότι

242 3515 288 3576 καί
315 3517 425 3576 δικαίων
453 3515 500 3576 καὶ
528 3516 738 3596 εθπροσδέκτων,
769 3516 816 3576 καὶ
844 3517 900 3577 οὐδ’
910 3517 953 3576 ἐπ’
964 3519 1053 3590 οάτσῑς
1081 3517 1211 3598 εὑρίσκειν
1234 3517 1465 3578 καταδυναστείαν
1494 3518 1542 3579 καὶ

243 3637 348 3698 ἀδικίαν
371 3641 389 3712 ἢ
413 3637 586 3716 διενόχλησίν
609 3658 677 3719 τινα,
700 3636 760 3698 οὔτε
782 3637 856 3718 παρὰ
878 3645 932 3697 τῶν
954 3639 1026 3699 κατὰ
1047 3640 1157 3720 καιροὺς
1176 3639 1210 3699 τὰ
1224 3645 1270 3700 τοῦ
1286 3639 1541 3722 δημοσίουνδιενερ-

242 3761 370 3837 γοθντων,
403 3757 463 3818 οὔτε
485 3758 549 3838 παρ’
559 3759 652 3839 ἑτέρου
678 3761 747 3830 τινδς
769 3765 822 3818 τῶν
846 3761 980 3819 ἀπόντων.
1015 3759 1073 3819 ἐπεὶ
1096 3759 1127 3820 δὲ
1152 3758 1300 3842 ἐξῃτήσατο
1323 3761 1371 3836 τὴν
1395 3763 1540 3837 βασιλείαν

243 3901 295 3955 μου
316 3882 334 3956 ἡ
358 3878 513 3954 δηλωθεϊσα
534 3881 713 3962 περιπόθητος
736 3883 854 3961 θυγοίτηρ
879 3881 960 3957 αὐτῆς
981 3881 1138 3959 ὑψηλοτάτη
1161 3883 1308 3963 κράλαινα,
1331 3883 1375 3942 ἵνα
1391 3883 1540 3965 διορίσηται

242 4003 259 4076 ἡ
284 3999 412 4074 βασιλεία
438 4023 490 4076 μου
517 4000 563 4062 καὶ
593 4001 659 4084 δοθῇ
686 4003 754 4084 πρός
776 4004 806 4062 τό
830 4001 974 4083 εἰρημένον
997 4006 1175 4084 μονοιστηριον
1198 4001 1244 4064 καὶ
1267 4007 1297 4065 τδ
1319 4005 1435 4082 πλησίον
1461 4009 1539 4066 αὐτοῦ

243 4121 415 4198 διακείμενον
447 4121 567 4202 ἀγρίδιον
597 4125 628 4184 τό
658 4124 837 4200 Μονόσπητον
867 4123 1049 4204 καλοίμενον,
1085 4127 1152 4205 όπερ
1183 4129 1297 4204 κατεῖχε
1330 4129 1497 4206 στρατιώτης
1526 4128 1538 4184 ό

244 4245 381 4322 Μαρτϊνος
403 4242 450 4304 καὶ
474 4245 511 4305 ένι
535 4245 552 4318 ἡ
575 4246 693 4322 ποσότης
716 4247 794 4306 αὐτοῦ
818 4247 955 4325 θπέρπυρα
975 4245 1059 4306 είκοσι
1074 4248 1202 4326 τέσσαρα,
1225 4247 1274 4322 τὴν
1290 4245 1329 4320 εἰς
1343 4253 1420 4308 τοῦτο
1436 4249 1537 4325 αἴτησιν

243 4365 327 4440 αὐτῆς
352 4363 561 4446 προσδεξαμένη
589 4369 607 4442 ἡ
632 4367 760 4440 βασιλεία
783 4387 844 4446 μου,
877 4367 1020 4448 διορίζεται
1045 4367 1089 4427 διά
1111 4371 1157 4428 τοῦ
1179 4371 1311 4447 παρόντος
1333 4369 1537 4448 χρυσοβοθλλον

243 4487 329 4564 λόγου
353 4486 435 4562 αθτῆς
458 4488 622 4565 κατέχεσθαι
649 4487 696 4548 καὶ
717 4489 766 4564 τὴν
791 4487 881 4566 ἐντῷ
905 4487 1057 4563 δηλωθέντι
1080 4488 1195 4570 ἀγριδίῳ
1218 4491 1355 4564 ποσότητα
1377 4495 1431 4550 τῶν
1455 4491 1536 4552 εἴκοσι

242 4609 381 4689 τεσσάρων
404 4609 560 4690 θπερπθριυν
575 4608 650 4690 παρὰ
665 4612 710 4670 τοῦ
727 4609 922 4690 διαληφθέντος
934 4610 1112 4691 μσνοισιηρίου
1128 4611 1324 4692 ἀναραιρέτως,
1346 4611 1537 4691 ἀνενοχλήτως
