3246 5288
1321 330 1383 393 417

82 528 124 602 μὴ
147 533 202 586 τῶν
226 527 310 609 έντῆ
337 533 407 608 μονῇ
430 529 448 600 ῆ
470 531 620 606 προεστῶτι
643 529 661 599 ὴ
685 526 896 600 ῦποτασσομένῳ
927 525 1076 603 ἀφελέσθαι
1100 527 1118 599 ἢ
1143 523 1340 598 ἐκποιήσασθαί
1361 545 1386 582 τι

81 655 137 706 τῶν
169 649 353 724 ἀναθημάτων
381 652 398 722 ῆ
422 654 474 708 τῶν
499 648 528 706 ἐν
551 650 618 728 αῦτῄ
650 645 765 720 βιβλίων
787 650 806 722 ἢ
830 647 943 724 μέγαῆ
975 648 1070 726 μικρδν
1093 649 1111 720 ῆ
1143 645 1386 720 όποιονδηποτεοῦν

82 771 189 849 ἕτερον,
222 769 245 830 εί
268 771 307 846 μὴ
330 769 377 830 καί
400 769 511 845 μᾶλλον
541 765 587 828 διά
616 769 735 845 σπουδῆς
765 769 888 847 γενέσθω
917 769 1087 849 προστιθέναι
1117 766 1164 827 καί
1191 763 1385 848 προσαριεροῦν

83 887 132 976 [τι]
145 890 165 972 ¹)
197 890 237 964 είς
268 889 350 964 δόξαν
381 893 444 952 θεοῦ
473 889 519 950 καί
550 892 637 950 αῖιτῶν
665 891 802 969 ὠφέλειαν
825 891 856 949 οῦ
878 892 926 964 τῆν
949 893 1091 968 τυχοῦσαν.
1136 889 1238 964 ὁμοίως
1260 890 1316 966 χρὴ
1339 890 1385 947 τὀν

81 1013 294 1090 καθηγούμενον
314 1013 386 1074 κατά
404 1015 453 1088 τὴν
478 1013 621 1088 ἑβδομάδα
645 1018 694 1088 τῆς
718 1009 933 1092 διακαινησίμου,
958 1009 997 1084 εἰς
1018 1014 1051 1086 ῆν
1076 1011 1101 1070 δ’
1114 1013 1146 1070 ἀν
1171 1011 1255 1092 ἐθέλῃ
1278 1011 1385 1089 ἡμέραν

85 1135 223 1214 ἐπιτηρεῖν
254 1137 359 1194 ἅπαντα
391 1130 480 1219 [τάήῆ
512 1141 561 1209 τῆς
592 1121 754 1210 ἐκκλησίας,
787 1131 892 1215 έχωνθ)
925 1130 969 1192 ἐπὶ
998 1135 1097 1212 χεῖρας
1127 1133 1156 1192 τδ
1188 1132 1307 1214 βρέβιον,
1337 1129 1385 1190 καί

82 1258 180 1328 καθὼς
198 1256 352 1338 ἑπαρεδόθη
369 1257 475 1316 ἅπαντα
489 1255 557 1338 πρός
572 1255 618 1315 τόν
641 1256 858 1334 ἐκκλησιάρχην,
883 1257 981 1330 μήπως
997 1256 1036 1326 ώς
1059 1253 1267 1333 ἀσθενεστέρους
1282 1245 1384 1334 ῦμσῖςί)

82 1379 208 1458 δελεάζῃ
230 1377 277 1438 καί
299 1379 402 1460 ήττηθῆ
429 1425 435 1438 .
459 1425 464 1436 .
488 1373 532 1462 .·'¹)
555 1381 601 1438 τοῦ
622 1381 740 1456 πονηροῦ
763 1383 795 1458 τῇ
819 1373 991 1454 κακοβουλίᾳ
1014 1376 1133 1456 δρόμετε
1155 1375 1226 1453 ταχδ
1247 1377 1315 1456 πρδς
1337 1375 1385 1449 τὴν

85 1499 303 1578 ἐξομολόγησιν·
338 1501 355 1574 ῆ
386 1499 440 1580 γόιρ
471 1500 580 1580 καθαρά
611 1496 784 1579 ἐξαγόρευσις
815 1493 1010 1578 ἀναπληρώσει
1040 1498 1101 1572 ὑμῖν
1132 1499 1181 1572 τὴν
1212 1500 1386 1576 συγχώρησιν

82 1621 198 1692 δικαίως
216 1619 431 1700 ἐπιβραβεθουσα
450 1621 525 1700 παρὰ
546 1625 592 1682 τοῦ
615 1626 785 1701 προεστῶτος
807 1619 854 1680 καί
877 1621 916 1694 μὴ
939 1619 1114 1700 προσπαθῶς,
1137 1619 1209 1694 μηδὲ
1233 1621 1303 1680 κατά
1325 1639 1386 1678 τινα

83 1745 184 1804 ἔκτισιν
200 1744 323 1821 θλίψεως
339 1743 512 1822 ἀποστερεῖτε
528 1744 557 1802 τδ
574 1741 678 1803 δίκαιον
694 1745 749 1814 τοῖς
765 1746 886 1820 τυχοῦσιν
903 1741 1044 1820 ἀδελφοῖς,
1068 1741 1146 1801 ἀλλά
1161 1743 1249 1800 πάντα
1273 1739 1386 1811 δικαίως

81 1866 157 1925 κατά
185 1868 231 1926 τδν
262 1869 307 1924 τοῦ
338 1870 506 1945 προεστῶτος
538 1865 656 1945 όρισμόν.
702 1869 793 1924 πᾶσαν
824 1862 869 1923 οῦν
900 1863 1018 1938 σπονδὴν
1041 1861 1220 1941 είσηνέγκατε
1243 1863 1274 1920 τδ
1298 1859 1385 1936 μηδὲν

81 1987 159 2063 μηδὲ
189 1987 254 2068 ἄχρι
284 1991 329 2048 τοῦ
359 1989 536 2067 σμικροτάτου
564 1987 628 2046 ἀνευ
656 1984 789 2060 είδήσεως
812 1985 858 2046 καὶ
881 1987 997 2064 γνώμης
1018 1989 1065 2044 τοῦ
1088 1991 1259 2064 προεστῶτος
1281 1987 1383 2044 ποιεῖν·

83 2107 106 2167 εί
131 2111 186 2188 γάρ
208 2129 247 2180 τις
269 2109 345 2184 ὑμῶν
367 2109 485 2168 τοιοῦτόν
506 2129 531 2167 τι
555 2104 736 2189 διαπράξηται
763 2107 810 2166 καί
833 2103 878 2166 διὰ
899 2108 1086 2186 παραινέσεως
1109 2105 1155 2165 καί
1178 2106 1317 2177 νουθεσίας
1338 2109 1385 2166 τοῦ

83 2231 207 2290 τοιοῦτου
234 2231 438 2311 ἐγχειρήματος
461 2231 499 2305 μὴ
523 2229 736 2308 ἀναστέλληται,
760 2228 799 2307 τῷ
821 2231 984 2310 προσήκοντι
1009 2226 1132 2307 ἐπιτιμίῳ
1155 2229 1385 2304 ὑποβληθήσεται.

83 2353 153 2412 ἀλλ’
167 2350 224 2412 οὔδ’
238 2353 280 2412 ἐπ’
294 2351 390 2424 ἀδείας
413 2349 468 2424 ἕξει
491 2354 506 2412 ό
529 2350 698 2432 κελλαρίιης
720 2355 777 2421 τοῖς
799 2353 895 2412 ἑαυτοῦ
918 2350 1007 2428 ριλοις
1029 2355 1048 2426 ῆ
1071 2352 1213 2429 συγγενέσι
1241 2346 1385 2434 [παρέχειν

83 2470 118 2560 τι]
131 2471 157 2558 6)
187 2474 222 2534 τὰ
243 2481 293 2550 τῆς
321 2479 417 2553 μονῆς,
447 2479 606 2534 κατακενῶν
629 2477 647 2548 ή
670 2474 860 2551 νοσφιζόμενος
883 2473 917 2532 ἐκ
937 2478 991 2532 τῶν
1015 2473 1172 2547 βληθέντων
1196 2474 1284 2532 αῦτῶν
1307 2473 1386 2552 ἄχρις

82 2594 133 2656 καὶ
156 2596 217 2666 ένδς
240 2594 356 2670 δβολοῦ·
388 2595 526 2674 ἀμέτοχος
548 2595 603 2676 γάρ
627 2596 700 2654 ἔσται
724 2589 750 2679 [ό
772 2599 849 2655 τοῦτο
871 2590 967 2679 ποιῶν]
977 2595 1001 2676 ⁷)
1024 2598 1070 2654 τοῦ
1093 2593 1166 2654 θείου
1190 2588 1316 2670 σώματος
1339 2591 1387 2654 καὶ

84 2718 213 2796 αἵματος,
243 2717 322 2778 ἀλλὰ
350 2715 397 2776 καί
425 2724 476 2793 τῆς
507 2717 648 2788 διακονίας
675 2719 835 2791 ἐνστήσεται
858 2715 904 2776 καὶ
927 2716 983 2775 ἀντ’
1001 2717 1081 2775 αθτοῦ
1104 2716 1194 2786 ἀλλος
1216 2717 1263 2791 τήν
1287 2716 1386 2796 ἀρετὴν

84 2841 169 2914 αθτὴν
198 2839 328 2919 κρείττων
359 2839 534 2919 προβήσεται.
581 2837 627 2898 καὶ
657 2839 754 2913 ταύτην
777 2838 826 2912 τὴν
857 2837 956 2917 ἀκριβῆ
991 2835 1112 2909 ἐξέτασιν
1143 2838 1218 2915 ἔχειν
1245 2835 1386 2916 όρείλειό

82 2962 295 3038 καθηγούμενος
317 2959 364 3020 καί
386 2962 401 3019 ό
423 2959 567 3038 οἰκονόμος
591 2962 619 3022 έν
641 2982 672 3020 τε
693 2967 727 3042 τῆ
751 2941 850 3040 βρώσει
873 2958 919 3018 καί
940 2965 974 3040 τῆ
996 2961 1073 3018 πόσει
1094 2965 1148 3020 τῶν
1172 2959 1309 3038 ἀδελφῶν,
1339 2962 1386 3020 τοῦ

83 3083 232 3163 διακρίνειν
256 3081 362 3163 ἑκάστῳ
385 3083 458 3143 κατά
480 3083 529 3158 τὴν
552 3084 742 3163 ἀναλογοῦσαν
765 3079 915 3142 ἀσθένειαν.

190 3204 243 3266 κδ’.
272 3207 341 3266 Δέον
372 3202 417 3264 οῦν
449 3204 495 3264 δῦο
526 3203 697 3286 δοχειαρίους
726 3204 801 3284 παρὰ
823 3207 870 3264 τοῦ
891 3208 1061 3284 προεστῶτος
1088 3201 1316 3282 προχειρίζεσθαι,
1347 3197 1385 3260 ών

83 3332 98 3388 ό
123 3329 175 3403 μὲν
207 3321 247 3400 είς
276 3329 325 3402 τῆν
357 3327 464 3388 εἴσοδον
486 3333 575 3386 πᾶσαν
599 3324 754 3400 διακαθέξει
777 3332 826 3400 τῆς
849 3332 936 3401 μονῆς
958 3323 1004 3384 καί
1028 3327 1215 3404 ἀπογράψεται
1239 3323 1268 3383 έν
1290 3322 1385 3402 λεπτῷ

82 3448 117 3510 τὰ
153 3448 361 3524 εἰσοδιαζόμενοί
395 3470 424 3508 τε
457 3448 504 3509 καὶ
536 3447 747 3526 έξοδιαζόμενα,
781 3451 834 3526 οῦχ
865 3449 962 3517 ἁπλῶς
994 3448 1093 3527 οθτως,
1128 3447 1206 3506 ἀλλὰ
1235 3445 1307 3506 κατὰ
1336 3447 1384 3521 τῆν

83 3573 278 3652 ρηθησομένην
301 3571 475 3630 θποτῦπωαν,
511 3572 585 3630 ἔσται
607 3571 805 3650 γλωσσόκομον
817 3567 842 3654 8)
864 3567 903 3648 τῷ
928 3568 1028 3648 δοχείῳ
1052 3574 1139 3645 μονῆς
1163 3566 1384 3644 ἐναποκείμενον,

83 3697 113 3753 ἐν
137 3687 162 3774 ᾧ
190 3691 397 3772 είσαχθήσονται
426 3695 515 3752 πάντα
542 3692 576 3752 τά
602 3693 826 3772 όθενδήποτειῆ
858 3698 928 3774 μονῇ
960 3691 1145 3772 ἐπερχόμενα,
1175 3687 1265 3750 κλεισὶ
1294 3709 1383 3766 κατη-

81 3815 269 3896 σραλισμένον
291 3815 338 3874 καί
361 3813 510 3896 σρραγίσει.
543 3815 618 3874 ἔσται
641 3813 672 3874 δέ
695 3813 741 3874 καὶ
764 3812 876 3894 χαρτίον
898 3812 974 3887 τάξιν
998 3813 1049 3890 μὲν
1073 3813 1174 3890 ἐπέχον
1196 3813 1384 3893 παραθέσεως,

83 3937 163 4008 ἐντός
194 3935 225 3996 δὲ
256 3932 323 4022 [τοῦ]
336 3933 360 4019 ⁹)
395 3937 515 3996 τοιούτου
544 3936 743 4014 γλωσσοκόμου
773 3935 821 3996 καί
850 3938 914 3997 αῦτδ
945 3935 1137 4012 ἀποκείμενον.
1182 3935 1268 4015 τούτῳ
1297 3955 1384 4015 προσ-

81 4061 271 4138 γραρήσονται
289 4062 379 4119 πάντα
400 4057 433 4118 τὰ
458 4056 589 4138 εἰρημένα
611 4059 682 4118 κατά
705 4059 816 4138 λεπτόν,
839 4059 883 4138 ἀρ’
897 4053 935 4118 ὧν
957 4059 1075 4136 λήψεται
1098 4057 1161 4118 καθ’
1174 4059 1288 4117 ἕκαστον
1311 4062 1385 4132 μῆνα

83 4182 98 4240 ό
127 4180 284 4260 δοχειοίριος
310 4179 388 4260 λόγῳ
415 4185 468 4239 τῶν
495 4185 545 4256 τῆς
572 4187 658 4257 μονῆς
686 4177 789 4253 ἐξόδων
817 4181 850 4239 τὰ
876 4178 999 4262 χρειώδη
1027 4177 1075 4240 καί
1101 4182 1287 4240 κατακενώσει
1314 4179 1385 4240 κατὰ

82 4305 130 4362 τὀν
158 4305 205 4364 τοῦ
231 4307 402 4382 προεστῶτος
429 4300 576 4382 διορισμόν.
623 4302 694 4378 μετὰ
720 4304 813 4378 μέντοι
839 4303 887 4378 τῆν
915 4307 961 4362 τοῦ
988 4303 1074 4380 μηνός
1099 4302 1292 4382 συμπλήρωσιν
1315 4323 1384 4380 συγ-

192 4491 212 4554 ¹)
232 4490 429 4558 Supplevimus.
501 4490 523 4557 ²)
540 4491 737 4558 supplevimus.
808 4493 830 4559 ³)
848 4489 911 4560 ἔχειν
928 4491 959 4542 Ε.
1030 4493 1051 4556 ⁴)
1070 4491 1134 4560 ἡμᾶς
1146 4491 1177 4542 Ε.
1249 4493 1384 4556 ⁵)Itemm

84 4589 161 4639 deest
185 4589 215 4637 in
237 4587 329 4638 codice
356 4587 459 4638 solium.
531 4585 552 4652 θ)
571 4587 768 4653 Supplevimus.
841 4588 863 4653 ⁷)
887 4588 1083 4654 Supplevimus.
1155 4587 1175 4654 ⁸)
1198 4585 1385 4656 γλωσσόκωμον

85 4685 126 4746 Ε,
145 4684 188 4733 hic
207 4689 234 4733 et
253 4684 329 4732 infra.
402 4683 424 4748 ⁹)
443 4682 641 4750 Supplevimus.

1143 4769 1256 4837 αι’
