3486 5282
966 825 1040 900 XI.

641 1016 804 1109 Privilegia
827 1015 975 1092 Theodoro
999 1019 1183 1094 θιιιιυιίυιιυ
1211 1038 1363 1096 υυυιασυν.

619 1243 645 1306 Ι.
674 1241 924 1331 [6778-1270],
948 1265 1059 1309 mense
1082 1246 1175 1330 maio,
1199 1245 1265 1310 ind.
1288 1245 1385 1311 XIII.

377 1429 530 1498 Imperator
545 1427 666 1482 Μίοίιωῦί
680 1427 860 1499 Ραίαεοίυρκσ
874 1428 989 1484 danem
1009 1429 1145 1484 Τίιουιίσνυ
1162 1429 1334 1486 θυυόατῦαίαο
1353 1431 1457 1502 confert
1471 1433 1619 1504 diffussam

891 1533 1115 1605 diweopkylaeis.

356 1736 512 1815 Ὀρισμδς
545 1738 600 1794 τοῦ
634 1733 803 1807 βασιλέως
834 1729 1130 1824 [ΜιχαὴλΔυῦκα
1160 1733 1336 1823 Ἀγγέλου]
1374 1739 1549 1816 Κομνηνοῦ
1580 1735 1640 1824 [τοῦ

356 1851 611 1942 Παλαιολόγου]
639 1857 719 1935 πρός
743 1851 943 1942 [Θεόδωρον]
971 1859 1026 1917 τόν
1050 1859 1305 1938 Σκουταριιθτην
1327 1862 1494 1940 γεγονότα
1516 1857 1639 1946 [μητρο-

354 1973 507 2063 πολίτην]
523 1978 676 2050 Κυζίκου.
707 1979 844 2060 όρισμδς
866 1981 1094 2060 προσκυνητός
1116 1984 1171 2041 τοῦ
1193 1987 1351 2062 κραταιοῦ
1370 1981 1426 2043 καὶ
1449 1985 1640 2060 θεοστερσῦς

355 2100 450 2180 ἁγίου
479 2103 570 2178 ἡμῶν
600 2102 756 2162 αὺθέντου
786 2099 840 2160 καί
871 2100 1048 2180 βασιλέως,
1079 2103 1135 2162 ὅτε
1165 2124 1206 2178 με
1234 2103 1278 2184 τῷ
1307 2109 1362 2166 τοῦ
1389 2104 1641 2185 δικαιορῦλακος

824 2222 985 2298 ἐτίμησεν
1008 2221 1182 2299 ἀξιώματι.

459 2397 623 2471 γΜιμεῖται
645 2394 692 2456 καί
709 2397 828 2473 Μωῦοῆν
851 2397 955 2458 ἐκεῖνον
978 2399 996 2474 ἡ
1019 2397 1145 2472 βασιλεία
1168 2419 1221 2472 μου
1244 2402 1289 2460 τόν
1311 2400 1490 2482 δημαγωγόν,
1513 2401 1557 2462 καί
1579 2405 1641 2482 πρός

356 2521 401 2578 τὀν
431 2525 480 2594 τῆς
509 2518 672 2596 νομοθεσίας
702 2519 806 2578 ἐκείνου
836 2519 922 2594 ζῆλον
955 2520 995 2591 ὡς
1025 2519 1129 2599 ἐφικτόν
1159 2521 1347 2582 ἀπευθῦνεται·
1383 2525 1422 2594 ὡς
1456 2525 1510 2604 γὰρ
1544 2523 1641 2592 ἐκεῖνος
1689 2543 1690 2612 γ

322 2719 324 2724 Ι
355 2641 401 2700 τόν
433 2640 558 2722 δακτόλῳ
588 2643 651 2702 θεοῦ
679 2642 816 2720 γραφέντα
844 2643 927 2716 νόμον
959 2640 1139 2722 ἐγχειρισθεὶς
1168 2643 1213 2702 διὰ
1243 2649 1288 2704 τοῦ
1311 2642 1425 2727 Ἀαρών,
1454 2649 1641 2723 σεμνυνομένου
1689 2629 1690 2698 ί

356 2766 386 2824 τό
408 2768 552 2839 τηνικαῦτα
574 2762 614 2843 τῷ
636 2763 762 2844 ίερατινῳ
783 2760 926 2842 ἀξιώματι,
948 2763 987 2845 τῷ
1003 2763 1179 2844 ίσραηλιτικῷ
1194 2764 1257 2844 λαῷ
1273 2765 1462 2846 διεπόρθμευε,
1485 2769 1554 2830 κατὰ
1566 2773 1640 2828 ταῦτα

356 2884 403 2946 καί
431 2888 448 2962 ἡ
480 2886 607 2960 βασιλεία
635 2905 686 2961 μου
716 2887 746 2946 τό
776 2887 876 2958 παντός
897 2889 1051 2962 τιμώμενον
1073 2892 1122 2963 τῆς
1145 2887 1290 2962 βασιλείας
1311 2896 1409 2970 χρῆμα
1431 2891 1556 2966 λαβοῦσα
1576 2889 1640 2968 παρὰ

356 3011 428 3090 θεοῦ,
462 3012 495 3086 ἦν
513 3009 643 3098 ἐννομου
677 3009 765 3089 ἀρχὴν
796 3008 820 3068 οί
849 3009 938 3070 πάλαι
968 3010 1108 3090 ὡρίσαντο,
1142 3009 1287 3070 κάντεῦθεν
1319 3008 1385 3072 οὖσα
1415 3015 1500 3088 νόμος
1530 3013 1641 3089 ἔμψυχος
1689 3031 1690 3096 ι

355 3131 488 3210 ἀτεχνῶς,
511 3133 549 3204 ὡς
571 3129 618 3191 καὶ
640 3131 670 3190 τό
694 3129 775 3204 δόξαν
794 3133 877 3213 τσῦιῃ
898 3133 1023 3211 καθάπερ
1038 3132 1121 3206 νόμον
1137 3132 1256 3212 γραπτὸν
1271 3128 1319 3192 καί
1334 3133 1467 3212 λέγεσθαι
1481 3133 1529 3194 καὶ
1543 3134 1640 3194 πιστεῦ-

357 3253 441 3334 εσθαι,
472 3255 529 3312 τὀν
548 3253 719 3328 ἐντιμότατον
750 3253 779 3312 ἐν
808 3256 1015 3334 πατριαρχικοίς
1045 3254 1171 3332 ἄρχουσιν
1202 3252 1247 3315 ἐπί
1275 3259 1329 3314 τῶν
1361 3253 1483 3330 δεήσεων
1505 3260 1555 3335 κῦρ
1576 3255 1641 3316 Θεό·
1689 3291 1690 3302 1

357 3373 443 3453 δωρον
473 3375 596 3434 διοὶκσνσν
626 3381 680 3434 τῶν
702 3377 908 3455 Σκουταριῦτιγν
939 3375 1025 3455 ἄνδρα
1055 3377 1168 3455 εὑροῦσα
1196 3376 1268 3436 κατὰ
1295 3378 1343 3452 τὴν
1365 3378 1641 3458 παλαμηφορουμένην

356 3495 411 3575 θεῷ
433 3495 548 3576 καρδίαν
576 3497 668 3574 αὐτῆς,
691 3495 739 3556 καί
760 3497 828 3577 πρός
854 3499 912 3569 ταῖς
940 3497 1042 3569 ἄλλαις
1064 3497 1191 3576 λογικοῖς
1215 3497 1376 3574 ἐπιστήμαις
1397 3497 1445 3560 καὶ
1468 3499 1530 3572 τοὺς
1551 3500 1641 3578 λόγους

356 3619 476 3698 ἀκριβῶς
503 3617 702 3700 μελετήσαντα,
730 3616 777 3678 καί
799 3617 838 3699 τῷ
860 3617 925 3700 ίερῷ
947 3618 995 3680 καί
1017 3619 1082 3698 θείῳ
1104 3619 1254 3700 καταλόγῳ
1278 3619 1460 3700 ἐμπρέποντα,
1484 3627 1517 3703 τῇ
1539 3626 1582 3682 τοῦ
1603 3620 1640 3678 δι-

355 3741 541 3820 καιορῦλακος
563 3738 628 3822 ἀξίᾳ
648 3745 742 3817 τιμᾶν·
771 3740 862 3822 χρεὼν
884 3740 938 3821 γὰρ
960 3742 1006 3801 τόν
1030 3742 1063 3801 ἔκ
1084 3761 1114 3800 τε
1136 3738 1216 3802 θείων
1239 3740 1285 3802 καί
1309 3741 1498 3802 ἀποστολικῦν
1520 3746 1639 3818 κανόνων,

356 3863 389 3922 ἐκ
415 3881 445 3921 τε
470 3867 525 3922 τῶν
547 3865 648 3943 νόμων,
677 3865 723 3935 οῦς
747 3861 821 3942 σοροὶ
844 3861 944 3944 ἄνδρες
968 3859 1102 3942 ἐξέθεντο,
1130 3867 1229 3943 γνῶσιν
1252 3862 1292 3936 είς
1314 3864 1349 3923 τὰ
1370 3865 1491 3941 μάλιστα
1514 3861 1640 3935 συλλεξά-

356 4005 437 4060 μενον
459 3977 567 4065 καὶτῷ
591 3983 805 4064 δικαιρυλακικῷ
830 3985 1036 4061 ἐνσεμνῦνεσθαι
1059 3981 1201 4062 ἀξιώματι.
1234 3985 1295 4046 όθεν
1311 3983 1517 4067 καίδιορίζεται
1537 3984 1640 4060 ἡβασι-

355 4105 419 4166 λεία
450 4127 501 4180 μου
531 4107 576 4166 διὰ
603 4111 652 4183 τῆς
679 4108 816 4186 παροθοης
844 4108 926 4182 αῦτῆς
952 4104 1136 4186 προστάξεως,
1169 4107 1363 4187 διενεργεϊσθαι
1388 4107 1463 4188 παρὰ
1483 4113 1529 4168 τοῦ
1551 4106 1640 4179 διαλη-

356 4229 466 4306 φθέντος
494 4227 665 4303 ἐντιμοτάτου
695 4228 724 4288 ἐν
750 4231 957 4308 πατριαρχικοῖς
984 4229 1111 4308 ἄρχουσιν
1139 4227 1182 4288 ἐπὶ
1213 4235 1265 4289 τῶν
1294 4228 1415 4304 δεήσεων
1437 4234 1487 4311 κῦρ
1510 4227 1640 4306 Θεοδώρου

357 4349 483 4410 διακόνου
504 4355 550 4410 τοῦ
566 4351 765 4430 Σκουταριώτου
780 4351 811 4410 τό
832 4349 1071 4430 δικαιορυλακικδν
1093 4348 1221 4432 όρρίκιον,
1245 4351 1315 4426 μετὰ
1329 4355 1437 4411 πάντων
1453 4357 1506 4432 τῷν
1522 4352 1639 4412 ἀπονενε-

356 4474 487 4550 μημένων
518 4472 589 4552 οωτῷ
620 4471 730 4532 δικαίων
760 4471 807 4532 καί
836 4473 929 4544 καθὼς
962 4472 1097 4552 ἐνεργεῐτσ
1119 4470 1166 4532 καί
1192 4473 1267 4552 παρὰ
1292 4479 1346 4533 τῶν
1368 4473 1462 4534 πσίλαι
1485 4473 1639 4550 κεκτημένοι

357 4596 430 4676 αίιτό,
453 4595 499 4659 καὶ
521 4602 570 4674 τῆς
594 4595 676 4671 αῦτῆς
692 4593 800 4671 ἐκείνης
816 4597 942 4674 μετέχειν
957 4599 1049 4656 τοῦτον
1065 4601 1146 4670 τιμῆς
1160 4614 1191 4655 τε
1205 4593 1382 4676 καίτοίξεως,
1408 4595 1435 4655 ἐν
1451 4615 1481 4656 τε
1496 4595 1638 4678 καθέδρας,
