3208 5310
210 329 229 388 ss

764 517 788 534 11

211 521 318 579 τέλειον
341 518 415 597 παρὰ
437 524 490 576 τῶν
513 523 562 591 τῆς
586 525 673 591 μσνής
695 520 741 576 τού
769 517 967 595 Ιροπαιορέρου
991 515 1220 592 διακελευόμεθα,
1243 513 1287 571 ἵνα
1310 512 1375 586 μηδ’
1389 513 1530 570 ἐντεῦθεν

212 641 238 701 οἱ
260 646 310 716 τῆς
335 639 363 698 ἐν
385 639 446 718 Χίῳ
471 645 557 714 μονῆς
578 640 728 717 πράγματα
745 639 836 714 ἔχοιεν
857 639 991 716 φυράμασι
1010 634 1058 696 καὶ
1074 637 1143 717 ζύμῃ
1159 635 1374 716 προσανέχοντες
1388 631 1435 694 καί
1450 630 1533 712 περὶ

211 764 259 837 τὴν
283 757 437 842 ἀρτοποιίαν
454 761 666 838 ἀσχολούμενοι,
690 759 768 818 ἀλλά
788 759 886 819 τέλεον
902 755 948 818 καί
965 758 1094 836 ἐντούτῳ
1111 757 1343 837 ἀφροντιστοῦντες
1358 755 1531 836 ἀερμύτατοι

211 891 261 959 τῆς
292 883 435 955 βασιλείας
457 884 536 958 ήμῶν
559 881 773 960 ύπερεύμωνται·
799 881 837 951 ὡς
860 883 892 938 ἀν
916 879 948 939 δὲ
970 881 1000 940 τδ
1024 877 1147 958 ἀσφαλὲς
1169 881 1225 949 τοῖς
1249 879 1381 956 μοναχοίς
1403 875 1451 937 καὶ
1476 875 1530 948 είς

212 1007 243 1065 τ“ο
273 1001 338 1081 ἑξῆς
368 1001 386 1084 ᾖ
419 1003 463 1062 ἐπί
491 1024 521 1062 τε
552 1001 590 1082 τῷ
621 1003 822 1081 ριλοτιμηύέυτι
848 1001 923 1080 παρὰ
949 1006 998 1076 τῆς
1025 999 1168 1076 βασιλείας
1196 1021 1247 1075 μου
1274 998 1425 1080 σιτηρεσίῳ,
1458 1003 1531 1071 τοῖς

213 1129 356 1206 τριάκοντα
377 1129 423 1185 τοῦ
446 1124 517 1184 σίτου
541 1124 647 1199 μοδίοις
668 1123 793 1195 καὶτοῖς
815 1125 959 1202 τριάκοντα
981 1128 1036 1182 τῶν
1060 1123 1197 1197 νουμμίων
1219 1121 1391 1202 μιλιαρισίοις
1405 1119 1453 1180 καὶ
1471 1121 1527 1180 ἐπ’

214 1249 304 1319 αὺτοῖς
325 1250 382 1318 τοῖς
405 1245 546 1323 οἰκήμασι,
573 1245 611 1324 τῷ
635 1245 749 1322 ἀνωγέῳ
772 1244 883 1319 δηλαδὴ
899 1243 953 1303 ,καὶ
975 1245 1119 1323 κατωγέῳ,
1143 1245 1174 1303 τύ
1196 1245 1282 1323 παρδν
1305 1241 1529 1323 χρυσὸβουλλον

215 1367 349 1446 σιγιλλιον
381 1368 426 1427 διὰ
447 1368 634 1448 κινναβάρεως
663 1366 815 1442 σημειωύὲν
838 1363 885 1424 καὶ
907 1371 994 1445 χρυσῇ
1019 1365 1127 1446 βούλλῃ
1154 1371 1203 1441 τῆς
1226 1364 1369 1440 βασιλείας
1393 1383 1444 1438 μου
1467 1385 1527 1422 πι-

217 1489 319 1549 στωθὲν
343 1489 460 1564 ἐπεδέύη
484 1487 561 1564 μηνὶ
585 1483 685 1570 μαίῳ,
709 1487 768 1547 ίνδ.
795 1485 837 1546 ιδ’
862 1491 886 1564 †.

510 1728 568 1792 IV.
593 1727 837 1814 (6556-1048)
861 1747 973 1790 mense
995 1727 1082 1790 iunio
1105 1725 1170 1790 ind.
1195 1726 1220 1790 Ι.

218 1896 371 1964 Imperator
385 1895 575 1948 Ουκσισιιιίιιαε
588 1891 780 1946 Μοιιονιιασύυε
793 1893 841 1944 dal
853 1893 1014 1945 monasterio
1026 1892 1133 1944 domum
1148 1893 1177 1944 ίπ
1185 1892 1302 1962 praedio
1315 1891 1446 1962 Αιιρυνίίσ
1459 1910 1528 1945 con-

623 1997 770 2067 firmatque
785 1997 955 2050 donationem
964 1996 1107 2065 frumenti.

219 2167 477 2244 Ἐπικυρωτικδν
501 2165 755 2244 χρυσάβουλλον
779 2168 835 2224 τοῦ
856 2165 952 2222 αὐτοῦ
971 2162 1046 2242 περὶ
1065 2166 1120 2222 πού
1136 2161 1295 2241 μετοχίου
1312 2163 1527 2241 Ἀγγούριον.

323 2326 339 2396 ή·
363 2321 440 2380 Ἐπεὶ
462 2323 480 2396 ή
505 2322 534 2380 ἐν
556 2326 589 2400 τῇ
612 2322 671 2398 Χίῳ
693 2320 755 2380 Νέα
770 2320 850 2394 Μονὴ
874 2325 924 2394 τῆς
946 2314 1095 2398 ύπεραγίας
1117 2319 1245 2378 δεοτάκου
1269 2317 1309 2391 εἰς
1332 2317 1450 2379 ἐπίδοσιν
1474 2319 1530 2378 καὶ

220 2439 331 2516 αὔξησιν
355 2441 481 2520 ἐλθοῦσα,
509 2446 586 2501 τούτο
610 2440 660 2514 μὲν
683 2439 729 2500 καί
753 2440 798 2500 διὰ
819 2445 873 2498 τῶν
896 2440 982 2518 ἁγίων
1006 2440 1155 2500 δεσποινῶν
1177 2446 1230 2500 τῶν
1252 2442 1528 2520 πορφυρογεννήτων,

220 2567 297 2622 τούτο
320 2561 351 2622 δὲ
374 2561 420 2620 καὶ
444 2562 478 2621 δι’
495 2564 577 2639 αύτής
600 2568 649 2638 τῆς
673 2560 817 2635 βασιλείας
840 2582 900 2636 μου,
925 2564 987 2622 ὅσον
1010 2563 1115 2640 ἑρικτδν
1138 2561 1328 2637 σπουδασάσης
1348 2561 1383 2621 τά
1398 2560 1438 2633 εἰς
1453 2564 1529 2621 σύσ-

220 2704 296 2742 τασιν
324 2685 416 2762 αὺτής,
445 2683 533 2743 ἐδεῖτο
560 2687 607 2742 καὶ
635 2683 663 2742 ἐν
691 2689 724 2764 τῇ
753 2683 931 2762 ύεορυλάκτῳ
954 2684 1037 2765 ταύτῃ
1060 2684 1143 2743 πόλει
1166 2683 1310 2758 ἀπλήπτου
1332 2681 1378 2742 καί
1401 2681 1529 2758 ἠξίωσαν

221 2802 283 2886 περὶ
309 2805 402 2864 τούτου
429 2807 444 2864 5
471 2827 500 2864 τε
527 2807 734 2883 καθηγούμενος
756 2805 880 2880 Νικήσας
907 2810 956 2882 τῆς
983 2806 1106 2878 τοιαύτης
1134 2809 1220 2880 μονῆς
1246 2801 1294 2863 καὶ
1316 2805 1331 2862 δ
1354 2804 1529 2884 συνάδελσος

223 2928 303 2986 αὺτοῦ
334 2927 464 3001 Ἰωάννης
494 2925 540 2984 καὶ
570 2926 596 2986 οί
626 2923 707 2986 λοποὶ
738 2925 865 3005 μοναχοί,
898 2925 1048 3004 ἀναγκαίου
1078 2923 1124 2984 καὶ
1159 2924 1342 3004 ἀπαραίτητον
1373 2927 1462 2996 αὺτοῖς
1493 2929 1528 2986 τ“ο

223 3052 340 3107 τοιοῦτον
363 3048 525 3126 ἡγησαμένη
549 3049 567 3122 ή
591 3047 718 3120 βασιλεία
742 3069 803 3128 μου,
827 3050 857 3106 ού
878 3047 993 3128 παρεῖδε
1015 3049 1064 3122 πἠν
1086 3047 1186 3107 τούτων
1210 3045 1329 3128 ἀξίωσιν,
1352 3047 1430 3106 ἀλλὰ
1451 3067 1527 3128 προ-

224 3170 315 3243 θύμως
338 3167 383 3228 καί
407 3171 528 3244 εύμενῶς
552 3168 701 3246 ἐπήκουσεν
717 3171 804 3229 αύτῶν
824 3168 872 3230 καὶ
887 3164 1031 3250 διορίζεται
1047 3170 1092 3229 διὰ
1107 3174 1153 3230 τοῦ
1167 3171 1300 3250 παρόντος
1315 3167 1528 3248 χρυσοβούλλου

224 3289 371 3368 σιγιλλίου,
399 3293 467 3362 ύςτε
498 3291 550 3351 άπδ
578 3290 706 3352 οἰκιακῶν
734 3297 783 3368 τῆς
811 3297 897 3367 μονῆς
924 3295 970 3351 τοῦ
992 3291 1147 3372 Τροπαρίου
1177 3294 1251 3370 ἔχειν
1274 3291 1368 3362 αύτούς
1394 3290 1425 3350 τδ
1448 3287 1527 3351 άνω-

224 3413 409 3490 γεωκάτωγον
432 3410 535 3486 οἴκημα
557 3413 587 3471 τδ
609 3416 640 3472 δν
663 3413 713 3472 ύπδ
735 3412 784 3487 τὴν
807 3414 965 3472 τοποθεσίαν
988 3420 1041 3472 τῶν
1059 3413 1224 3492 Ἀγγουρίων
1247 3411 1365 3488 πλησίον
1385 3416 1430 3471 τού
1445 3413 1528 3490 ἁγίου

226 3533 365 3593 Νικολάου
388 3531 458 3606 μετά
480 3537 526 3594 τοῦ
548 3533 705 3612 περιαυλίου
729 3535 808 3593 αύτού
830 3532 876 3592 καὶ
899 3537 945 3592 τοῦ
967 3527 1108 3612 προστῴου
1130 3535 1248 3611 ήλιακού
1269 3532 1316 3592 καὶ
1339 3537 1385 3594 τοῦ
1408 3533 1528 3594 σταύλου

226 3653 266 3726 εἰς
288 3654 439 3734 ἀπλῆκτον,
462 3653 508 3714 καὶ
531 3657 694 3730 καταμένειν
719 3657 747 3714 ἐν
771 3654 841 3732 αυτῷ
858 3655 918 3726 τοὺς
935 3655 1192 3730 ἀποστελλομένους
1207 3656 1271 3735 παρ’
1285 3653 1371 3714 αύτῶν
1385 3655 1527 3732 μοναχσίις

227 3775 398 3855 άπερικοπως
420 3775 467 3836 καί
489 3777 642 3852 λαμβάνειν
666 3775 712 3836 καὶ
735 3776 768 3834 τά
790 3779 1019 3856 προτετυπωμὲνα
1043 3780 1132 3849 αὺτοῖς
1152 3779 1289 3858 σιτηρέσια
1306 3777 1359 3836 ἀπδ
1374 3782 1423 3853 τῆς
1439 3783 1528 3853 μονῆς

226 3902 272 3957 τού
287 3899 488 3978 Τροπαισρύρου
511 3898 705 3981 ἀνυστερήτως,
729 3897 965 3972 ἀνοικοδομεῖσύαι
988 3897 1088 3958 δὲκαὶ
1111 3899 1347 3978 ἀνακεραμούσύσιι
1362 3899 1393 3958 τ“ο
1407 3903 1527 3958 τοιοῦτον

227 4017 329 4094 οἴκημα
356 4017 431 4098 παρὰ
457 4023 503 4079 τού
531 4021 659 4099 σεκρέτου
685 4024 731 4080 τοῦ
753 4021 957 4100 Τροπαιορίρου
989 4017 1035 4078 καί
1059 4020 1154 4093 αύτούς
1177 4017 1406 4095 ἀκαινοτομήτους
1428 4019 1527 4096 διατη-

228 4142 331 4220 ρεῖσύαι
360 4139 408 4199 καί
437 4141 630 4222 ὑπερεύχεσθαι
657 4148 706 4217 τῆς
734 4141 875 4216 βασιλείας
904 4162 955 4217 μου
983 4141 1029 4202 καί
1058 4142 1182 4203 ἐκτελεῖν
1209 4141 1256 4202 καί
1284 4143 1333 4217 τὴν
1360 4144 1528 4202 τυπωθείσαν

229 4263 318 4333 αυτοῖς
345 4262 478 4344 ίκειήριον
506 4263 589 4341 εὐχήν
617 4263 811 4334 ἀδιαλείπτως.
840 4263 884 4322 διά
911 4267 988 4324 τούτο
1010 4264 1064 4344 γὰρ
1087 4263 1133 4324 καὶ
1156 4265 1186 4323 τδ
1210 4263 1351 4340 ἀπλῆκτον
1376 4265 1464 4336 αύτοῖς
1487 4262 1528 4336 εἰς

228 4384 258 4443 τδ
287 4383 411 4458 διηνεκὲς
439 4384 560 4444 δέδωκεν
583 4387 601 4460 ή
625 4383 752 4458 βασιλεία
775 4405 836 4464 μου,
860 4385 904 4444 ίνα
927 4384 972 4444 καί
997 4383 1071 4445 αὐτοὶ
1095 4385 1300 4464 ἀπερισπάστως
1323 4385 1457 4445 ἑκτελιύσι
1479 4388 1528 4461 τὴν

229 4507 354 4579 τοιαύτην
378 4507 462 4582 εύχὴν
485 4503 531 4564 καὶ
553 4506 735 4586 παράκλησιν,
759 4508 798 4581 μὴ
823 4508 935 4584 ἔχοντος
959 4507 1000 4566 ἐπ’
1014 4507 1108 4578 ἀδείας
1130 4509 1210 4585 τινὸς,
1240 4505 1294 4566 εἴτε
1316 4511 1361 4566 τού
1383 4506 1454 4566 κατά
1475 4507 1524 4583 τήν

229 4629 335 4708 ἡμέραν
359 4625 503 4703 οἰκονόμου
525 4633 571 4687 τού
587 4629 800 4708 Τροπαιοηάρου,
824 4628 879 4686 εἴτε
902 4632 947 4688 τού
962 4631 1178 4709 καθηγουμένου,
1201 4629 1257 4688 εἴτε
1272 4631 1344 4702 τινὀς
1359 4635 1412 4689 τῶν
1423 4630 1528 4690 λοιπῶν
