3208 5310
1285 360 1329 424 45

54 555 135 631 ἔχομεν
158 554 208 614 ἁπδ
234 557 284 614 τοῦ
306 553 459 628 Κουβαλέα
485 547 542 638 [ἐκ]
554 550 574 635 1)
602 554 806 632 συγχωρήσεως
833 549 929 627 μοδίου
945 551 982 612 α’.
1012 555 1140 634 χωρὰρια
1165 559 1216 630 τῆς
1242 559 1329 630 μονῆς

50 681 93 736 τοί
113 677 180 754 ἁγίου
202 674 351 756 Θεοδώρου
377 679 425 738 τοῦ
450 675 612 755 ἠρεισμένου
635 674 664 733 ἐν
687 671 726 752 τῷ
749 673 880 754 Λιμενίῳ.
903 675 1030 755 χωρὰρια
1055 673 1090 734 τὰ
1111 675 1253 753 λεγόμενα
1274 673 1329 734 τῶν

51 797 206 877 Πετρονὰδων
227 798 263 858 τὰ
285 799 390 858 ἄνωθεν
411 800 459 858 τοῦ
481 795 634 872 Κουβαλὲα
657 795 759 871 μοδίων
773 794 809 870 β’.
837 795 957 856 ἵστανται
980 793 1005 856 δ’
1019 796 1048 856 ἐν
1072 794 1192 878 αὐτοῐςῖ)
1220 799 1327 874 γλυνιο-

52 917 129 990 ξιλέοι
143 919 175 981 δ’.
197 922 339 1002 χωρὰριον
361 921 392 980 τδ
414 919 570 999 λεγόμενον
592 921 639 980 τοῦ
654 917 821 998 Κτίσματος,
844 913 937 990 καθώς
956 915 1021 977 εἰσιν
1035 919 1234 998 περιωρισμένα
1251 914 1328 1002 (sic)

51 1040 135 1115 μοδίων
147 1040 187 1114 ς’.
212 1043 295 1122 ἕτερα
316 1041 351 1100 τὰ
372 1037 477 1102 ἄνωθεν
498 1045 544 1102 τοῦ
560 1041 706 1120 Βουχήλου
727 1041 762 1100 τὰ
775 1039 892 1118 πλησίον
907 1041 1046 1122 χωραρίου
1060 1046 1114 1101 τῶν
1130 1041 1215 1121 ἁγίων
1230 1041 1327 1122 Ἀναρ-

50 1163 122 1244 γίρων
144 1162 245 1239 μοδίων
266 1162 303 1239 β’.
334 1166 473 1244 χωρὰριον
500 1169 550 1239 τῆς
581 1164 685 1244 Πετρδς
712 1161 808 1238 μοδίου
829 1161 855 1222 α’
884 1162 938 1222 ἁπδ
963 1165 1081 1243 περὰτου
1108 1161 1270 1243 δενιὰλιτρον
1290 1183 1327 1228 οι.

49 1287 166 1364 γωρὰριον
187 1289 235 1346 τοῦ
257 1285 353 1345 Κοπτοῦ
368 1285 530 1364 Λαγνιαδίου
553 1284 649 1362 μοδίου
665 1283 700 1346 α’.
726 1283 795 1345 ἐστὶν
803 1283 828 1369 ³)
852 1284 899 1345 καί
921 1287 1095 1367 περιοριομὰς
1117 1289 1164 1346 τοῦ
1185 1287 1329 1366 περιγίνρου

50 1412 91 1465 τῶν
113 1405 267 1483 οἰκημάτων
289 1414 340 1484 τῆς
355 1407 508 1484 σεβασμίας
522 1409 621 1484 ταίτης
638 1413 724 1484 μονῆς
738 1407 791 1468 ἀπὸ
806 1409 836 1468 τδ
851 1407 955 1488 πηγὰδι
970 1407 1017 1468 ναί
1032 1407 1178 1490 ἀνέρχεται
1192 1407 1245 1467 ἀπο
1262 1401 1330 1492 [τοῦ]

50 1525 191 1606 ..ίαριαδίου
213 1527 261 1590 καί
283 1531 338 1590 ἁπδ
360 1533 406 1592 τοῦ
423 1530 534 1590 Παίνλον
553 1531 587 1590 τὰ
602 1525 759 1609 χαλιίιτιεδα
781 1532 882 1612 μέχρις
903 1531 937 1590 ἁιι
959 1535 1006 1592 τοῦ
1028 1534 1094 1590 ναοῦ
1115 1528 1163 1590 καὶ
1184 1531 1329 1610 περιαίιλια

51 1652 111 1711 οὔτοί
136 1651 290 1732 ἁμπελίων,
318 1651 476 1734 χωραρίων,
507 1652 638 1734 δένδρων,
668 1653 766 1723 ἁπλῶς
788 1650 873 1713 εἰπεῖν
894 1655 983 1713 πὰντα
1007 1653 1082 1712 ἔνθεν
1107 1656 1155 1713 τοῦ
1175 1651 1263 1733 περίτι
1284 1656 1330 1713 τοῦ

49 1780 106 1850 ναοῦ,
127 1775 176 1834 ὅσα
197 1773 246 1834 καί
271 1767 316 1834 οἷὰ
338 1772 412 1855 εἰσιν,
436 1775 621 1856 ἁπεριιιὰπως.
648 1772 787 1856 χωρὰριον
809 1779 855 1836 τοῦ
870 1772 1068 1854 Ἀγναραλέως
1090 1775 1120 1834 rb
1135 1773 1252 1850 πλησίον
1266 1795 1329 1852 χω·

50 1895 124 1974 ρορίοο
144 1895 198 1957 τιῖιν
222 1895 309 1977 ἁγίων
329 1898 500 1980 Ἀναργὰρων
523 1897 617 1973 μοδίου
632 1895 669 1958 α’.
692 1900 832 1978 χωρὰριον
854 1902 899 1959 τοῦ
915 1898 1026 1976 Γυψέως
1047 1898 1078 1956 τδ
1100 1893 1217 1972 πλησίον
1231 1917 1329 1976 χωρα-

49 2017 93 2094 ρίιο
116 2023 160 2079 τοῦ
182 2019 274 2098 Ψαρᾶ
300 2017 405 2094 μοδίων
420 2019 455 2082 ε’.
488 2021 580 2100 ἕτερον
606 2023 744 2102 χωρὰριον
770 2023 801 2082 τδ
824 2021 979 2101 λεγόμενον
1002 2020 1136 2080 Παλαιών
1158 2020 1188 2078 το
1210 2019 1329 2095 πλησίον

48 2139 166 2218 χυρορίου
191 2145 239 2200 τοῦ
262 2141 394 2217 Σουτίτζη
424 2141 520 2218 μοδίου
535 2141 586 2218 ς”.
619 2145 712 2224 ἕτερον
738 2145 876 2224 χωρὰριον
899 2144 930 2204 τδ
951 2143 1106 2220 λεγόμενον
1127 2141 1278 2217 Καλαμίου
1299 2142 1330 2200 τδ

48 2263 160 2340 οὲρονδεν
186 2267 235 2323 τοῦ
261 2260 361 2343 τρὰρου
387 2262 434 2324 ιιοιὶ
460 2263 577 2340 πλησίον
603 2263 742 2346 χωραρίου
768 2267 815 2324 τοῦ
839 2263 990 2338 Φουβὰλου
1013 2261 1108 2339 μοδίου
1124 2261 1160 2322 α’.
1191 2263 1329 2343 χωρὰριον

48 2387 82 2440 τοί
94 2383 290 2461 Ξηρονιαμπίου
312 2383 358 2443 σίιν
381 2389 434 2444 τιῖιν
456 2386 580 2446 κάτωθεν
603 2385 650 2446 δύο
666 2385 808 2467 ἁρμακίων
824 2385 927 2461 μοδίων
941 2384 972 2460 ς’
996 2383 1043 2445 καί
1058 2386 1175 2460 πλησίον
1190 2384 1330 2466 χωραρίου

48 2509 82 2562 τοῦ
105 2505 234 2586 ίίοργίου.
267 2508 360 2586 ἕτερον
389 2509 529 2588 χωρὰριον
558 2508 588 2566 fo
616 2507 688 2566 νιατὰι
714 2507 853 2579 ἀνατολὰς
883 2508 975 2568 τοίπου
1001 2506 1048 2567 καί
1076 2508 1254 2568 ἁποντὰτωθεν
1281 2513 1331 2583 τῆς

48 2624 120 2698 οίνίας
140 2633 186 2688 τοῦ
208 2626 366 2709 Δημητρίου
389 2628 485 2704 μοδίου
500 2628 535 2688 α’.
567 2632 705 2709 χωρὰριον
726 2633 774 2689 τοῦ
796 2629 885 2711 Ἧμερ
903 2627 978 2708 βίγλι
1000 2631 1041 2688 τδ·
1053 2629 1170 2706 πλησίον
1191 2627 1332 2710 χωροιρίου

47 2754 83 2806 σου
96 2749 234 2830 λίονρίτου
250 2748 353 2826 μοδίων
369 2749 406 2824 β’.
426 2753 565 2832 χωρὰριον
580 2753 626 2812 τοίι
643 2749 804 2830 Ααγνιοιδίου
814 2753 845 2811 τδ
862 2752 965 2812 ἄνωθεν
980 2751 1118 2827 ἁμτελίου
1132 2755 1178 2812 τοῦ
1189 2748 1335 2831 ’Ἀξαλίτρι

48 2870 133 2942 μοῖίων
149 2871 183 2931 δ’.
207 2874 348 2952 χωρὰριον
371 2877 421 2949 τῆς
443 2875 546 2953 Δροίχις
568 2874 598 2934 τδ
620 2873 736 2950 πλησίον
758 2874 897 2953 χωραρίου
919 2877 966 2933 τοῦ
985 2873 1153 2955 Πηλαρηνοῦ
1175 2871 1278 2949 μοδίων
1294 2870 1330 2946 β’.

49 2993 124 3069 ἕτερον
144 2990 288 3072 χωρὰοιον
310 2999 364 3054 τῶν
386 2995 503 3076 Καρίων
525 2996 555 3054 τδ
571 2994 688 3072 πλησίον
705 2992 793 3068 οίνιίας
807 2999 854 3066 τοῦ
870 2995 1032 3056 Γουλολὰων
1056 2995 1151 3071 μοδίου
1166 2993 1216 3069 ξ’.
1240 2997 1332 3074 ἕτερον

50 3111 79 3183 τίς
96 3115 142 3188 τὴν
158 3115 290 3176 Πεονοίδα
311 3116 342 3175 το
363 3115 537 3192 καλούμενον
557 3123 610 3176 τῶν
626 3115 712 3196 ἁγίων
728 3117 899 3177 Ἄποστὸλων
915 3118 961 3176 σὺν
975 3115 1014 3196 τῷ
1030 3117 1216 3194 ἁποιιοίτωθεν,
1239 3117 1332 3184 καθώς

50 3233 92 3293 ἐστι
110 3239 331 3318 περιωρισμὲνον,
353 3239 385 3297 τ“ο
406 3238 523 3314 πλησίον
544 3240 684 3320 χωραρίου
705 3240 797 3321 κυρίου
812 3238 958 3320 Θεοδώρου
980 3243 1026 3298 τοῦ
1043 3235 1169 3311 Μεταξᾶ.
1193 3241 1285 3318 ἕτερον
1302 3238 1331 3298 ἐν

48 3363 75 3436 τῇ.
93 3359 155 3440 σίιτῄ
169 3366 288 3442 περιοχῇ
304 3361 335 3420 τδ
350 3360 504 3440 λεγόμενον
519 3366 566 3422 τοῦ
582 3363 750 3442 Ἀλωποῦί),
766 3363 861 3435 καθὼς
875 3362 1020 3443 ἀνέρχεται
1036 3361 1089 3421 ἁπδ
1105 3365 1150 3422 τοῦ
1165 3362 1332 3421 Σνιωπαοτοϋ

50 3476 91 3538 ἁτδ
109 3483 138 3542 ιδ
160 3481 266 3559 ἁμπὲλι
287 3483 319 3543 το
334 3483 477 3561 Βλὰχιιιον
499 3481 546 3544 ναί
569 3484 622 3545 ἁπδ
644 3491 694 3560 τῆς
716 3483 804 3556 οἰκίας
820 3483 967 3566 Θεοδώρου
990 3487 1036 3545 τοῦ
1051 3485 1190 3564 Καυνίτα,
1212 3481 1259 3543 καί
1278 3504 1331 3562 γο-

51 3602 102 3676 ρίζει
123 3603 175 3664 ἁπδ
196 3607 228 3664 τ“ο
252 3604 356 3681 ἁμπέλι
379 3610 426 3666 τοῦ
448 3604 566 3679 Μεταξὰ
591 3606 676 3686 ἤγουν
702 3611 749 3667 τοῦ
772 3607 947 3682 Κομπολὲων
973 3604 1020 3666 νιαί
1048 3605 1171 3666 ἁποδίδει
1200 3605 1265 3684 ἄχρι
1286 3609 1333 3665 τοῦ

51 3731 146 3805 σταυροῦ
166 3725 216 3786 καί
237 3727 341 3809 γορίζει
361 3727 408 3787 τδν
431 3729 496 3788 ναδν
518 3733 565 3790 τοῦ
586 3729 664 3808 ἁγίου
680 3729 793 3790 Παὰλου
815 3729 861 3788 σὺν
883 3726 931 3788 καί
945 3731 992 3788 τοῦ
1006 3728 1146 3809 χωραρίου
1160 3733 1210 3803 τῆς
1224 3727 1333 3804 ιιὰγχης

51 3849 87 3904 τε]
111 3847 187 3926 ἁγίου
211 3848 322 3910 ίίαίνλου
351 3848 399 3910 καὶ
422 3850 526 3930 ἁπέραν
555 3851 610 3910 ἁπδ
631 3851 681 3927 τὴν
704 3849 791 3912 οἰνιίαν
813 3854 859 3910 τοῦ
882 3849 1010 3926 Σδλὰβου
1032 3848 1079 3910 νιαὶ
1103 3847 1225 3910 ἁποδίδει
1249 3849 1333 3928 μέχρι

52 3968 249 4051 τῶνΤουρσίων,
272 3971 324 4031 ὅσα
344 3969 392 4031 οιαὶ
415 3963 460 4032 οίὰ
482 3969 559 4034 είσιν.
582 3973 617 4032 τὰ
639 3973 718 4034 ἔνδον
739 3974 832 4034 τούτου
854 3975 990 4055 χωρὰρια,
1014 3973 1138 4050 ἀμπέλια
1159 3969 1205 4031 νιοιὶ
1221 3969 1336 4052 δένδρη·

53 4085 170 4165 οἰκήματα
198 4091 247 4152 καὶ
279 4091 307 4152 εί
330 4087 357 4152 τί
384 4092 455 4154 ἐστιν
483 4094 561 4156 ἔνδον
583 4099 629 4156 τοῦ
651 4098 771 4156 τοιούτου
792 4098 965 4177 περιορισμοῦ
988 4096 1070 4177 μέχρι
1096 4099 1143 4156 τοῦ
1166 4094 1265 4175 ῥύακος
1286 4097 1333 4154 τοῦ

54 4208 169 4276 'Amara
199 4217 293 4296 ἕτερον
320 4217 458 4295 χωρὰριον
482 4214 522 4290 είς
536 4219 589 4278 ’τὀν
611 4219 690 4279 αδτδν
712 4220 797 4279 τόπον
818 4218 848 4278 το
872 4218 975 4278 ἄνωθεν
997 4215 1137 4297 χωραρίου
1159 4220 1205 4276 τοῦ
1227 4215 1333 4297 Ἀψαρὰ

55 4333 138 4403 μ’«ίίυν
158 4340 218 4412 ἓνος
240 4340 333 4414 ἥμισυ.
358 4339 450 4420 ἕτερον
472 4343 611 4421 χωρὰριον
634 4347 684 4417 τῆς
699 4341 855 4422 Γυοτερνὸς,
880 4342 946 4421 ὅπερ
970 4340 1073 4417 ἔχομεν
1096 4339 1210 4399 ἀπὸτοῦ
1228 4339 1333 4398 ἁνωθεν

56 4453 180 4533 ίιΐχίὲνιος
193 4460 289 4543 κυρίου
304 4458 453 4543 Θεοδώρου
467 4465 514 4524 τοῦ
529 4459 656 4544 Μεταξὰ,
680 4461 783 4538 μοδίων
799 4461 836 4538 β’.
861 4464 953 4542 ἕτερον
968 4464 1108 4542 χωρὰριον
1123 4464 1170 4520 τοῦ
1184 4461 1334 4540 Μοιρὰνθου

58 4613 235 4629 „mu—-

139 4727 155 4788 ¹)
176 4727 276 4792 Apogr.
297 4717 334 4774 τό,
406 4721 543 4790 ²)Apogr.
563 4720 638 4792 αὐτῷ.
672 4713 675 4716 ’
713 4723 736 4791 ³)
758 4725 855 4790 Apogr.
876 4719 943 4773 είσὶν.
1016 4724 1037 4788 ⁴)
1056 4723 1151 4788 Apogr.
1172 4719 1289 4772 ’Λλαποῦ.
