3194 5298
1265 355 1326 422 159

36 578 111 630 μενεν
136 557 336 636 άρχιερατικῶς
358 561 407 630 τῆς
430 556 555 629 τοιαύτης
579 557 732 631 ἁγιωτάτης
755 554 953 634 μητροπόλεως
977 551 1175 629 Μονεμβασίας
1197 551 1244 612 καὶ
1266 553 1328 624 τούς

35 677 150 756 ιαθεξῆς
173 681 218 739 τὀν
243 681 326 754 αὐτῆς
349 677 559 752 διαδεξομένους
581 679 675 758 θρόνον
699 677 882 738 ἐπαπολαύειν
898 683 947 751 της
963 676 1115 752 ἀνηκούσης
1129 676 1168 755 τῷ
1182 679 1229 736 τού
1244 675 1328 750 Σίδης

36 804 117 879 θρόνῳ
147 807 228 876 τιμῆς
257 801 286 860 ἐν
317 801 408 879 ἅπασι,
432 801 578 880 καθέδραις
600 821 631 859 τε
654 798 763 876 δηλαδὴ
786 797 833 858 καί
854 797 1063 883 προελεύσεσίί)
1086 821 1117 860 τε
1139 798 1185 859 καὶ
1208 803 1326 880 στάσεσι,

36 927 147 1004 Υὲᾱγαῖς
169 945 199 983 τε
221 921 269 984 Ὰᾱῖ
284 925 358 995 ὅλως
373 927 429 994 τοῖς
445 921 580 1005 ἓθθωῑςθ)
602 923 692 1001 ἔργοις
708 922 909 1003 ἀρχιερατικοῑς
924 921 971 982 καὶ
986 923 1213 1002 λειτουργήματα
1229 923 1327 982 ἅπασι·
1435 964 1437 970 .

37 1048 122 1124 ρορεῖν
146 1046 177 1105 δὲ
198 1045 247 1106 ιιαὶ
269 1049 371 1106 σάκκον
394 1047 423 1104 ἐν
446 1048 505 1118 ταῖς
528 1044 614 1117 θείαις
637 1044 854 1126 ίεροτελεστίαις,
877 1046 979 1120 όμοίως
1003 1045 1035 1105 δέ
1057 1043 1104 1105 καὶ
1127 1044 1327 1124 διβὰμπουλον,
1361 1111 1364 1116 ,
1387 1129 1390 1136 Δ

37 1166 79 1225 καὶ
102 1169 199 1238 ἁπλῶς
219 1170 308 1228 πάντα
330 1169 364 1226 τὰ
388 1168 494 1243 ἐκείνης
517 1169 650 1247 προνόμια
672 1165 719 1226 καὶ
734 1165 828 1226 δίκαια
843 1167 931 1245 ἔχειν·
958 1165 1119 1255 ἔξαρχόντε
1135 1165 1182 1228 καὶ
1198 1162 1328 1228 εἶναικαὶ

38 1290 164 1366 λέγεσθαι
190 1293 235 1350 τόν
264 1295 314 1366 τῆς
340 1291 466 1364 τοιαύτης
488 1291 642 1368 ἁγιωτάτης
669 1288 821 1364 ἐκκλησίας
843 1289 1042 1370 ἁρχιερατικῶς
1063 1292 1260 1370 προϊστάμενον
1282 1287 1328 1350 καὶ

39 1416 122 1488 πάσης
153 1413 186 1488 δὴ
209 1419 259 1488 τῆς
281 1413 493 1486 Πελοποννήσου
501 1413 524 1488 ³)
547 1410 666 1486 καὶτῆς
689 1411 810 1472 ἐντεῦθεν
833 1417 913 1486 τιμῆς
934 1412 1222 1492 προσαπολαύονταθ),
1251 1406 1270 1492 ᾖ
1294 1411 1329 1487 δὴ

40 1535 152 1608 καὶτοῖς
167 1536 267 1607 ἁλλοις
283 1535 394 1595 εἴθισται
414 1541 469 1594 τῶν
490 1534 644 1614 ἱερωτάτων
668 1535 819 1615 ἀρχιερέων
842 1536 898 1604 τοῖς
919 1532 1083 1609 ἠξιωμένοις
1098 1535 1231 1616 διαφόρων
1239 1533 1264 1618 ⁵)
1281 1535 1329 1609 ἐξ-

43 1659 160 1736 κρχεύειν
186 1658 313 1734 θεμάτων
338 1677 369 1717 τε
395 1655 442 1716 καὶ
469 1663 577 1736 χωρῶν.
611 1658 740 1728 ὡσαύτως
768 1657 799 1714 δέ
821 1657 888 1736 πρός
910 1659 967 1728 τοῖς
989 1657 1089 1730 σίλλοις
1111 1657 1158 1717 καί
1180 1662 1257 1718 τοῦτο
1280 1659 1330 1717 θε-

43 1779 123 1850 στύζει
145 1778 190 1838 καὶ
212 1779 442 1858 παρακελεύεται,
464 1781 568 1850 πάντας
591 1777 700 1852 δηλαδὴ
722 1777 784 1849 τούς
805 1778 938 1837 ύπάύτόν
961 1780 1123 1852 ἐπισκόπους
1139 1780 1168 1838 ἐν
1182 1799 1213 1838 τε
1228 1782 1331 1859 ρημαις

43 1901 84 1960 καὶ
112 1903 228 1982 γραραῑς
257 1903 464 1980 παναγιιύτατον
490 1901 703 1981 προσαγορεύειν
727 1895 780 1985 [τε]
804 1899 850 1959 καὶ
873 1901 1061 1980 ὀνομάζεσθαι,
1093 1901 1171 1962 αύτθν
1194 1901 1225 1960 δὲ
1247 1902 1330 1962 πάλιν

45 2024 69 2080 ἐν
98 2026 151 2094 τοῖς
180 2018 355 2099 σημειώμασι
384 2021 431 2082 καὶ
460 2023 618 2102 γράμμασιν
648 2019 802 2082 ἰνόικτιῶνα
829 2023 966 2102 ἐμφαίνειν
988 2024 1055 2104 πρός
1078 2024 1173 2096 αύτούς
1195 2021 1243 2084 καί
1263 2025 1331 2104 πρός

45 2152 125 2205 πᾶσαν
154 2149 201 2220 τἠυ
226 2149 306 2207 αὐτού
330 2145 464 2226 ἐπαρχίαν
487 2146 652 2226 ἀνθ’ἑτέρας
675 2147 895 2222 ύττοσημάνσεως.
936 2144 996 2206 ἐπεὶ
1019 2145 1051 2206 δὲ
1074 2147 1191 2226 ἔφθασαν
1213 2167 1331 2227 προστε-

47 2269 117 2343 θηναι
136 2271 265 2348 πρότερον
280 2275 314 2350 τῇ
329 2269 439 2350 τοιαύτη
455 2269 594 2350 ἁγιωτάτῃ
611 2269 778 2348 μητροπόλει
793 2268 840 2328 καί
856 2268 1001 2330 ἐπισκσπαὶ
1016 2263 1103 2352 αὗται,
1126 2272 1144 2346 ἡ
1159 2275 1209 2348 τῆς
1223 2270 1332 2330 Κυνου-·

49 2389 101 2464 ρίας
115 2393 147 2469 ⁶),
176 2393 193 2465 ἡ
225 2396 271 2452 τοῦ
293 2390 405 2470 Ἕλους,
434 2393 453 2468 ἠ
482 2397 532 2467 τῆς
554 2385 665 2467 Μαίνης
694 2391 741 2450 καὶ
763 2394 781 2466 ἡ
804 2395 851 2451 τσῦ
874 2393 999 2463 Ῥέοντσς
1020 2390 1067 2451 καὶ
1090 2393 1107 2466 ἡ
1131 2395 1177 2452 τού
1199 2393 1331 2472 Ζεμενού,

48 2513 214 2588 τροσβεβαισῖ
236 2515 287 2589 μὲν
310 2515 524 2594 προηγουμένως
547 2513 593 2574 καί
615 2513 824 2596 προσεθράζειῖ)
848 2515 945 2586 ταύτας
968 2516 1035 2596 αθτη
1057 2513 1104 2574 καὶ
1127 2515 1172 2574 διὰ
1193 2518 1240 2575 τού
1258 2535 1332 2595 παρ-

50 2635 115 2706 όντος
135 2635 342 2715 γρυσσβούλλου
364 2635 451 2714 λόγου
474 2635 588 2717 ain-7238)
611 2639 629 2710 ἠ
652 2636 781 2711 βασιλεία
805 2657 866 2716 μου,
889 2635 936 2696 καὶ
959 2636 1078 2709 θεσπίζει
1097 2635 1144 2697 καὶ
1165 2637 1331 2697 διατάττεται

50 2756 90 2814 καὶ
114 2757 151 2830 εἰς
176 2759 206 2818 τό
226 2756 296 2850 ἑξῆς
323 2758 366 2816 ὑπ’
381 2759 462 2832 αυίτὴν
491 2753 568 2838 εἶναι,
602 2759 695 2829 καθὼς
723 2759 888 2840 εὑρίσκονται
917 2762 998 2840 μέχρι
1020 2759 1066 2819 καὶ
1090 2759 1129 2831 εἰς
1150 2763 1181 2819 τό
1203 2763 1256 2820 νύν.
1293 2760 1333 2819 ἔτι

54 2881 133 2950 μέντοι
155 2881 189 2940 δι’
202 2882 282 2940 αὐτοῦ
304 2881 338 2956 δὴ
361 2881 454 2940 τούτου
476 2881 506 2939 τό
529 2881 669 2958 φιλότιμον
692 2879 914 2960 προσεπαύξουσὰ
936 2903 967 2941 τε
989 2884 1072 2964 ταύτῃ
1094 2881 1141 2942 καὶ
1159 2881 1333 2962 προσεπιτεί-

54 3021 125 3059 νουσα
153 3002 259 3062 εύθσκεῖ
285 3000 332 3062 καὶ
357 3003 576 3082 παρακελεύεται
603 3004 646 3062 ὑπ’
660 3005 741 3078 αύτὴν
769 2999 907 3063 εἶναικαὶ
931 3006 1026 3085 ἑτέρας
1050 3004 1197 3076 ἐπισκοπόις
1219 3005 1331 3074 ταύτας·

55 3121 125 3200 ἤγουν
152 3127 200 3198 τὴν
227 3132 276 3200 της
303 3121 445 3206 Κορώνης,
479 3126 527 3200 τήν
557 3132 606 3200 της
630 3127 766 3200 Μεθώνης
797 3125 843 3186 καὶ
869 3127 917 3200 τὴν
940 3133 989 3202 της
1013 3127 1173 3207 Ἀνδρούσης
1196 3123 1242 3186 καὶ
1264 3123 1332 3184 ύπσ-

57 3247 146 3305 νεῖσθαι
173 3247 275 3322 ὁμοίως
300 3247 347 3306 καὶ
374 3248 472 3318 ταύτας
500 3255 533 3330 τῇ
563 3251 629 3330 αἰτῇ
658 3250 796 3330 ἁγιωτάτῃ
825 3249 960 3332 ἐκκλησίᾳ
982 3255 1031 3326 της
1054 3248 1260 3328 Μονεμβασίας,
1295 3251 1334 3320 ύς

58 3366 93 3424 καὶ
116 3369 161 3440 τὰς
188 3371 291 3449 ἁλλας,
326 3337 368 3441 ὡςΙ
393 3372 446 3450 άρα
473 3372 640 3450 μητροπόλει
668 3373 754 3431 αύτιῖιν
776 3369 824 3430 καὶ
847 3371 977 3448 δέχεσθαι
1000 3369 1038 3441 εἰς
1061 3372 1199 3452 ἀρχιερεῖς
1222 3371 1334 3450 ἑαυτῶν,

60 3489 95 3558 τύς
115 3495 143 3548 άν
164 3493 180 3550 ό
203 3492 232 3551 ἐν
254 3499 288 3574 τῇ
311 3491 442 3573 εἰρημένῃ
470 3495 608 3572 ἁγιωτάτῃ
636 3495 804 3574 μητροπόλει
828 3493 1017 3572 εὑρισκόμενος
1040 3494 1184 3575 ἀρχιερεύς
1206 3513 1334 3574 χειροτο-

60 3618 122 3685 νῆσαι
148 3615 276 3694 διακρίνοι
303 3615 351 3674 καὶ
383 3615 582 3692 ἐγκαταστῆσαι
613 3617 655 3675 ἐπ’
670 3619 770 3688 αὺτοῖς.
810 3619 827 3690 ἡ
851 3617 882 3675 όέ
904 3623 954 3692 τῆς
978 3616 1112 3696 ἐπαρχίας
1134 3618 1232 3691 ταύτης
1254 3615 1333 3696 περί-

62 3733 119 3811 ιθος,
140 3738 177 3808 ὡς
199 3737 229 3795 ἐν
251 3739 324 3816 τύπῳ
346 3739 532 3819 περιγραρικῷ
556 3740 615 3816 ἔχει
638 3717 732 3809 οθτως.
763 3746 868 3818 πρῶτον
893 3739 943 3814 μὲν
966 3739 1012 3799 οὖν
1035 3740 1199 3820 Ἐπίδαυρος
1221 3739 1334 3820 ἀρχαία,

61 3858 242 3934 ἡκαλουμένη
265 3861 391 3938 Λιμηρά·
427 3862 498 3936 μετὰ
528 3863 559 3921 δέ
581 3864 677 3937 ταύτην
702 3863 745 3922 ἐπὶ
769 3858 840 3942 ἑῴαν
862 3867 979 3942 προϊόντι
1003 3863 1017 3920 ό
1040 3860 1147 3942 Ζάραξ·
1175 3863 1336 3940 προελθόντι

63 3978 86 4037 όέ
105 3983 150 4042 ἀπό
172 3985 300 4062 Ζάρακος
321 3984 395 4062 παρὰ
416 3985 464 4060 τὴν
487 3986 625 4044 θάλατταν
648 3988 765 4044 κατιόντι
789 3981 925 4070 [κύμηίύθ
948 3983 1164 4064 ἠΚυπαρισσία·
1189 3979 1249 4044 εἶτα
1270 3985 1336 4054 ναός

63 4107 96 4160 τοῦ
115 4105 186 4182 ἁγίου
204 4104 358 4164 Λεωνίδου·
384 4106 453 4179 μετὰ
477 4106 507 4165 δὲ
530 4109 560 4165 τό
583 4110 629 4166 τοῦ
644 4107 723 4184 ἁγίου
739 4077 810 4166 θεῖον
827 4108 950 4185 τέμενος,
973 4109 1003 4164 τό
1019 4107 1191 4180 καλούμενον
1209 4105 1334 4185 Ἄστρυς·

65 4223 209 4299 ἐπαναβάντι
241 4226 272 4286 δὲ
295 4230 376 4302 κύμη
403 4231 421 4303 ἡ
444 4231 603 4305 καλουμένη
628 4233 812 4301 Καστάνιτζα·
849 4225 918 4305 μετὰ
942 4229 973 4288 δέ
995 4231 1093 4304 ταύτην
1116 4229 1267 4310 ἀπέρχεται
1289 4228 1335 4289 καὶ

150 4445 168 4508 ¹)
186 4441 360 4510 προεδρεύσεσι
377 4446 408 4494 B.
480 4445 501 4511 ²)
522 4443 652 4513 ἐθισμόνσις
672 4447 701 4497 B.
721 4441 809 4504 όλσιςέ
880 4445 901 4512 ³)
921 4442 951 4505 ἐξ.
972 4447 1054 4496 τοῦτον
1079 4444 1150 4515 μόνον
1174 4439 1235 4496 εἷναί
1252 4463 1277 4496 τε
1296 4445 1336 4496 καὶ

66 4530 157 4601 λέγεσθαι
181 4537 259 4603 πάσης
283 4537 342 4592 Πελ,
365 4535 404 4589 τόν
432 4543 473 4604 τῆς
497 4540 606 4605 τοιαύτης
632 4538 765 4610 ἁγιωτάτης
788 4540 964 4610 άρχιερατικῶς
989 4540 1054 4591 ἐκκλ.
1080 4544 1176 4610 προϊστ.
1202 4543 1249 4593 alii
1273 4543 1334 4592 edit.

69 4630 84 4694 ί)
99 4628 237 4686 ἀπολαύοντα
256 4637 319 4686 edit.
392 4637 412 4701 θ)
432 4636 554 4704 διαφόρως
567 4639 599 4688 R.
672 4639 694 4704 ὓ)
708 4639 804 4701 siclt„
823 4638 870 4687 alii
885 4639 1000 4687 editores
1015 4635 1156 4704 Κυθσυρίας,
1230 4637 1335 4704 θαρσο-

70 4724 168 4792 ῑθρύίεται
185 4733 215 4782 B.
288 4731 310 4798 Β)
330 4729 402 4796 αύτῆς
420 4733 448 4782 Ζ.
520 4732 543 4798 ⁹)
561 4731 671 4802 πόλισμά
688 4749 711 4783 τι
728 4735 759 4784 B.
