3208 5310
252 312 295 378 58

253 512 299 568 τοῦ
323 509 522 587 [Ιλαστορὰγσυ
550 507 589 581 εἰς
619 511 667 584 την
697 510 829 589 περιοχὴν
858 514 904 569 τοῦ
934 508 1100 589 Ἡρακλείου
1130 509 1159 567 τδ
1187 508 1304 584 πλησίον
1333 509 1471 588 χωραρίου
1502 515 1552 584 τῆς

254 631 405 710 Σπαρτινῆς
432 628 526 704 μοδίου
541 627 577 689 α’.
610 631 702 710 ἕτερον
730 628 769 700 εἰς
791 631 840 706 τὴν
862 629 1021 690 τοποθεσίαν
1045 635 1099 688 τῶν
1121 627 1247 709 Κρανίων
1269 631 1300 690 τδ
1323 630 1478 708 λεγόμενον
1502 637 1552 706 τῆς

253 751 445 830 Στραβοκερῆς
468 751 570 826 μοδίων
586 750 622 826 β’·
646 753 676 810 τδ
699 753 765 832 ὅπερ
790 747 866 829 εἶχεν
888 753 906 826 ἡ
930 751 995 829 ἁγία
1019 753 1088 827 μονὴ
1112 750 1166 810 ἀπὸ
1188 755 1234 810 τοῦ
1250 751 1380 826 Ἰαλιίννη,
1405 753 1498 831 ἕτερον
1523 753 1552 810 ἐν

252 879 285 955 τῇ
313 875 379 954 αυτῇ
406 879 523 955 περιοχῇ
549 879 599 949 τῇς
626 873 708 953 ἁγίας
732 873 907 945 Ἀναστασίας
928 872 998 932 κατὰ
1022 871 1127 948 δυσμὰς
1147 873 1178 931 τδ
1200 872 1316 950 πλησίον
1338 871 1480 952 χωραφίσυ
1503 879 1552 948 τῆς

253 996 407 1072 ἁγιωτάτης
431 995 579 1071 ἐπισκοπῇς
602 995 696 1071 μοδίου
713 994 749 1056 α’.
774 995 866 1074 ἕτεραι
890 994 923 1052 τὰ
944 991 1077 1074 περίγυρα
1097 998 1151 1052 τῶν
1175 991 1259 1072 ἁγίων
1283 991 1402 1067 ἐνδόξων
1416 992 1465 1054 καί
1481 995 1551 1054 θαυ-

254 1122 413 1197 ματουργῶν
430 1117 600 1198 Ἀναργίιρων
617 1117 793 1177 ἀποκὰτωθεν
809 1120 855 1176 τοῦ
867 1115 1053 1175 Αάλολυσίνου
1070 1113 1121 1197 (ί),
1137 1113 1184 1174 καί
1199 1115 1301 1194 γυρίζει
1315 1116 1330 1174 ἁ
1344 1118 1552 1196 κατερχόμενος

252 1238 403 1319 χείμαρρος
432 1237 479 1298 καὶ
506 1239 656 1318 ἀπέρχεται
684 1240 737 1309 ἕως
764 1242 810 1298 τοῦ
833 1238 1040 1312 Φασολέκηπου
1063 1235 1109 1296 καί
1132 1238 1186 1298 ἀπο
1207 1239 1239 1297 τδ
1262 1239 1401 1318 χωράφων
1423 1241 1472 1297 τοῦ
1496 1238 1552 1297 Eb-

253 1362 365 1438 ριπιώιη
388 1359 434 1420 καὶ
455 1362 593 1439 χωρὰρισν
615 1364 661 1419 τοῦ
678 1357 794 1431 Μεταξά
815 1357 863 1418 καὶ
885 1359 938 1418 ἀπδ
960 1363 1006 1418 τοῦ
1021 1355 1139 1434 Ζυμώνη
1163 1363 1209 1419 τοῦ
1233 1359 1371 1438 χωραφίσυ
1391 1359 1438 1419 καὶ
1457 1361 1553 1431 καθὼς

252 1482 353 1563 γυρίζει
380 1482 433 1542 ἀπο
455 1487 505 1556 τῇς
527 1480 615 1553 οἰκίας
637 1485 683 1541 τοῦ
705 1481 839 1560 Βούχηλα
860 1479 908 1540 καί
930 1480 983 1540 ἀπο
1005 1487 1051 1540 τοῦ
1072 1482 1266 1559 Μακριιωὰννη
1289 1482 1320 1540 τ“ο
1342 1483 1483 1560 χωρὰρων
1506 1480 1554 1540 καὶ

252 1607 298 1664 τοῦ
314 1605 431 1680 Ζυμωνά
453 1601 499 1663 καί
521 1607 567 1663 τοίι
587 1602 739 1677 Κσυβσιλέα
760 1601 807 1661 καὶ
831 1602 980 1682 ἀπέρχεται
1000 1607 1050 1676 τῇς
1073 1603 1173 1676 ἁλικῆς
1197 1600 1244 1662 καί
1267 1601 1405 1682 διέρχεται
1427 1601 1484 1662 ἀπδ
1508 1606 1553 1662 τοῦ

252 1724 390 1806 χωραρίου
415 1728 462 1784 τοῦ
490 1723 567 1802 ἁγίου
591 1723 737 1803 Θεοδώρου
764 1722 810 1783 καὶ
840 1723 943 1782 ἀνωθεν
970 1729 1020 1799 σῇς
1043 1724 1168 1802 Βατερῆς
1195 1722 1242 1783 καὶ
1269 1723 1321 1783 ἀπο
1343 1722 1485 1802 χωραφίου
1509 1731 1554 1783 τοῦ

252 1847 404 1927 Εὺριπιώτη
426 1843 474 1906 καί
496 1844 619 1906 ἁποδίδει
643 1843 682 1918 είς
704 1846 752 1920 τὴν
777 1842 972 1924 ξυλοκερατίαν
987 1845 1036 1919 σἠν
1052 1841 1150 1923 ἀγρίαν
1167 1846 1220 1916 ἐως
1235 1843 1275 1916 είς
1290 1845 1336 1904 τδν
1352 1841 1553 1925 ξεροπέταμσν,

253 1969 303 2028 έσα
324 1967 371 2028 καί
387 1961 431 2028 οίὰ
447 1967 522 2050 εἰσιν,
545 1965 637 2039 καθώς
653 1969 724 2028 ἐστιν
739 1967 754 2026 ὁ
770 1965 908 2042 δηλωθείς
922 1967 1105 2046 περιορισμάς,
1123 1965 1257 2046 ἀμπέλια,
1280 1969 1416 2047 χωρὰρια,
1441 1967 1554 2046 δένδρα,

252 2089 400 2168 οἰκήματα,
423 2090 487 2148 ἀνευ
509 2095 562 2150 τῶν
586 2089 633 2150 δύο
655 2087 815 2164 κομματίων
830 2091 876 2146 τοῦ
892 2084 1009 2159 Μεταξσί
1023 2085 1070 2146 καὶ
1086 2085 1221 2162 ἁμπελίου
1235 2091 1282 2148 τοῦ
1297 2089 1431 2166 Ζερζηνᾱ,
1449 2087 1555 2162 μοδίων

253 2209 289 2286 β.’
314 2213 406 2291 ἕτερον
428 2212 458 2271 τδ
480 2210 653 2286 καλούμενον
668 2214 714 2270 τοῦ
730 2209 880 2289 Γαίδουρέα
894 2209 925 2267 τ“σ
940 2207 1057 2282 πλησίον
1077 2213 1121 2268 τοῦ
1134 2210 1258 2289 Ζερζηνὰ
1274 2209 1368 2283 μοδίου
1383 2207 1434 2282 ς”.
1459 2211 1555 2288 ἕτερον

250 2329 389 2413 χωρὰρισν
411 2335 458 2391 τοῦ
473 2331 637 2411 Λεσπὰρδου
658 2333 689 2390 τὸ
712 2329 884 2405 καλούμενον
907 2333 953 2390 τοῦ
970 2329 1076 2410 Τροποϋ
1098 2331 1128 2388 τδ
1151 2330 1222 2388 κατὰ
1245 2329 1382 2401 ἀνατολὰς
1403 2333 1451 2388 τοῦ
1474 2330 1555 2409 ἁγίου
1594 2383 1595 2388 ,

251 2453 391 2513 Νικολὰου
415 2451 517 2528 μοδίων
534 2452 569 2526 β’.
604 2454 696 2533 ἕτερον
718 2449 856 2531 χωρὰρισν
879 2455 926 2510 τοῦ
948 2451 1034 2510 Βονοῦ
1057 2451 1087 2510 τ“ο
1110 2451 1283 2526 καλούμενον
1304 2453 1335 2510 τδ
1357 2453 1501 2527 Κομιτὰτο
1526 2454 1555 2512 τ“ο

250 2573 320 2634 κατά
349 2574 487 2646 ἀνατολὰς
513 2571 641 2648 κείμενον
668 2577 714 2633 τοῦ
742 2573 886 2634 Πλατὰνου
914 2571 1008 2648 μοδίου
1029 2567 1064 2630 α’.
1098 2572 1235 2647 ἀμπέλων
1262 2573 1293 2632 τδ
1320 2573 1476 2649 λεγόμενον
1505 2580 1556 2649 τῆς

251 2697 436 2774 Ῥουμανίχας
464 2694 559 2771 μοδίου
574 2695 610 2755 α’.
642 2697 733 2776 ἕτερον
761 2693 899 2769 ἀμπέλων
928 2695 957 2752 ιδ
985 2693 1184 2771 ἐπιλεγόμενον
1206 2699 1256 2768 τῇς
1279 2693 1412 2774 Φέλερας
1434 2695 1556 2770 πλησίον

252 2816 386 2894 ἁμπελίου
408 2821 454 2877 τοῦ
473 2818 647 2896 Χαρτσυχὰρι
670 2815 764 2891 μοδίου
780 2814 817 2876 α’.
842 2817 935 2896 ἕτερον
958 2815 1094 2890 ἀμπέλιον
1117 2819 1163 2875 τοῦ
1186 2819 1250 2874 ναοῦ
1272 2815 1326 2873 τῶν
1348 2815 1436 2892 ἁγίων
1452 2816 1553 2896 Ἀναρ-

250 2942 340 3021 γύρων
363 2940 457 3015 μοδίου
474 2939 510 3002 α’.
535 2941 627 3019 ἕτερον
651 2938 787 3012 ἀμπέλων
811 2935 850 3010 είς
871 2940 918 2997 τδν
940 2939 1019 2998 αὐτδν
1035 2941 1116 2997 σὰπον
1132 2937 1226 3013 μοδίου
1243 2935 1279 2997 α’.
1304 2939 1396 3016 ἕτερον
1412 2937 1552 3012 ἀμπέλων

251 3063 305 3122 ἀπὸ
327 3065 373 3122 τοῦ
389 3059 536 3141 Θεοδώρου
558 3065 604 3120 τοῦ
622 3061 756 3142 Παλαισά,
779 3065 809 3120 τ“ο
832 3062 986 3141 λεγέμενον
1008 3065 1061 3119 τῶν
1078 3061 1214 3134 Ἁμουσῶν
1237 3061 1267 3118 τδ
1289 3057 1407 3134 πλησίον
1422 3057 1470 3118 καί
1485 3061 1552 3118 σύν-

251 3205 334 3264 εγγυς
356 3189 401 3244 τοῦ
424 3183 597 3263 Σριλικσῡρδι
620 3183 722 3258 μοδίων
739 3183 764 3259 β’
777 3181 829 3256 ς”.
853 3183 981 3253 ὡσαύτως
1003 3179 1049 3240 καί
1072 3180 1207 3256 ἀμπέλων
1231 3186 1279 3256 τῇς
1301 3180 1471 3259 Χαλοκερῆς
1495 3204 1552 3256 μο-

251 3305 308 3366 δίου
325 3305 360 3365 α’.
384 3303 431 3364 καί
455 3305 553 3384 δένδρα
574 3305 674 3364 έλαϊκά
698 3303 737 3376 έξ.
762 3305 898 3379 ἀμπέλων
921 3303 961 3375 εἰς
983 3303 1031 3377 τὴν
1054 3303 1197 3375 Λεβανθὲν
1222 3301 1323 3377 μοδίων
1340 3300 1366 3362 α’
1379 3301 1432 3376 ς”.
1457 3305 1552 3382 ἕτερον

250 3427 385 3502 ἀμπέλων
407 3428 437 3485 τδ
461 3425 637 3486 ἀπσκάτωθεν
659 3432 709 3501 τῇς
733 3425 815 3500 αάτῆς
837 3424 990 3501 σεβασμίας
1014 3429 1100 3500 μονῆς
1123 3425 1325 3504 συγχωρήσεως
1345 3425 1377 3483 δν
1393 3423 1499 3498 μοδίων
1514 3425 1551 3504 β’,

251 3547 321 3622 μετὰ
346 3553 401 3606 τῶν
430 3547 518 3606 ἐκεῖσε
548 3545 666 3626 δένδρων
694 3545 741 3606 καί
763 3547 906 3621 ἁμπελίων
929 3550 975 3606 τοῦ
997 3548 1130 3627 Ζερζηνᾶ.
1164 3545 1299 3620 ἀμπέλων
1321 3546 1351 3604 τδ
1374 3545 1552 3620 καλούμενον

249 3673 299 3744 τῇς
322 3667 438 3739 Ἐλαίας
466 3667 568 3744 μοδίων
584 3666 611 3726 α’
622 3666 674 3742 ς”.
707 3671 798 3746 ἕτερον
826 3667 962 3742 ἀμπέλων
984 3670 1015 3726 τ“ο
1037 3668 1193 3746 λεγόμενον
1215 3671 1261 3726 τοῦ
1285 3667 1497 3746 Ἀσφεδεκλέως
1522 3671 1551 3728 τί

248 3789 365 3865 πλησίον
388 3789 523 3864 ἁμπελίου
544 3793 595 3865 τῇς
618 3789 783 3864 Ἐπισκοπῇς
807 3789 909 3864 μοδίων
926 3789 961 3864 β’.
988 3793 1079 3868 ἕτερον
1103 3789 1239 3864 ἀμπέλων
1261 3793 1306 3848 τοῦ
1330 3789 1350 3846 Γ
1351 3789 1497 3863 οστυλίβσυ
1520 3794 1551 3849 τέ

249 3911 365 3988 πλησίον
386 3910 523 3986 ἁμπελίου
545 3915 590 3972 τοίι
606 3911 732 3984 Λεωνίδη
757 3911 852 3986 μοδίου
865 3907 900 3974 α’.
926 3909 965 3983 εἰς
987 3913 1017 3970 τδ
1034 3911 1180 3991 Χελωνοίρι
1203 3911 1306 3985 ἀμπέλι
1330 3910 1431 3984 μοδίων
1448 3910 1485 3985 β’.
1512 3911 1552 3982 εἰς

250 4035 296 4093 τάν
319 4033 398 4092 αὐτδν
419 4033 500 4092 τέσιον
516 4027 620 4117 [ἕτερον
636 4027 784 4116 ἀμπέλων]
800 4035 830 4092 το
846 4032 963 4107 πλησίον
978 4031 1025 4092 καί
1042 4031 1144 4091 ἀνωθεν
1160 4035 1205 4091 τοῦ
1224 4033 1383 4112 Λαζαρὰτσυ
1399 4030 1503 4105 μοδίων
1517 4031 1551 4094 δ’.

354 4154 518 4224 Ὡσαύτως
540 4152 596 4212 καί
618 4159 675 4229 τῆς
698 4153 798 4231 ἁγίας
819 4159 922 4229 μονῆς
939 4157 993 4213 τοῦ
1009 4153 1104 4230 ἁγίου
1120 4153 1422 4234 μεγαλομὰρτυρος
1439 4153 1551 4236 Γεωρ-

249 4275 321 4354 γίου
345 4275 378 4335 ἐν
400 4281 437 4357 τῇ
460 4281 603 4356 περιοχῇ
625 4280 681 4335 τοῦ
704 4275 918 4354 Ἁρακλείου,
942 4277 1078 4354 χωρὰριον
1102 4276 1131 4333 τ“ο
1154 4274 1326 4348 καλούμενον
1349 4279 1397 4350 τῇς
1421 4274 1550 4346 Ἐλαίας.

354 4395 495 4473 Ὁμοίως
517 4394 571 4456 καὶ
593 4397 631 4456 τὰ
652 4401 708 4456 τοῦ
725 4395 926 4476 Ἡρακλείου
947 4401 1005 4473 τῆς
1027 4396 1256 4475 προνοίαςτοϋ
1272 4395 1368 4475 ἁγίου
1383 4397 1552 4476 Γεωργίαο

249 4513 305 4579 καί
326 4525 385 4594 τῆς
401 4519 601 4594 Ἐπισκοπῆς
623 4516 680 4577 καί
701 4517 738 4576 τὰ
760 4523 819 4592 τῆς
835 4522 950 4592 μονῆς.
980 4520 1118 4596 χωρὰρων
1133 4519 1163 4577 ιδ
1179 4518 1351 4593 καλούμενον
1366 4522 1416 4592 τῇς
1432 4518 1551 4591 Ἐλαίας

249 4643 279 4702 τδ
301 4641 418 4717 πλησίον
440 4640 578 4720 χωραρίου
600 4644 646 4699 τοῦ
670 4644 746 4698 παπαί
761 4637 955 4718 Θεοχαρίστου,
980 4641 1041 4697 ὅσον
1063 4639 1110 4698 καί
1126 4631 1181 4698 σίέν
1199 4639 1278 4699 ἐστιν,
1304 4639 1395 4718 ἕτερον
1410 4642 1551 4719 χωρὰηιον
