3166 5298
1293 371 1335 434 93

53 555 86 630 είς
105 559 189 634 όνομα
209 562 364 636 τιμώμενον
375 561 396 640 ¹)
411 565 461 637 τῆς
484 559 565 639 ἁγίας
581 562 715 642 μάρτυρος
729 560 876 642 Βαρβάρας
892 561 961 636 μετά
977 567 1026 638 τῆς
1040 568 1128 638 νομῆς
1142 561 1188 622 καὶ
1203 569 1336 644 περιοχῆς

53 681 133 739 οἰοιοῖ·
156 682 286 760 μετόχιον
310 679 350 754 εἰς
371 683 420 758 τὴν
435 681 593 760 Ζελίχοβαν
617 679 656 754 εἰς
677 682 764 757 όνομα
779 677 954 769 [τιμώμενον]
978 688 1023 746 τοῦ
1039 686 1267 765 Ἀρχιοτρατήγου
1282 690 1335 745 τῶν

50 801 109 860 Ἄνω
133 803 297 879 Δυνάμενων
324 804 395 880 μετὰ
420 809 474 864 τῶν
500 806 654 885 προσόντων
681 803 753 884 αυτῷ
779 811 859 886 τριῶν
882 805 1081 885 θδρομυλιθνων
1107 804 1222 868 καὶτοῦ
1246 807 1335 868 ἐκεῖσε

50 928 105 984 νοοῖ
124 929 171 984 τοῦ
193 923 233 996 είς
256 924 344 1000 όνομα
364 927 519 1002 τιμωμένου
540 930 586 986 τοῦ
607 924 685 1004 άγίου
700 925 945 1008 μεγαλομάρτυρος
961 927 1109 1007 Γεωργίου·
1134 926 1174 1000 εἰς
1187 930 1218 988 τό
1233 928 1334 1009 χωρίον

51 1045 305 1126 Τοπροιβαομοῖντον
326 1052 364 1124 γῆ
388 1044 489 1122 μοδίων
512 1047 693 1108 ἑπτακοσίων·
718 1044 857 1122 οἰκήματα
881 1047 1082 1128 ἐργαστηριοικάι
1104 1049 1165 1130 τρία
1188 1049 1263 1122 ἐντός
1285 1055 1334 1126 τῆς

50 1169 148 1241 πόλεως
168 1175 222 1229 τῶν
245 1169 370 1250 Σερρῶν·
401 1171 483 1250 ἕτεροι
510 1167 647 1244 οἰκήματα
669 1168 784 1245 πλησίον
807 1175 855 1246 τῆς
876 1171 978 1250 πόρπας
1000 1175 1047 1231 τοΰ
1069 1175 1163 1250 φόρου·
1196 1170 1334 1234 οίκοτόπια

50 1290 152 1365 πλησίον
174 1295 221 1352 τοῦ
244 1289 412 1364 Συναδηνοιῖ·
437 1291 608 1368 μαγκυπικθν
630 1289 735 1367 οίκημα
757 1289 797 1362 είς
818 1291 868 1366 την
890 1291 1025 1369 γειτονίαν
1047 1294 1097 1369 τὴν
1117 1293 1273 1372 λεγομένην
1288 1298 1334 1354 τοιῖ

50 1411 116 1488 ἁγίου
131 1410 289 1472 Βασιλείου·
314 1414 406 1492 ἕτερον
429 1411 533 1488 οἴκημα
553 1411 670 1486 πλησίον
692 1417 741 1488 τῆς
756 1412 891 1486 Βοότζης·
915 1415 1006 1493 ἕτερον
1029 1413 1134 1490 οίκημα
1155 1413 1272 1492 πλησίον
1287 1419 1333 1476 τοῦ

51 1531 262 1612 Ἱερομνήμονος·
288 1533 383 1609 μόλων
399 1531 568 1612 διόφθολμος
583 1533 755 1614 όλοκαιρινάς
770 1531 810 1605 εἰς
824 1533 871 1594 τόν
887 1532 1064 1615 διερχόμενον
1079 1538 1202 1613 ποταμόν
1216 1537 1333 1614 πλησίον

49 1658 86 1712 τοῦ
106 1655 230 1733 μεγαλου
251 1655 367 1735 πύργου·
396 1656 478 1730 ήμισυ
502 1655 594 1735 ἑτέρου
617 1655 743 1731 μίιλωνος
765 1655 869 1714 ἄνωθεν
892 1655 972 1716 αὺτοῦ
995 1656 1196 1739 εὑρισκομένου,
1226 1661 1265 1731 ὡς
1286 1664 1333 1720 τοῦ

51 1775 129 1854 ἐτέραο
150 1777 275 1852 ἡμίσεως
290 1776 371 1836 αίποῖι
391 1776 578 1854 κατεχομένου
592 1777 667 1858 παρὰ
681 1781 728 1836 τοῦ
745 1777 920 1856 Πραντουλῆ·
944 1779 1037 1858 ἕτερος
1053 1780 1147 1854 μίιλων
1164 1781 1332 1859 διόφθαλμος

49 1897 150 1971 πλησίον
178 1903 226 1959 τοῦ
255 1903 321 1958 ναοῦ
350 1903 403 1958 τῶν
434 1897 520 1978 ἁγίων
543 1895 713 1980 Θεοδώρων·
752 1901 845 1980 ἕτερος
875 1899 969 1974 μύλων
993 1899 1161 1980 διόφθαλμος
1182 1900 1229 1961 καί
1252 1903 1332 1971 αὐτός

49 2017 150 2093 πλησίον
169 2024 216 2080 τοῦ
231 2019 427 2100 παραπορτίου·
452 2022 546 2101 ἕτερος
561 2021 655 2096 μόλων
671 2019 866 2098 μονόφθαλμος
880 2019 997 2096 πλησίον
1012 2025 1058 2082 τοῦ
1074 2023 1329 2102 Στουρακοποίλου·

50 2138 160 2210 ἀμπέλια
183 2141 214 2200 ἐν
236 2138 374 2222 διαφόροις
395 2143 488 2212 τόποις
514 2142 643 2220 σύνεγγυς
665 2145 711 2200 τοῦ
732 2143 848 2223 κάπρου
871 2140 936 2202 ὡσεὶ
957 2142 1059 2217 μοδίων
1079 2143 1163 2204 εἴκοσι
1178 2145 1329 2224 τεσσάρων·

50 2261 128 2340 ἕτερον
151 2263 288 2338 ἀμπέλων
310 2263 429 2339 πλησίον
450 2266 497 2323 τοῦ
512 2261 669 2343 Γεροντίτζη
693 2267 743 2339 της
758 2263 865 2344 Πέτρας
888 2263 989 2339 μοδίων
1013 2261 1056 2337 ἕξ·
1080 2267 1172 2346 ἕτερον
1195 2265 1331 2340 ἀμπέλων

49 2381 149 2458 πλησίον
171 2388 219 2445 τοῦ
239 2388 307 2444 ναοῦ
328 2390 378 2459 τῆς
401 2383 483 2462 ἁγίας
498 2383 623 2464 Μαρίνης
646 2384 748 2460 μοδίων
771 2380 816 2456 ἕξ·
844 2389 882 2462 γή
905 2385 958 2446 ἀπό
980 2384 1167 2466 προσενέξεως
1189 2385 1236 2446 καί
1258 2386 1331 2465 ἀγο-

49 2505 129 2580 ροτίας
158 2503 198 2577 είς
224 2506 271 2564 τόν
292 2507 374 2565 τόπον
396 2506 441 2564 τόν
465 2504 602 2584 Μεριλίαν
624 2503 742 2578 πλησίον
763 2509 817 2564 τῶν
840 2504 1037 2579 Κουβουκλίων
1060 2507 1162 2583 μοδίων
1186 2507 1330 2568 διακοσίων

49 2621 182 2698 ἑξήκοντα·
213 2627 295 2706 ἑτέρα
324 2632 360 2705 γη
392 2624 432 2699 είς
461 2627 510 2701 τὴν
533 2627 641 2686 Κόσναν
671 2626 788 2703 πλησίον
816 2631 866 2704 τῆς
894 2633 948 2706 γῆς
977 2632 1023 2688 τοῦ
1047 2629 1193 2710 Πελαργοό
1216 2627 1331 2690 καὶτοῦ

49 2743 202 2820 δημοοιακοῦ
228 2750 348 2829 συνόρου,
378 2748 424 2808 τίον
449 2753 483 2828 τῇ
510 2753 547 2828 γῇ
574 2753 608 2828 τῇ
634 2747 687 2808 ἀπό
714 2751 760 2808 τοῦ
785 2745 878 2827 Ξυφέα
901 2748 1004 2825 μοδίων
1027 2751 1124 2810 ἑκατόν
1146 2754 1328 2828 πεντήκοντα·

51 2868 117 2949 ἑτέρα
137 2876 173 2948 γή
197 2869 316 2948 πλησίον
337 2873 384 2930 τοῦ
405 2870 531 2950 Τριβόλη
554 2868 649 2945 μοδίου
672 2870 784 2930 ἑκατόν·
818 2871 898 2950 ἑτέρα
921 2875 958 2948 γῆ
981 2868 1199 2951 ίδιοπεριόριστος
1213 2870 1331 2946 πλησίον

49 2997 88 3064 τῆς
107 2997 157 3070 γῆς
178 2997 233 3052 τῶν
249 2989 445 3066 Κουβουκλίων
467 2991 515 3052 καί
537 2997 585 3068 τῆς
607 2997 661 3070 γῆς
676 2996 723 3052 τοῦ
739 2990 886 3071 Πελαργοῡ
902 2991 1004 3068 μοδίων
1018 2993 1118 3070 χιλίων
1133 2992 1329 3071 τετρακοσίων·

51 3111 118 3192 ἑτέρα
138 3120 174 3194 γη
199 3112 239 3186 είς
260 3115 292 3173 τό
315 3113 446 3189 Λιβάδιον
469 3112 571 3189 μοδίων
594 3111 763 3194 τριακοσίων,
793 3113 856 3172 ἄνευ
877 3118 927 3188 τῆς
951 3113 1039 3174 ἐκεῖσε
1064 3112 1328 3190 ἐξαλειμμαιικήςί)

50 3238 92 3308 γῆς
114 3241 158 3296 τοῦ
179 3237 304 3315 Δραγόη,
336 3234 364 3294 έν
386 3229 405 3316 ᾖ
429 3234 594 3316 εὑρίσκονται
616 3233 663 3294 καί
686 3234 838 3310 μυλοτόπια
860 3233 919 3294 δύο·
956 3236 1037 3316 ἑτέρα
1058 3241 1095 3316 γῆ
1119 3235 1159 3308 είς
1180 3236 1226 3294 τόν
1248 3237 1329 3296 τόπον

50 3359 86 3413 τοί
105 3357 224 3438 Βερνάρη
249 3355 351 3433 μοδίων
373 3356 547 3438 τριακοσίων·
570 3355 633 3437 περί
654 3357 699 3416 τόν
723 3357 840 3416 Ποίνακα
861 3358 944 3426 τόπος
965 3360 1096 3438 χερσαῖος
1117 3357 1164 3418 καὶ
1187 3358 1328 3437 ἀνήροτος,

52 3471 82 3546 εἰς
107 3479 134 3536 όν
162 3479 362 3557 κατεφύτευσαν
392 3477 494 3559 δένδρα
524 3478 639 3538 έλαϊκά·
670 3477 717 3538 καὶ
750 3476 890 3539 οἰκοτόπια
911 3478 1027 3556 πλησίον
1049 3484 1096 3540 τοῦ
1117 3482 1329 3562 νεουργηθέντος

51 3595 214 3682 πσραπορτίου
245 3601 292 3660 σάν
320 3599 360 3679 τῷ
390 3600 481 3660 ἐκεῖσε
507 3599 566 3680 ναῷ
594 3605 644 3678 τῆς
673 3599 823 3682 ὑπεραγίας
846 3599 984 3662 Θεοτόκου
1012 3607 1061 3676 τῆς
1085 3600 1282 3684 Ὀδηγητρίας.
1309 3603 1328 3680 ἡ

53 3714 163 3786 βασιλεία
191 3741 243 3798 μου
273 3721 319 3782 διὰ
347 3723 395 3796 τὴν
426 3722 563 3798 μεσιτείαν
590 3727 635 3782 τοῦ
658 3723 833 3798 δηλωθέντος
854 3725 1034 3804 περιποθήτου
1055 3722 1112 3783 υίοιῖ
1133 3722 1181 3783 καί
1202 3725 1329 3804 γαμβροῦ

54 3839 126 3922 θεῖς,
147 3848 193 3904 τοῦ
215 3841 386 3920 ὑψηλοτάτου
401 3843 492 3924 κράλη
509 3843 636 3924 Σερβίας,
652 3841 699 3904 καὶ
714 3849 763 3918 τῆς
777 3845 956 3924 περιποθήτου
972 3846 1104 3925 θυγατρός
1118 3850 1168 3920 τῆς
1184 3845 1328 3920 βασιλείας

53 3977 101 4038 μου,
126 3970 174 4039 της
200 3964 374 4042 θφηλοτάιης
395 3965 558 4046 κραλαίνης,
590 3965 636 4026 τόν
657 3968 777 4046 παρόντα
799 3965 1005 4046 χρυσόβουλλον
1028 3967 1114 4046 λόγον
1138 3961 1243 4051 [αὺτῆς]
1266 3966 1327 4026 ἐπι-

53 4089 149 4164 χορηγεῖ
168 4084 216 4147 καί
239 4085 413 4167 ἐπιβραβεθει
427 4093 460 4170 τῇ
476 4085 634 4169 δηλωθείση
653 4087 790 4172 σεβασμίφι
805 4095 885 4171 μονῇ,
909 4089 943 4148 δι’
960 4082 991 4148 οὗ
1004 4085 1164 4168 προστάσσει
1178 4085 1225 4147 καί
1241 4086 1327 4167 διορί-

54 4201 111 4268 ίεται
123 4209 249 4287 κατέχειν
273 4208 355 4284 ιιίιιὴν
377 4207 410 4268 τά
433 4209 561 4290 ἀνωτέρω
583 4211 654 4270 κατὰ
677 4211 761 4290 μέρος
782 4210 952 4289 δηλωθέντα,
975 4212 1054 4269 τότε
1071 4207 1327 4288 ἀπδπροσενέξεως

54 4323 89 4383 καί
106 4329 136 4388 τά
157 4327 187 4403 ἐξ
206 4329 357 4411 ἀγορασίας
375 4328 422 4390 καί
442 4331 623 4413 ἀλλοτρόπως
638 4331 819 4414 περιελθόντα
834 4333 901 4414 αῦτη
916 4331 1110 4411 ἀναφαιρέτως,
1133 4330 1327 4408 ἀνενοχλήτως

56 4444 91 4504 ναί
102 4448 271 4526 ἀδιαοείστως
287 4453 357 4530 μετὰ
372 4455 462 4529 πάσης
476 4459 525 4530 τῆς
541 4459 628 4530 νομῆς
642 4452 689 4514 καὶ
704 4459 836 4534 περιοχῆς
850 4453 898 4512 καί
908 4457 962 4511 τῶν
974 4451 1086 4512 δικαίων
1098 4453 1184 4512 ἀυτῶν
1196 4452 1267 4512 κατὰ
1277 4453 1326 4524 τὰς

57 4599 235 4619 Ἢ..-

139 4711 157 4779 1)
175 4711 325 4782 καλούμενον
343 4711 368 4762 S.
441 4711 461 4778 ²)
481 4709 669 4780 ἐκλειωριατικῆς
689 4711 715 4762 S.
