3222 5284
251 345 315 410 352

248 542 266 614 ἡ
289 541 435 620 κελλαρέα
457 542 524 622 αθτῆ
549 540 710 622 ἐπιτρέψειε,
733 537 781 600 καί
804 543 833 601 ἐν
857 543 924 622 οιότῆ
947 541 978 601 δὲ
1000 548 1033 624 τῆ
1059 543 1172 604 ἑστιάσει
1196 543 1389 624 περιέρχεσθαι
1410 544 1464 617 τὴν
1483 544 1547 621 τρά-

248 665 333 732 πεζαν
355 665 445 741 ἡσυχῆ
468 663 515 724 καὶ
537 665 679 745 ῆρεμαίως
702 663 873 746 δφειλουσαν,
896 663 944 725 καί
967 665 994 725 εἴ
1013 687 1086 738 τινας
1101 665 1155 727 ἰ’δοι
1170 673 1223 726 τῶν
1239 666 1367 746 ἀδελφῶν
1383 665 1549 743 διοχλοῦσας

248 784 295 845 καὶ
318 789 520 867 ταραττομένας
542 791 560 862 ἢ
585 789 782 869 ψιθυριζσύσας,
805 789 897 869 ἠρέμα
918 790 1018 860 ταύτας
1039 790 1156 867 ἡσυχίας
1178 789 1392 865 ύπομιμνῆσκειν
1413 786 1464 848 καί
1481 808 1548 861 σομ-

249 907 389 982 βουλεύειν
413 909 505 981 αδταῖς
527 909 646 986 ψάλλειν
670 909 741 969 κατὰ
756 913 816 968 νοῦν
839 908 886 968 καὶ
909 908 1021 985 ὁμιλίας
1044 910 1204 989 ἀπέχεσθαι.
1235 909 1283 970 καὶ
1297 912 1406 992 προσέτι
1428 908 1548 986 μελήσει

247 1030 330 1113 ταύτῃ
352 1028 399 1090 καί
422 1032 440 1104 η
463 1029 516 1090 τῶν
540 1030 667 1109 ἀδελφῶν
691 1028 874 1111 ἀκριβολογία
896 1029 942 1091 καὶ
966 1033 995 1092 τδ
1019 1031 1069 1107 μὲν
1093 1032 1131 1108 μὴ
1156 1031 1299 1110 ἀγνοῆσαι,
1322 1033 1363 1104 τίς
1386 1031 1434 1106 μὲν
1461 1031 1549 1090 αώτῶν

250 1153 279 1212 ού
302 1157 392 1233 παρῆν
417 1152 445 1211 ἐν
468 1159 501 1233 τῇ
525 1153 692 1234 εδχαριστίφι,
715 1151 755 1224 τίς
778 1151 809 1212 δὲ
832 1152 983 1232 ἀπελείφθη
1007 1151 1047 1226 είς
1069 1154 1118 1228 τὴν
1141 1153 1257 1214 ἐπίασιν
1279 1151 1326 1214 καί
1349 1151 1411 1233 περὶ
1430 1150 1549 1226 ἑκάστης

248 1273 436 1354 ἀναγγέλλειν
458 1280 491 1356 τῆ
514 1276 683 1358 προεστώαη,
707 1278 725 1350 ῆ
740 1275 801 1334 κατ’
815 1273 915 1334 οἰκείαν
937 1275 1071 1354 ἑπιλογῆν
1087 1295 1117 1335 τε
1132 1274 1180 1335 καὶ
1194 1279 1332 1357 πρύκρισιν
1347 1275 1397 1347 τὰς
1413 1275 1548 1334 διακονεῖν

249 1397 419 1476 ὀφειλούσας,
443 1397 481 1468 ώς
503 1396 641 1469 πολλάκις
665 1395 778 1478 εἴρηται,
801 1399 1028 1478 προχειριζομένη
1053 1399 1096 1458 ἐπ’
1109 1396 1205 1470 ἀδείας
1229 1395 1285 1471 ἕξει
1307 1399 1356 1470 τάς
1373 1398 1422 1474 μὲν
1439 1399 1547 1456 ἀκατα-

248 1521 377 1598 γνώστως
400 1519 448 1594 τὴν
472 1520 657 1578 πιοτευθεῖσαν
680 1519 845 1600 ἐνεργούσας
869 1519 1006 1580 διακονίαν
1024 1520 1081 1600 ἐᾶν,
1106 1519 1179 1599 εἴγε
1200 1521 1337 1600 βούλοιτο,
1362 1519 1406 1580 ἐπὶ
1420 1521 1548 1580 πλεῖστον

248 1640 357 1712 ταύταις
380 1640 600 1720 ἑνασχολεῖσθαι,
631 1641 680 1711 τὰς
703 1639 734 1699 δὲ
758 1641 796 1716 μὴ
820 1641 859 1712 ὡς
881 1641 969 1722 θέμις,
998 1640 1078 1723 (ὅπερ
1101 1638 1330 1724 ἀπείη),ιταύτας
1354 1642 1546 1720 μεταχειριζο-

249 1765 335 1839 μένας
357 1764 395 1834 ὡς
418 1761 565 1838 ἀδοκίμους
588 1765 752 1842 μετακινεῖν,
777 1763 872 1843 ἑτέρας
895 1762 926 1822 δὲ
950 1763 1145 1824 ἀντικαθιστάν.
1176 1763 1223 1823 καί
1245 1764 1331 1838 ἡμὲν
1352 1764 1545 1840 καθηγουμένη

250 1882 293 1944 ἐπί
316 1885 424 1956 ταύταις
445 1881 543 1964 πράξει
564 1884 599 1943 τὰ
620 1884 691 1944 κατὰ
713 1887 827 1962 γνώμην
851 1885 933 1966 ἑαυτῆ
956 1882 1003 1944 καὶ
1026 1885 1180 1966 ἀρέσκειαν.
1216 1885 1274 1962 ἐγὼ
1298 1885 1330 1944 δὲ
1351 1888 1450 1956 πείσαις
1470 1905 1544 1962 παρ-

249 2005 446 2084 αγγέλω-ταῖς
478 2007 618 2081 ἡντιναοῦν
649 2005 786 2065 διακονίαν
809 2009 1033 2082 πεπιστευμένοις
1057 2009 1139 2086 μέχρι
1161 2012 1214 2065 τῶν
1239 2007 1362 2084 ἐσχάτων
1386 2005 1432 2066 οιαὶ
1454 2007 1492 2076 ώς
1517 2004 1544 2062 ἐν

249 2129 327 2207 μέρει
349 2126 462 2206 χάριτος
494 2125 560 2187 αἰτῶ
590 2127 655 2207 παρ’
669 2129 755 2187 αὐτῶν
778 2129 808 2187 τδ
830 2127 928 2200 καλῶς
949 2149 980 2187 τε
1002 2126 1049 2188 καί
1080 2127 1214 2207 θεοφιλῶς
1239 2129 1355 2202 ἑκάστην
1378 2129 1425 2202 τὴν
1448 2129 1544 2200 ἑαυτῆς

249 2248 336 2308 ἀνύειν
367 2248 504 2310 διακονίαν
527 2247 574 2308 καί
596 2249 665 2308 ούτω
697 2249 848 2308 διακεῖσθαι
869 2251 936 2328 πρδς
958 2251 1006 2324 τὴν
1029 2254 1082 2308 τῶν
1106 2248 1260 2323 ἀνηκόντων
1292 2243 1475 2328 ἐκπλήρωσιν,
1506 2247 1543 2316 ὡς

247 2368 294 2428 καί
316 2372 511 2445 πιστευομένοις
534 2369 568 2430 τά
590 2375 637 2429 τοῦ
659 2371 722 2430 θεοῦ
744 2368 844 2449 καὶτῷ
860 2369 916 2448 θεῷ
931 2367 1080 2449 ύφεξούσας
1095 2372 1140 2430 τδν
1158 2369 1200 2429 ἐπὶ
1216 2371 1319 2442 τούτοις
1334 2369 1431 2450 λόγον,
1454 2372 1542 2445 ῶσπερ

249 2494 308 2570 ἔχει
331 2491 378 2552 καὶ
400 2494 418 2566 ἠ
442 2491 574 2566 ἀλήθεια·
599 2493 687 2550 πάντα
709 2491 764 2572 γὰρ
786 2493 801 2550 δ
824 2493 1013 2572 φιλάνθρωπος
1037 2493 1100 2566 θεδς
1122 2493 1157 2551 τὰ
1171 2493 1234 2572 παρ’
1246 2494 1326 2568 ἡμῶν
1342 2491 1382 2563 είς
1403 2491 1542 2566 ἀλλήλους

247 2615 379 2693 γινόμενα
409 2613 607 2693 φιλανθρώπως
630 2611 670 2686 είς
701 2615 795 2674 έαυτδν
818 2614 993 2692 ἀναδέχεται,
1024 2614 1117 2687 καθώς
1139 2614 1173 2674 τὰ
1195 2614 1255 2692 ἱερὰ
1278 2612 1448 2674 διδάσκουσιν
1469 2615 1542 2687 ἡμᾶς

248 2735 410 2815 εὐαγγέλια,
442 2735 471 2794 ἐν
494 2729 534 2806 οἷς
557 2734 650 2814 λέγων
675 2736 754 2807 αθτδς
777 2736 911 2815 φαίνεται·
949 2737 1010 2817 ,ἐφ’
1024 2739 1087 2797 ὅσον
1111 2737 1255 2812 ἐποιήσατε
1278 2734 1319 2796 ἑνὶ
1340 2737 1451 2815 τούτων,
1483 2733 1541 2810 ἐμοὶ

248 2859 403 2936 ἐποιήσατε,
433 2855 480 2916 καὶ
503 2858 543 2936 ἐφ’
557 2859 619 2917 δσον
642 2857 691 2916 ούκ
721 2857 875 2938 ἐποιήσατε,
908 2858 971 2919 οθδὲ
1002 2857 1064 2934 ἐμοὶ
1095 2859 1271 2934 ἐποιήσατείί.
1317 2857 1364 2918 καί
1391 2859 1541 2938 παρακαλῶ

247 2980 395 3057 δλοψύχως
424 2984 477 3039 τῶν
513 2979 655 3040 διακονιῶν
687 2979 798 3058 ἔχεσθαι
828 2979 875 3039 καί
903 2980 941 3055 μὴ
973 2979 1115 3060 ὀλιγωρεῖν
1143 2984 1161 3055 ῆ
1191 2981 1399 3061 ἀπογινώσκειν,
1430 2983 1467 3050 ὡς
1495 2981 1540 3052 τὴν

248 3103 350 3160 ἑαυτῶν
374 3100 587 3173 ἀπολωλεκυίας
610 3101 756 3182 ὠφέλειαν,
781 3097 1043 3177 ἁπολιμπανομένας
1064 3108 1118 3160 τῶν
1141 3101 1221 3161 θείων
1241 3100 1379 3175 συνάξεων
1396 3103 1429 3161 ἐκ
1443 3107 1489 3176 τῆς
1504 3098 1541 3169 είς

246 3223 296 3296 τὰς
319 3223 458 3296 διακονίας
486 3223 631 3304 ἀσχολίας,
664 3224 732 3284 ἀλλ’
746 3225 867 3300 εδθύμως
891 3223 1001 3298 μᾶλλον
1025 3225 1100 3302 ἔχειν
1123 3223 1169 3284 καί
1190 3225 1373 3305 χαρμοσύνως
1397 3224 1539 3284 διακελεύ-

249 3365 323 3423 ομαι,
347 3347 386 3404 ὅτι
410 3345 549 3423 ἐνίσχυσεν
572 3345 653 3417 αιίτάς
675 3346 690 3403 δ
705 3347 796 3426 κύριος
811 3348 869 3416 ταῖς
888 3347 1045 3426 πρεσβείαις
1060 3353 1108 3422 τῆς
1124 3345 1303 3428 ἀπειράνδρου
1318 3345 1365 3405 καί
1381 3347 1540 3426 Κεχαριτω-

248 3469 333 3543 μένης
364 3467 466 3548 μητρδς
496 3469 575 3526 αδτοδ
596 3469 656 3538 ταῖς
679 3469 765 3527 αὐτῶν
796 3466 929 3547 ἀδελφαῖς
951 3469 1022 3528 κατὰ
1052 3467 1164 3544 μίμησιν
1188 3467 1292 3528 ἐκείνου
1316 3467 1484 3544 διακονῆσαι,
1515 3467 1541 3536 ές

247 3607 338 3667 φησιν·
371 3591 441 3667 ,οὒκ
469 3584 556 3664 ἦλθον
587 3589 790 3670 διακονηθῆναι,
822 3590 901 3650 ἀλλά
931 3589 1089 3666 διακονῆσαι
1118 3587 1166 3650 καὶ
1195 3591 1280 3650 θεῖναι
1302 3590 1351 3667 τῆν
1380 3593 1470 3668 ψυχήν
1493 3611 1541 3664 μου

247 3711 343 3790 λύτρον
367 3709 424 3770 ἀντὶ
451 3710 598 3770 πολλῶνίί.
634 3711 724 3792 δρᾶτε,
755 3712 885 3794 ἀδελφαί,
914 3717 990 3774 ποῖον
1019 3712 1095 3774 αθταὶ
1118 3714 1199 3794 ἔργον
1222 3712 1425 3793 ἀποπληροῦτε,
1456 3713 1540 3791 δρᾶτε,

246 3831 306 3892 τίνα
330 3833 466 3912 μιμεῖσθε,
490 3831 619 3914 βλέπετε,
644 3834 684 3892 δτι
705 3834 735 3892 τδ
757 3834 909 3913 κεφάλαιον
931 3837 1033 3908 παντδς
1055 3836 1159 3920 ἀγαθοῖν
1173 3833 1222 3910 τὴν
1238 3835 1347 3914 ἀγάπην
1368 3835 1539 3914 μετέρχεσθε.

246 3954 353 4033 χαίρειν
377 3953 427 4030 μὲν
453 3951 499 4014 οὖν
522 3953 632 4016 δεῖκαὶ
654 3960 763 4036 σκιρτάν
786 3956 867 4036 ὑμᾶς,
891 3960 931 4018 δτι
954 3959 968 4016 δ
991 3957 1072 4033 μάλις
1096 3955 1210 4016 δύναιντ’
1223 3960 1255 4015 ἀν
1278 3959 1448 4038 κατορθῶσαι
1471 3957 1541 4035 αἰτῆ

248 4077 316 4158 εδχῆ
339 4077 564 4158 προσανέχουσαι,
589 4077 662 4158 ἔργῳ
684 4079 746 4138 καθ’
760 4079 875 4155 ἑκάστην
900 4077 977 4140 αθταὶ
1000 4079 1180 4161 έκπληροῡτε,
1204 4077 1336 4159 μακάριοί
1357 4077 1418 4138 ἐστε
1433 4085 1483 4154 τῆς
1499 4079 1539 4138 ἐν-

247 4199 331 4259 ταῦθα
354 4197 488 4277 ἀσχολίας
511 4199 557 4260 καί
581 4200 718 4277 ζηλωταί·
741 4201 817 4277 καλὴ
841 4201 892 4277 μὲν
914 4202 968 4282 γὰρ
991 4201 1038 4261 καί
1059 4203 1077 4277 ἡ
1100 4201 1239 4283 προσευχὴ
1262 4200 1309 4261 καὶ
1332 4201 1438 4280 σφόδρα
1460 4202 1539 4276 καλή,

246 4319 302 4400 θεῷ
331 4323 507 4402 προσομιλεῖν
538 4323 612 4398 ἡμᾶς
641 4327 753 4384 ποιοῦσα
775 4321 822 4384 καί
846 4325 898 4384 ἀπδ
921 4330 974 4404 γῆς
997 4322 1037 4396 είς
1068 4326 1179 4405 οδρανδν
1208 4322 1328 4405 αἴρουσα,
1360 4325 1491 4404 κρείσσων
1513 4323 1541 4382 δὲ

247 4445 302 4524 ἀρα
324 4445 370 4504 καί
394 4444 494 4520 μείζων
521 4444 623 4524 πολλῷ
645 4447 732 4506 πλέον
754 4448 772 4521 ἡ
796 4447 904 4525 ἀγάπη·
937 4447 1028 4524 ἐκείνη
1052 4447 1179 4528 μὲνγὰρ
1203 4449 1288 4528 μέρος
1311 4445 1411 4526 ἀρετῆς
1433 4445 1479 4506 καί
1501 4449 1541 4504 τοῦ

248 4567 316 4626 θλου
340 4569 440 4648 μέρους
462 4575 511 4643 τῆς
533 4567 706 4644 τελειότητος
730 4569 880 4644 ἀπδτμημοί
902 4591 926 4629 τι
948 4568 995 4628 καὶ
1019 4571 1122 4648 μδριον,
1152 4570 1171 4646 ἡ
1195 4569 1226 4628 δὲ
1250 4565 1345 4648 ἀγάπη
1367 4569 1477 4648 κεφαλὴ
1499 4565 1538 4626 καί

246 4689 428 4769 ἀπαρτισμάς·
461 4689 507 4749 καί
530 4691 584 4772 γάρ
607 4689 652 4750 καὶ
675 4691 724 4766 τὴν
747 4693 875 4768 ύψοποιδν
902 4691 1061 4751 ταπείνωσιν
1085 4693 1299 4770 συνεζευγμένην
1323 4693 1405 4772 ἑαυτῆ
1430 4692 1537 4750 δείκνυσι
