3486 5282
1351 378 1412 443 221

121 571 207 650 Μέγα
231 545 388 648 Σπηλαιόν·
421 571 578 653 ἐνεφανίοθη
604 573 658 654 γάρ
685 572 739 650 ἤδη
762 575 827 649 ἡμῖν
855 575 1050 654 τατριαρχικθν
1079 573 1218 634 ουνοδικθν
1241 573 1417 653 οιγιλλιῶδες

120 697 240 774 γράμμα
266 699 312 756 τοιῖ
339 691 462 772 ἀοιδίμου
490 697 519 755 ἐν
545 697 725 776 τατριάρχαις
749 696 869 775 Παϊσίου,
901 697 1040 775 ἐπικυροῦν
1062 695 1120 758 ἴσον
1143 695 1257 776 ἀρχαίου
1279 695 1418 756 συνοδικοϋ

119 819 287 896 γράμματος
308 823 355 880 τοῦ
377 817 501 894 ἀοιδίμου
524 815 714 904 [πατριάρχου]
738 783 895 900 Παρθενίου,
917 821 1102 899 περιέχοντος,
1126 820 1166 878 ότι
1188 819 1218 877 πθ
1239 820 1417 899 μουαοτηριον

119 943 196 998 τοῦτο
227 940 289 1018 ἔχει
314 941 363 1016 την
389 942 491 1015 σεπιὴν
519 939 566 1001 καί
592 925 667 1022 ίεράν
690 939 783 1002 εἰκόνα
805 947 855 1018 τῆς
878 943 1044 1022 θεομήτορος
1066 941 1115 1016 τὴν
1138 941 1321 1020 ἱστορηθεῖσαν
1343 939 1417 1021 παρὰ

118 1065 164 1120 τοῦ
185 1065 366 1142 πανευφημου
388 1063 540 1124 ἀποστόλου
561 1062 608 1124 καὶ
631 1063 826 1142 εθαγγελιστοῦ
845 1065 949 1142 Λουκᾶ,
971 1061 1018 1122 καί
1041 1065 1080 1123 ότι
1103 1063 1235 1122 ἀνέκαθεν
1257 1063 1302 1122 διὰ
1324 1062 1417 1140 οιγιλ-

119 1182 186 1242 λίων
210 1163 260 1244 καί
283 1184 433 1258 βασιλικῶν
455 1185 669 1266 χρυσοβοθλλων
692 1191 912 1268 σταυροπηγιακῇ
935 1182 998 1268 ἀξίᾳ
1020 1186 1159 1262 τετίμηται
1180 1183 1232 1244 καί
1246 1186 1286 1244 ότι
1302 1184 1331 1244 ἐν
1347 1173 1414 1258 συμ-

120 1306 191 1388 βάσῃ
217 1307 278 1368 ἐκεῖ
299 1309 426 1392 πυρκαῖᾷ,
448 1311 641 1370 κατακαέντων
664 1310 772 1370 πάντων
788 1314 841 1368 τῶν
858 1310 887 1368 ἐν
902 1306 940 1386 τῷ
956 1307 1176 1388 σκευοφυλακείῳ
1190 1306 1416 1388 χρυσοβοθλλων,

119 1427 268 1506 σιγιλλίων
290 1429 337 1490 καὶ
361 1430 457 1492 ἀλλων
479 1434 649 1512 γραμμάτων
672 1451 701 1490 τε
723 1428 771 1491 καὶ
793 1432 970 1510 πραγμάτων,
995 1429 1076 1506 μόλις
1099 1429 1124 1490 οἱ
1144 1429 1203 1490 ἐκεῖ
1216 1430 1333 1508 πατέρες
1347 1427 1416 1502 ἠδυ-

119 1553 243 1628 νήθησαν
266 1553 396 1614 διασῶσαι
418 1555 466 1629 τὴν
490 1555 617 1636 ῥηθεῖσαν
635 1553 711 1634 ίεράν
727 1551 829 1632 εἰκόνα,
852 1556 967 1634 χάριτας
983 1553 1114 1634 βρθουσαν
1129 1555 1184 1623 τοῖς
1200 1551 1259 1626 μετ’
1270 1549 1417 1624 εὺλαβείας

118 1678 364 1756 προσερχομένους,
391 1674 439 1736 καὶ
465 1677 690 1756 ἀποφαινόμενον,
718 1676 762 1736 ἵνα
787 1677 817 1736 τό
841 1678 1020 1757 μοναστήριον
1047 1679 1123 1736 τοῦτο
1146 1673 1217 1734 κατὰ
1244 1675 1273 1734 τό
1297 1675 1417 1734 ἔκπαλαι

119 1797 233 1880 ὑπάρχῃ
255 1799 342 1873 πάντη
367 1797 511 1878 ἐλεύθερον
534 1801 731 1879 σταιροπηγιον
755 1797 900 1874 μετὰτῶν
922 1797 1124 1858 ὑποτελούντων
1147 1795 1219 1875 αυτῷ
1236 1795 1265 1855 ἐν
1281 1795 1416 1876 διαφόροις

118 1921 214 1990 τόποις
238 1922 371 1996 κειμένων
394 1921 541 2000 μετοχίων,
565 1923 641 1980 ἀτινα
664 1918 714 1980 εἰσί
736 1923 832 1980 ταῦτα·
854 1921 884 1980 πθ
907 1919 978 1980 κατά
1000 1919 1034 1980 τά
1057 1921 1158 2000 Μαῦροι
1177 1918 1266 1979 Βουνά
1288 1921 1416 1996 μετόχιον

118 2041 163 2098 ‹im›
188 2047 224 2122 τῇ
249 2042 385 2124 ἐκκλησίᾳ
406 2047 452 2104 τοῦ
475 2042 553 2122 ἀγίου
566 2043 707 2104 Νικολάου
729 2042 775 2102 καὶ
797 2046 854 2114 τοῖς
877 2045 1058 2120 συνημμένοις
1081 2038 1152 2120 αθτῷ
1171 2043 1277 2112 τόποις·
1301 2043 1331 2100 τό
1346 2040 1417 2100 κατὰ

119 2164 151 2220 τόι
178 2163 288 2242 Τρυπία
317 2163 388 2238 μετά
416 2171 466 2240 τῆς
493 2165 644 2241 ἐκκλησίας
669 2169 715 2227 τοῦ
742 2162 821 2246 ἁγίου
848 2168 976 2226 Ἰωάννου
1001 2169 1048 2226 τοῦ
1073 2165 1264 2246 Χρυσοστόμου
1290 2161 1336 2222 καί
1361 2168 1415 2222 τῶν

119 2286 209 2344 τόπων
234 2285 327 2344 αὺτοό·
358 2287 473 2365 όάγιος
496 2287 637 2360 Νικόλαος
660 2289 729 2364 μετὰ
751 2294 805 2348 τῶν
828 2289 993 2368 ἐλαιοφὺτων
1015 2286 1062 2347 καί
1084 2292 1138 2346 τῶν
1160 2287 1249 2346 τόπων
1272 2286 1363 2346 οούτοῦ·
1385 2287 1416 2344 τδ

119 2406 189 2465 κατὰ
213 2406 263 2482 τὴν
288 2407 507 2488 Πανηγυρίστραν
531 2409 601 2486 μετὰ
622 2415 671 2486 τῆς
695 2409 845 2486 ἐκκλησίας
865 2416 916 2485 τῆς
935 2407 1029 2489 Ἀγίας
1044 2409 1161 2490 Τριάδος
1184 2406 1230 2468 καὶ
1252 2413 1305 2466 τῶν
1326 2409 1416 2467 τόπων

121 2531 214 2590 αῖποό·
238 2531 270 2590 τό
292 2531 363 2590 κατὰ
385 2533 430 2591 τόν
453 2532 650 2612 σταυροέλατον
666 2533 736 2608 μετὰ
749 2538 799 2610 τῆς
814 2532 967 2609 ἐκκλησίας
982 2537 1034 2592 τῶν
1050 2499 1181 2592 Εἰσοθίων
1196 2529 1243 2590 καὶ
1258 2535 1311 2590 τῶν
1326 2531 1415 2590 τόπων

121 2653 214 2712 αἰτοῦ·
239 2655 271 2712 τό
297 2653 368 2713 κατά
394 2655 442 2730 τὴν
465 2656 613 2731 Σάλμεναν
640 2656 710 2731 μετά
736 2662 785 2732 τῆς
814 2651 965 2731 ἐκκλησίας
991 2661 1044 2715 τῶν
1071 2653 1156 2734 ἁγίων
1184 2653 1344 2714 ἀποστόλων
1369 2651 1416 2712 καί
1457 2655 1459 2660 ’

119 2779 171 2832 τῶν
199 2777 292 2834 τόπων
316 2777 407 2836 αὐτοό·
439 2778 469 2838 τό
491 2773 562 2837 κατὰ
584 2777 618 2837 τὰ
640 2776 756 2858 Σταυρία
779 2777 850 2854 μετὰ
870 2784 920 2854 τῆς
943 2777 1093 2854 ἐκκλησίας
1114 2781 1164 2853 τῆς
1187 2774 1267 2856 άγίας
1290 2774 1416 2856 Μυρίνης

119 2895 164 2954 καὶ
195 2901 251 2956 τῶν
280 2898 369 2957 τόπων
391 2898 485 2958 αἰτοῦ·
516 2899 547 2958 τό
576 2899 647 2960 κατὰ
677 2901 725 2976 τἠν
749 2899 926 2976 Γουμένιτίαν
949 2899 993 2959 σθν
1016 2901 1072 2971 τοῖς
1094 2899 1185 2970 τόποις
1209 2898 1302 2958 αυτοῦ·
1332 2897 1362 2956 τό
1386 2897 1415 2956 ἐν

119 3023 151 3099 τῇ
174 3018 294 3101 Παλαιᾷ
317 3019 412 3103 Πάτρφι
434 3021 560 3096 όσπητιον
582 3021 628 3080 συν
652 3021 750 3093 ἀλλοις
771 3023 877 3094 τόποις·
907 3023 939 3080 τό
962 3021 990 3080 ἐν
1012 3019 1052 3098 τῷ
1074 3020 1251 3100 Καλαμακίῳ
1274 3018 1344 3095 μετὰ
1365 3025 1414 3095 τῆς

121 3139 274 3218 ἐκκλησίας
300 3140 347 3202 καί
373 3148 428 3203 τῶν
453 3147 544 3203 τόπων
572 3145 665 3204 αθτοῖι·
694 3146 725 3204 τό
748 3143 833 3222 Μέγα
855 3143 1009 3219 Ἀμπέλιον
1032 3142 1103 3218 μετὰ
1123 3148 1174 3219 τῆς
1197 3140 1347 3216 ἐκκλησίας
1369 3143 1416 3201 τοῦ

120 3263 199 3340 ἁγίου
224 3262 395 3326 Ἀθανασίου·
426 3266 456 3324 τθ
484 3265 569 3347 ἀυτῇ
596 3265 725 3347 Βοσιίτζῃ
752 3268 880 3344 μετόχιον
909 3265 979 3342 μετὰ
1005 3269 1058 3324 τῶν
1080 3265 1170 3325 τόπων
1193 3265 1272 3324 αἰιτοῦ
1294 3261 1342 3324 καὶ
1365 3265 1415 3323 όοα

121 3384 199 3445 ἀλλα
229 3379 364 3466 ἀμπέλια,
394 3389 531 3468 χωράφια,
561 3387 675 3468 κήπους,
706 3387 806 3468 δένδρα
836 3386 882 3448 καί
914 3386 991 3447 ἀλλα
1022 3382 1199 3468 ἀφιερώματα
1229 3386 1288 3464 έχει
1321 3386 1350 3446 ἐν
1381 3390 1414 3468 τῇ

121 3505 241 3591 ἐπαρχίᾳ
265 3507 396 3570 Παλαιῶν
421 3509 536 3588 Πατρῶν
563 3509 609 3570 καὶ
635 3512 694 3582 ταῖς
716 3509 906 3586 ὑποκειμέναις
929 3512 995 3592 αθτῄ
1019 3509 1184 3582 ἐπιοκσπαῖς.
1222 3508 1292 3585 μετὰ
1313 3513 1414 3570 τοθτων

121 3627 164 3689 οὖν
197 3627 246 3689 καὶ
276 3631 347 3706 μετὰ
375 3635 482 3693 πάντων
510 3638 564 3693 τῶν
593 3631 699 3694 λοιπῶν
721 3635 868 3710 κτημάτων
891 3631 938 3694 καί
960 3635 1128 3714 πραγμάτων
1150 3631 1197 3693 καί
1220 3631 1415 3712 ἀφιερωμάτων

121 3753 201 3812 αὐτοῦ
230 3750 347 3832 ὑπάρχει
373 3757 579 3836 οταυροπίργιον,
610 3753 656 3815 καί
679 3755 791 3827 ότωςό
820 3755 973 3834 ἡγούμενος
996 3755 1049 3837 ἔχη
1071 3756 1120 3832 τὴν
1143 3753 1239 3814 ἀδειαν
1262 3752 1416 3832 σφραγίζειν

121 3873 299 3953 ἀναγνώστας
326 3875 403 3935 ἔνδον
428 3881 478 3954 τῆς
509 3883 595 3953 μονῆς
623 3875 671 3937 καὶ
697 3878 830 3957 παρέχειν
853 3859 948 3937 άδειαν
970 3875 1095 3949 καὶτοῖς
1118 3873 1203 3950 ἀξίοις
1225 3876 1416 3958 ίερομονάχοις

122 3993 252 4074 δέχεσθαι
274 3997 336 4068 τοθς
358 3997 506 4078 λογισμοὺς
529 4003 582 4059 τῶν
605 4000 828 4076 συνασκουμένων
849 4001 984 4080 πατέρων,
1006 3997 1053 4060 καί
1076 3997 1172 4074 μηδείς
1188 4003 1240 4058 τῶν
1256 3999 1416 4078 ἡγουμένων

124 4115 233 4194 δόνιγται
266 4119 394 4180 καθιστᾶν
428 4120 585 4201 ἐπιτρόπους
617 4120 763 4198 κοσμικοθς
796 4119 843 4181 καὶ
877 4121 991 4192 λαῖκοθς
1024 4120 1125 4201 ἀνδρας
1159 4119 1202 4180 ἐπὶ
1235 4121 1273 4201 τῷ
1304 4122 1416 4203 θεωρεῖν

122 4241 343 4322 μοναοτηριακόις
365 4243 450 4302 αἰτιῶν
473 4243 622 4322 ὑποθέσεις,
646 4243 713 4304 ἀλλ’
727 4244 777 4303 θπδ
798 4249 847 4320 τῆς
869 4245 1025 4318 κοινότητος
1047 4247 1100 4303 τῶν
1119 4244 1244 4325 πατέρων
1260 4237 1338 4304 αόται
1354 4243 1416 4304 δια-

122 4363 309 4444 περαίνωνται,
332 4362 379 4424 καί
402 4356 498 4441 μηδείς
521 4369 574 4424 τῶν
595 4364 830 4446 προσηλωθέντων
852 4372 885 4448 τῇ
908 4371 978 4448 μονῇ
1000 4366 1083 4449 ταύτῃ
1104 4365 1212 4442 δθνηται
1227 4367 1415 4427 λειποτακτεῖν

124 4484 184 4546 ἀνευ
206 4485 303 4559 ἀδείας
325 4490 371 4547 τοῦ
394 4488 546 4565 ἡγουμένου
569 4486 615 4548 καί
638 4487 752 4564 νομίμου
775 4486 872 4570 αἰτίας,
895 4489 910 4547 δ
933 4489 964 4549 δὲ
986 4489 1061 4570 παρὰ
1074 4492 1158 4549 ταῦτα
1173 4492 1307 4570 πράττων,
1331 4489 1413 4572 ἱερω-

123 4610 202 4682 μένος
225 4609 287 4689 μέν,
311 4609 409 4688 ἐνοχος
431 4610 540 4693 θπάρχη
562 4609 729 4691 καθαιρέσει,
753 4613 875 4690 μονοχθς
898 4609 928 4670 δέ
945 4611 1084 4693 ἀφοριομῷ
1100 4615 1181 4693 μέχρι
1196 4616 1243 4673 τοῦ
1260 4613 1415 4694 ἐπιστρέψαι

124 4729 160 4804 εἰς
187 4733 237 4808 τὴν
267 4735 413 4808 μετάνοιαν
446 4735 533 4794 αυτοῦ.
570 4732 610 4805 εἰς
639 4734 805 4796 ἀνακαίνισιν
836 4729 880 4796 οὖν
909 4736 1001 4795 τούτου
1032 4737 1181 4816 γράφοντες
1213 4736 1417 4817 ἀποφαινόμεθα
