3222 5284
1298 348 1363 413 329

11 543 90 594 τοῦ
129 537 184 612 μέν
205 539 340 618 ἡμετέρου
362 540 458 616 γένους
481 540 734 620 οωτηριωδέοτατον
755 537 878 620 οιύχημα,
902 546 955 600 τῶν
972 539 1003 600 δέ
1021 541 1048 600 ἐν
1065 541 1186 620 οὐρανοῖς
1202 542 1363 621 όμηγύρεων

11 657 64 714 ἐν
106 661 178 730 ταῖς
202 660 368 740 ἐπουρανίοις
390 662 429 732 ῶς
449 659 532 742 εἰκός,
555 661 720 740 πανηγύρεσι
739 661 926 741 περιλαλητον
943 662 1119 743 ἀγαλλίαμα,
1143 661 1173 734 ἐξ
1190 662 1318 738 εύσεβοῦς
1332 683 1363 722 τε

12 779 162 854 γένους
184 777 232 839 καί
254 782 322 860 πρός
345 781 443 862 ἀρετήν
467 782 576 862 εύφυοῦς
599 782 726 864 εὐμενείᾳ
748 783 810 842 θεοῦ
825 781 872 842 καί
887 785 946 856 ταῖς
966 785 1028 856 σαῖς
1044 781 1209 856 ἐπιστασίαις
1224 782 1272 844 καί
1287 785 1363 844 ἀντι-

15 899 165 980 λήψεσι
185 903 234 978 τήν
256 901 344 982 ἀρχὴν
365 901 553 984 ἐκληρώσατο,
576 905 610 962 τά
624 923 655 962 τε
669 903 737 984 προς
757 903 906 982 ἀναγωγήν
920 903 967 964 καί
987 904 1113 964 παιδείαν
1132 906 1181 964 ύπό
1202 905 1364 978 καλλίπαις

17 1024 160 1096 νόμοις
183 1021 429 1102 πεπαιδαγώγηται
451 1021 498 1084 καὶ
521 1023 550 1082 ἐν
574 1023 661 1084 ἔθεσιν
685 1022 806 1106 (ἀπέστω
829 1025 926 1102 φθόνος
946 1023 994 1084 καὶ
1016 1028 1123 1100 κόμπου
1146 1023 1254 1110 βάρος),
1284 1026 1363 1086 οῦδὲν

25 1144 250 1222 ἐπαγομένοις
278 1143 485 1224 ἐπισεσυρμένον
512 1147 529 1218 ή
558 1143 762 1222 δυσανάγωγον.
809 1144 855 1204 καὶ
882 1149 958 1204 τοῦτο
985 1147 1093 1216 πάντως
1121 1145 1208 1225 δῶρον
1231 1147 1294 1206 θεοῦ
1316 1143 1363 1206 καὶ

25 1271 107 1339 τῆς
137 1266 307 1343 θεομήτορος
328 1285 384 1324 του.
415 1267 493 1326 τότε
509 1267 576 1347 πρός
591 1267 640 1341 τήν
654 1267 787 1345 χρονικὴν
802 1271 893 1345 σαφῶς
908 1267 1079 1346 τελειότητα,
1102 1266 1151 1326 τίνι
1165 1273 1219 1327 τῶν
1236 1267 1363 1328 ἁπάντων

24 1389 53 1460 ἢ
94 1387 218 1446 ἁπασῶν
249 1386 344 1466 ούτως,
375 1388 413 1458 ῶς
436 1381 508 1465 ἐμοί,
538 1392 628 1468 ιῄοῇ
659 1387 818 1470 θεραπαίνη,
851 1387 895 1446 διόι
924 1390 1033 1448 πάντων
1065 1388 1212 1460 εύώδωοας
1242 1390 1310 1470 πρός
1332 1390 1363 1448 τό

33 1508 278 1586 εὐμαρέστερον,
305 1507 324 1581 ἡ
346 1510 403 1578 τοῖς
429 1509 536 1582 νοητοῖς
559 1506 605 1567 καὶ
635 1504 784 1588 ἀκηράτοις
807 1509 844 1580 ώς
867 1507 980 1583 ἀληθῶς
1003 1511 1168 1589 κροσσωτοῖς
1190 1509 1362 1590 περιβεβλη-

33 1631 144 1702 μένη,
176 1609 392 1702 πεποικιλμένη
407 1625 553 1702 βασίλισσα
574 1626 622 1688 καὶ
645 1629 679 1688 ἐκ
707 1627 806 1701 δεξιῶν
837 1629 943 1689 ἑστῶσα
964 1634 1011 1690 τοῦ
1040 1633 1273 1712 παντοκράτοροςς
1304 1633 1364 1702 ταῖς

35 1749 117 1828 γὰρ
141 1748 178 1822 δή
200 1748 262 1808 κατ’
275 1747 431 1829 ἀνθρώπους
454 1747 604 1830 εῦετηρίαις
626 1749 660 1808 τὰ
681 1751 742 1808 κατ’
756 1751 807 1824 ἐμὲ
828 1751 1000 1829 πανταχόθεν
1021 1751 1284 1831 περικυκλώσαοαή
1302 1751 1363 1812 ἑπι-

37 1871 192 1930 κλύοασα
213 1868 260 1929 καὶ
283 1869 372 1951 ούδέν,
401 1871 415 1929 ό
438 1891 463 1930 τι
484 1876 533 1945 της
555 1867 632 1930 κάτω
654 1871 824 1950 ἀνθρωπίνης
848 1873 953 1952 εῦροίας
975 1878 1028 1932 τῶν
1050 1871 1112 1953 περὶ
1135 1872 1186 1948 ἐμὲ
1207 1871 1364 1953 περιβόλων

40 1996 188 2066 στήσασα
209 1993 359 2072 πόρρωθεν,
383 1992 422 2052 ἔτι
445 2012 481 2067 με
503 1990 550 2052 καί
572 1994 639 2073 πρός
654 1993 684 2052 τδ
700 1998 748 2068 τῆς
768 1991 831 2052 κατ’
841 1989 998 2075 ἀνθρώπους
1014 1993 1186 2070 εῦδαιμονίας
1202 1993 1361 2074 ἀκρότατον,

44 2105 102 2184 οἷς
126 2107 208 2184 σίδας
229 2113 335 2192 λόγοις,
358 2115 406 2187 τὴν
430 2112 573 2188 βασιλείαν
596 2113 751 2192 ἀνήγαγες·
775 2115 879 2187 τούτοις
900 2117 930 2174 τό
954 2115 983 2174 ἐν
1005 2117 1126 2198 πορφύρᾳ
1144 2117 1270 2185 τέθεικας
1286 2134 1363 2192 γονι-

47 2235 189 2308 μώτατον
217 2239 251 2314 τῇ
279 2239 396 2314 μητρυιῇ
423 2255 475 2309 μου
504 2235 595 2312 σχέσει
622 2232 670 2294 καί
697 2237 796 2310 κλήσει
823 2235 872 2312 τήν
900 2238 1096 2318 μητρομήτορα
1122 2237 1293 2317 προσθεμένη
1317 2233 1364 2295 καὶ

47 2358 269 2435 πατρομήτερα.
300 2355 402 2426 τούτοις
424 2356 454 2414 τδ
477 2361 526 2430 τής
549 2355 696 2432 βασιλικῆς
718 2355 876 2428 δυναστείας
900 2358 982 2437 μέχρι
998 2356 1044 2417 καὶ
1059 2360 1178 2438 τήμερον
1194 2355 1364 2437 παρέζευξας

47 2471 331 2558 παρατατικώτερον,
355 2476 403 2547 τόις
425 2475 605 2548 καλλινίκους
627 2476 695 2558 ὑπὲρ
716 2476 855 2552 βασιλέως
871 2478 1020 2556 ἐπιμαχίας
1038 2478 1066 2538 ἐν
1083 2479 1182 2551 δεινοῖς
1197 2477 1244 2538 καὶ
1260 2481 1364 2559 καιροῖς

48 2597 242 2658 κινδυνώδεσι
262 2597 297 2658 τὰ
319 2598 411 2658 τούτου
434 2597 505 2657 κατὰ
528 2597 675 2678 βαρβάρων
698 2600 749 2658 ύπό
771 2621 813 2658 σοι
837 2601 973 2680 συμμάχῳ
997 2601 1111 2679 μεγάλα
1131 2598 1223 2660 τεκαὶ
1239 2621 1271 2681 τη
1288 2601 1363 2658 Ῥω-

52 2719 152 2792 μαίων
176 2719 334 2802 ἐπικρατείᾳ
357 2721 476 2799 σωτήρια
498 2721 623 2800 τρόπαια,
645 2719 695 2792 τὰς
717 2725 771 2779 τῶν
794 2721 929 2799 φιλτάτων
952 2723 1017 2796 ἡμῖν
1042 2721 1208 2801 ἀναρρώοεις
1224 2720 1252 2778 ἐν
1274 2724 1364 2794 νόσοις

53 2845 76 2915 ἢ
102 2839 152 2900 καί
179 2841 340 2921 ἀναρρῦοεις
369 2841 401 2900 ἐκ
428 2843 569 2920 φάραγγος
597 2841 764 2920 ἁρπάζοντος
786 2841 909 2912 λέοντος.
956 2843 1120 2921 προσθήοοις
1144 2841 1174 2900 δέ
1197 2839 1300 2920 γεκαὶ
1325 2843 1363 2902 ἐτι

54 2965 171 3044 ἡμέρας
193 2966 240 3022 τοῦ
268 2961 407 3036 βασιλέως
428 2961 475 3022 καί
503 2963 649 3040 σύμμαχος
675 2963 761 3041 τούτῳ
789 2963 860 3022 κατὰ
888 2962 1034 3043 βαρβάρων
1063 2963 1243 3043 ἀπρόσμαχος
1265 2961 1360 3040 γίνοιο.

56 3085 105 3143 ἵνα
130 3084 165 3158 δή
189 3104 232 3144 σοι
254 3082 301 3142 καί
324 3085 341 3158 ή
364 3083 537 3164 κληρονομία
559 3082 606 3144 καί
628 3086 645 3160 ή
668 3085 835 3164 χειριοθεῖσοί
857 3105 899 3144 σοι
922 3085 1115 3164 μεγαλόπολις
1136 3086 1212 3162 πηγὴ
1234 3083 1282 3144 καί
1303 3084 1364 3164 ρίζα

58 3212 112 3280 τῆς
137 3204 277 3278 εῦοεβείας
299 3205 433 3282 ἀειθαλής
457 3202 622 3280 διασώζηται
644 3204 691 3265 καί
713 3207 836 3277 ἀένναος.
868 3205 999 3283 ἀγγέλων
1023 3203 1068 3265 οὖν
1090 3205 1133 3266 ἐπὶ
1148 3207 1250 3278 τούτοις
1266 3208 1363 3286 ἀφεῖσα

58 3328 215 3405 γλώσσαις,
240 3326 339 3398 αἵτινές
360 3346 426 3386 ποτε
450 3327 582 3405 ἀγγέλων
605 3328 730 3406 γλῶσσαι
752 3329 884 3407 πεφύκασι
906 3328 956 3406 τἠν
980 3328 1028 3404 σήν
1053 3329 1180 3408 εύφημεῖν
1202 3350 1232 3388 τε
1248 3327 1295 3388 καί
1310 3349 1362 3407 γε-

61 3447 166 3527 ραίρειν
194 3448 398 3526 μεγαλειότητα
425 3445 473 3508 καί
499 3450 530 3508 τ“ο
552 3448 619 3529 ύπέρ
642 3449 704 3520 τούς
732 3449 861 3508 ἀνωτάτω
888 3447 936 3508 καί
962 3449 1160 3528 πρεσβυτάτους
1183 3452 1295 3530 θρόνους
1316 3449 1363 3510 καὶ

61 3570 97 3628 τὰ
121 3567 261 3649 Χερουβὶμ
289 3567 461 3644 ἀκηλίδωτον
484 3568 531 3628 καί
558 3569 713 3644 ἀμόλυντον
735 3569 782 3629 καί
805 3576 908 3648 νοερῶς
931 3571 1179 3649 ἀνθομολογεῖσθαί
1202 3593 1242 3632 οοι
1266 3571 1311 3632 διὰ
1332 3574 1363 3632 τό

61 3689 127 3768 περὶ
148 3692 223 3764 ἡμᾶς
245 3691 382 3766 συμπαθές
404 3711 434 3750 τε
456 3689 502 3750 καί
522 3692 723 3772 φιλάνθρωπον,
748 3693 830 3766 μόνον
847 3691 904 3769 ἐγὼ
919 3693 965 3750 τόν
982 3691 1184 3773 ἐπιοτρεπτικδν
1200 3693 1364 3772 ἀντεισφέρω

65 3833 107 3871 σοι
132 3809 210 3886 μάλα
232 3813 327 3882 ζέοντα
351 3812 448 3891 ἔρωτα,
473 3814 518 3870 τὀν
539 3815 789 3892 προνοητικώτατόν
804 3833 834 3872 τε
850 3811 896 3871 καὶ
912 3817 1115 3873 οωστικώτατον
1131 3815 1202 3890 μετὰ
1216 3819 1263 3874 τοῦ
1279 3835 1363 3890 μονο-

63 3937 161 4011 γενοῦς
183 3953 213 3991 τε
235 3931 282 3992 καί
303 3937 475 4014 πρωτοτόκου
497 3935 628 4015 τρεφούσῃ
651 3933 712 4014 περὶ
730 3937 761 3994 τό
778 3935 942 4012 ἀνθρώπινον
960 3935 1056 4014 ἔρυντο.
1088 3933 1135 3993 καί
1150 3956 1197 4010 μοι
1211 3937 1241 3994 τό
1257 3938 1364 4015 φρικτόν

63 4052 163 4114 τεκαὶ
187 4056 261 4133 μέγα
282 4060 333 4130 τῆς
355 4061 405 4131 σῆς
428 4054 569 4127 θεοτοκίας
592 4051 712 4136 ἀξίωμα,
739 4055 921 4134 περιλάλημα
948 4056 1149 4134 θυμηρέοτατον
1172 4055 1219 4116 καὶ
1243 4057 1364 4132 ἐννόημα

66 4175 243 4256 ἀδιάληπτον,
269 4175 313 4234 ἐπί
333 4196 363 4234 τε
386 4177 434 4250 τἠν
457 4177 506 4250 σήν
528 4175 604 4256 ίεράν
627 4176 744 4254 λοχείαν
766 4181 854 4235 πᾶσαν
874 4176 975 4252 ἡδονήν
993 4178 1079 4254 εὐαγῆ
1095 4176 1142 4236 καί
1157 4178 1256 4258 τροφὴν
1271 4177 1362 4238 καλῶ.

67 4295 112 4355 καί
140 4297 218 4356 οῦδέν
246 4317 291 4370 μοι
318 4299 425 4356 πάντων
453 4299 522 4357 ούτω
549 4300 726 4377 χαριέστατον
754 4299 879 4372 ἀκουομα
906 4301 924 4372 η
952 4297 1085 4376 διήγημα,
1117 4301 1156 4369 ώς
1182 4300 1215 4358 τὰ
1241 4297 1304 4380 περί
1333 4321 1364 4359 σε

68 4419 200 4492 θαυμάσια
223 4415 270 4476 καὶ
298 4421 431 4498 μυστήρια
459 4417 506 4478 καὶ
526 4419 558 4488 τό
580 4424 630 4494 τῆς
653 4419 694 4497 ἐφ’
704 4421 779 4496 ἡμᾶς
807 4419 944 4498 ἐπιρροίας
965 4424 1019 4478 τῶν
1043 4419 1154 4497 ἀγαθῶν
1178 4421 1212 4480 ἐκ
1234 4422 1296 4480 θεοῦ
1320 4419 1364 4480 διαί

69 4560 114 4598 σου
136 4539 222 4614 μέσης
245 4539 372 4598 ἀένναον·
397 4539 475 4600 ἀλλὰ
496 4539 550 4620 γάρ
575 4539 620 4600 ἐπὶ
640 4541 744 4612 τούτοις
768 4539 842 4612 ἀξιον
866 4539 916 4615 μὲν
940 4539 1017 4600 οῦδὲν
1041 4535 1109 4600 εἶναι
1132 4543 1197 4622 παρ’
1209 4543 1274 4617 ἡμῖν
1290 4537 1363 4622 οῖδα,

70 4665 117 4736 τῆς
138 4666 188 4736 σής
211 4660 277 4739 ύπέρ
300 4661 386 4738 λόγον
409 4659 456 4720 καί
478 4665 538 4721 νοῦν
568 4663 720 4742 ἁγιότητος,
750 4663 875 4741 καθάπερ
898 4661 961 4720 ούδέ
983 4666 1029 4722 τοῦ
1050 4663 1081 4720 τό
1103 4663 1238 4743 ήμέτερον
1263 4663 1295 4722 ἐκ
1317 4667 1364 4722 σοῦ
1435 4687 1438 4694 ·
