3194 5298
250 357 312 422 162

245 573 285 623 τίς
309 548 495 628 ἀντάλλαγμα
517 555 565 626 τῆς
587 553 687 628 ψυχῆς,
719 549 752 608 τά
775 548 835 628 ἱερὰ
857 548 941 627 λόγιά
963 569 1051 626 ρασιν,
1081 545 1239 626 ἀποστάσιον,
1262 549 1296 622 ἣν
1319 539 1375 624 ἄρα
1396 543 1432 620 δὴ
1457 541 1550 622 χωρὶς

245 677 294 748 τῆς
324 675 369 732 τοῦ
400 672 551 747 πνεύματος
577 671 715 750 γεωργίας
745 671 927 750 προκειμένην
959 666 998 740 εἰς
1025 667 1139 750 όλεθρον
1167 667 1214 728 καί
1242 669 1351 738 πάντως
1376 665 1550 726 κινδινεῡσαι
1595 671 1596 714 ί

245 794 405 870 μέλλουσαν
427 793 474 854 καὶ
495 795 544 868 τὴν
569 793 687 870 ἐσχάτην
710 794 854 870 ἀποστῆναι
877 793 986 872 ζημίαν,
1008 789 1055 852 καὶ
1077 785 1112 866 ἧς
1135 790 1191 850 οὐδ’
1204 791 1283 862 οώτδς
1306 789 1446 863 όκόομος
1471 786 1551 857 ὅλως

244 912 379 995 ἀντάξιος,
410 914 438 974 αί
464 920 517 975 τών
545 915 733 976 ἀποστολικών
760 913 807 976 καὶ
834 913 915 974 θείων
943 916 1104 994 σπερμάτων
1132 913 1238 993 ἀρόοεις
1264 932 1294 972 τε
1316 908 1364 971 καί
1386 907 1552 984 καταβολαὶ
1595 893 1596 970 ί

245 1033 358 1109 σώζουσί
379 1058 410 1098 τε
432 1036 479 1098 καὶ
501 1035 650 1118 εὔχρηστον
672 1038 830 1116 κατορθοῦσι
853 1033 900 1095 καί
922 1037 1091 1116 καρποφόρον
1114 1035 1225 1112 ἀγαθῶν
1248 1031 1295 1093 καὶ
1316 1032 1443 1108 ἀζήμιον.
1488 1050 1551 1090 τοι·
1595 1039 1596 1060 ¹

243 1164 344 1240 γαροῦν
371 1161 432 1219 κατ’
443 1157 466 1240 ¹)
478 1156 533 1240 ἀρα
560 1159 595 1235 δὴ
622 1161 668 1218 τόν
696 1157 876 1220 ἀποστολικδν
902 1156 982 1216 τόνδε
1007 1154 1055 1218 καὶ
1081 1157 1154 1216 θεῖον
1180 1156 1266 1234 λόγον
1293 1156 1323 1215 οὒ
1351 1157 1425 1232 μέγα
1453 1154 1550 1228 οώδέν,

203 1365 206 1370 ⁴
246 1283 318 1353 ὅστις
341 1277 399 1340 ἀντὶ
422 1285 471 1356 τῆς
492 1281 626 1354 τοσαύτης
649 1275 779 1360 είιποιίας,
811 1277 868 1339 ἀντὶ
890 1284 943 1338 τών
966 1283 1088 1356 ψυχικῶν
1111 1277 1222 1356 ἀγαθῶν
1244 1275 1291 1337 καὶ
1313 1282 1363 1352 τῆς
1384 1277 1439 1336 τών
1463 1273 1551 1334 θείων

245 1407 331 1466 αὑτῶν
360 1403 535 1479 μέταδόοεώς
561 1423 591 1462 τε
618 1401 664 1464 καί
692 1403 877 1480 μεταλήψεως
899 1399 946 1461 καὶ
972 1399 1115 1473 κοινωνίας
1135 1397 1183 1460 καί
1204 1402 1326 1480 χάριτος,
1348 1392 1383 1473 ἦς
1404 1397 1550 1479 πορίζεται

244 1525 291 1587 καί
319 1527 443 1606 τρέφεται
469 1522 516 1584 καὶ
543 1527 710 1604 συντηρεϊται
737 1521 783 1584 καὶ
812 1519 886 1594 αὔξει
915 1520 962 1582 καὶ
984 1523 1145 1600 τελειοῦται,
1177 1519 1287 1596 μᾶλλον
1311 1519 1343 1580 δὲ
1364 1519 1491 1578 τελεῖται
1515 1516 1551 1576 τά

245 1647 359 1728 κρείττω
386 1644 433 1706 καὶ
457 1647 543 1726 εὺαγῆ
566 1666 596 1704 τε
618 1644 665 1705 καὶ
687 1647 838 1724 πάνσεμνα,
871 1642 1072 1719 ἀντιουντελοίη
1095 1664 1119 1702 τι
1142 1640 1189 1702 καὶ
1212 1643 1292 1714 αώτδς
1313 1639 1462 1716 ἀντιδιδοίη
1488 1640 1549 1699 ότι-
1595 1671 1596 1680 ¹

244 1774 350 1832 ποτοῦν.
389 1771 457 1828 πάνυ
485 1768 536 1843 μὲν
563 1765 608 1827 οὖν
634 1766 763 1827 πλεῖστον
789 1771 842 1826 τών
869 1767 931 1826 κατ’
942 1767 1021 1826 αὐτδν
1031 1763 1056 1847 ²)
1079 1763 1126 1824 καὶ
1149 1768 1320 1854 σωματικῶν,
1350 1764 1390 1834 ώς
1411 1781 1446 1840 γε
1470 1759 1549 1838 οώτῷ

245 1881 341 1952 δοκοῦν
357 1889 404 1951 καὶ
419 1892 475 1962 τοῖς
491 1889 601 1968 ἀλλοις,
615 1890 689 1967 μέγα
705 1889 758 1963 μὴν
775 1886 853 1948 οῦδὲν
868 1889 940 1948 τοῦθ’
949 1887 988 1959 ὡς
1002 1887 1116 1962 ἀληθῶς
1131 1887 1210 1962 οθτω,
1227 1887 1301 1963 μέγα
1318 1883 1349 1944 δὲ
1364 1885 1451 1956 ὅντως
1465 1887 1548 1943 τοῦτο

244 2012 291 2076 καί
314 2012 455 2093 εὔδαιμον,
478 2013 532 2091 ὅτῳ
556 2010 659 2072 ἔδωκεν
680 2011 774 2082 δθεδς
787 2009 961 2090 πράγμαοιί)
976 2005 1139 2087 ξυλλαχείν,
1163 2007 1228 2068 ὥστ’
1240 2007 1315 2084 ἔχειν
1329 2005 1547 2087 παραδεικνῦναι

243 2137 292 2212 την
321 2137 434 2215 γνώμην
466 2131 636 2193 ἐθελόκαλόν
666 2152 697 2192 τε
725 2129 773 2192 καὶ
802 2135 948 2212 περυνωῐαν
978 2124 1008 2190 εὖ
1037 2130 1106 2210 πρός
1134 2131 1168 2189 τά
1198 2126 1311 2208 βελτίω,
1345 2125 1392 2208 καί
1421 2127 1547 2206 τάγαθόν
1595 2101 1596 2150 3

244 2256 385 2340 κρίνουοάν
408 2253 506 2316 τεκαὶ
529 2253 690 2336 αἱρουμένην
713 2249 743 2312 είι
765 2254 845 2329 μάλα
865 2253 1067 2334 τελεσιουργόν,
1090 2249 1198 2327 καὶμὴ
1221 2251 1405 2326 ζημιουμένην
1426 2251 1459 2312 τό
1480 2247 1547 2327 περὶ

244 2380 293 2454 την
314 2378 383 2454 ὓλην
406 2377 488 2452 αὐτὴν
509 2375 653 2456 δραστικδν
676 2375 741 2451 μηδ’
754 2375 990 2456 ἀποοτρερομένην
1011 2379 1064 2434 τών
1079 2375 1248 2455 πραγμάτων
1264 2372 1307 2433 ὑπ’
1317 2369 1442 2451 ἀνάγκην
1458 2371 1546 2452 ἀργόν

244 2520 274 2560 τε
296 2496 343 2559 καὶ
367 2498 495 2575 ἀνόνητον
519 2499 626 2575 ἑαυτῆς.
672 2499 777 2574 μήποτε
801 2496 826 2556 δ’
836 2498 891 2578 ἀρα
913 2495 960 2558 καὶ
981 2495 1097 2558 τοῦτ’ἀιν
1120 2494 1163 2572 είη
1186 2501 1236 2572 τῆς
1258 2501 1343 2574 σοφῆς
1365 2491 1412 2554 καὶ
1433 2513 1544 2554 παντα-

245 2621 336 2702 ρίοτης
369 2619 415 2680 καὶ
444 2617 607 2680 παντελείου
639 2619 732 2694 θεῖκῆς
760 2617 898 2699 προνοίας,
931 2615 979 2678 καὶ
1008 2619 1074 2697 ἀρᾶν
1104 2614 1207 2690 ἔξεστιν
1238 2615 1379 2691 ἐπιδήλως
1409 2616 1544 2675 ἑκάστοτε

243 2744 416 2820 γιγνόμενον,
447 2739 498 2813 τάς
525 2739 693 2820 φιλοκάλους
722 2740 806 2812 αθτάς
835 2739 933 2818 ρθσεις,
965 2737 1013 2798 καί
1043 2731 1087 2810 αἷς
1116 2737 1171 2820 ἀρα
1199 2737 1329 2810 πλεῖστος
1356 2738 1372 2796 ό
1397 2735 1462 2817 περὶ
1488 2741 1544 2796 τών

244 2863 339 2923 καλῶν
366 2859 413 2922 καὶ
440 2861 520 2922 θείων
544 2863 614 2943 ἔρως
642 2861 717 2922 ’ἐνθεν
745 2861 778 2921 ἐκ
804 2865 894 2939 ψυχῆς
922 2859 1062 2934 ἀδάπανος
1084 2860 1191 2942 ρλέγει,
1222 2859 1297 2920 ἱστᾶν
1320 2855 1364 2918 ἐπί
1390 2865 1445 2919 τῶν
1467 2837 1543 2939 προτ-Δ

244 2987 357 3064 γμάτων
381 2981 465 3056 ἀξίων
487 2989 537 3061 τῆς
559 2985 673 3064 γνώμης
695 2981 742 3042 καὶ
764 2983 906 3056 ἀποθέσεις
929 2981 1031 3043 διδόναι
1050 2982 1203 3062 πρεπούσας
1218 2979 1264 3042 καί
1280 2981 1425 3060 χωρούσας
1439 2979 1542 3056 ἀμέλει

244 3108 274 3166 τδ
305 3109 439 3188 ρρόνημα,
471 3107 509 3178 ώς
539 3108 572 3164 ἂν
599 3106 658 3180 ἅμα
685 3105 736 3180 μὲν
765 3101 835 3182 ἰσχύι
860 3103 893 3163 τά
920 3103 1033 3185 κρείττω
1059 3100 1106 3164 καὶ
1133 3103 1355 3185 δημιουργεῑσθαι
1381 3101 1428 3163 καὶ
1455 3103 1540 3162 πολι-

244 3230 368 3288 τεώεσθαι
391 3230 453 3288 κατ’
461 3228 627 3310 ἀνθρώπους,
652 3228 709 3302 ἅμα
733 3223 833 3286 δὲκαὶ
856 3225 940 3302 ζῆλον
964 3227 1003 3298 ώς
1025 3223 1098 3296 εἰκός
1121 3223 1383 3306 προσλαμβάνεσθαι
1406 3221 1454 3284 καί
1468 3245 1539 3304 προ-

245 3347 424 3431 κόπτεσθαιί)
453 3347 500 3408 καὶ
521 3349 688 3430 προάγεσθαι
709 3346 748 3426 τῷ
770 3347 834 3408 ἀντι.
880 3346 926 3408 καὶ
948 3347 1002 3428 γάρ
1024 3345 1072 3407 καὶ
1094 3347 1245 3408 κάλλιστον
1268 3338 1324 3410 αίον
1347 3346 1436 3406 ἔοικεν
1460 3339 1541 3426 εἶναι,

244 3468 292 3530 καὶ
318 3471 349 3530 ου
372 3473 455 3545 μόνον
477 3469 701 3531 λυσιτελέστατον
724 3467 796 3549 αὐτῷ
818 3489 867 3529 τινι
890 3469 976 3548 μόνῳ,
1007 3467 1074 3528 ἀλλ’
1088 3469 1141 3548 ἀρα
1163 3471 1193 3528 τό
1216 3489 1250 3547 γε
1273 3465 1307 3542 δὴ
1329 3464 1377 3526 καὶ
1399 3465 1540 3546 βιωρελέ·

244 3611 340 3651 στατον
364 3589 404 3664 εἰς
427 3591 493 3652 αἰντά
514 3591 635 3651 καθόλου
657 3589 827 3669 τάνθρώπεια
849 3591 920 3650 κατά
941 3591 987 3650 τδν
1009 3589 1068 3666 βίον
1082 3591 1200 3669 ἅπαντα,
1224 3591 1296 3662 ὅστις
1312 3587 1355 3648 ἐπὶ
1369 3589 1541 3668 πραγμάτων

245 3710 381 3792 ξυντυχών
404 3715 553 3789 ἀμεινόνων
576 3716 594 3790 ἦ
617 3712 687 3773 κατὰ
709 3712 771 3784 τοὺς
792 3711 916 3786 πολλοὺς
937 3709 984 3772 καὶ
1008 3711 1135 3772 διδόντων
1159 3712 1286 3784 ἐπιεικῶς
1308 3706 1338 3770 εὖ
1361 3709 1441 3786 μάλα
1464 3710 1540 3788 ἀγα·

245 3837 359 3917 θουργδν
387 3835 509 3916 ἀφορμὴν
537 3827 593 3906 οἶός
619 3835 643 3894 τ’
656 3838 689 3894 ἀν
717 3834 811 3894 ἔπειτα
832 3835 940 3914 γένοιτο
963 3833 1101 3895 αἰσθέσθαι
1123 3835 1172 3908 τὴν
1199 3834 1305 3912 ἀγαθὴν
1328 3830 1472 3912 ξυγκυρίαν
1495 3831 1541 3892 καὶ

244 3958 387 4038 πειρᾶσθαι
415 3958 509 4018 ἑαυτοῦ
535 3953 583 4017 καὶ
608 3957 736 4038 χρῆσθαι,
766 3951 785 4038 ᾖ
813 3956 890 4018 δοκεῖ
916 3955 1068 4034 βέλτιστον,
1098 3953 1145 4015 καί
1167 3957 1240 4026 ὅστις
1265 3957 1378 4032 γνώμης
1402 3951 1431 4014 εὖ
1456 3953 1540 4032 ἔχων,

245 4079 370 4160 κρίσεως,
392 4074 514 4161 όρμῆςῦ)
534 4077 581 4139 καὶ
597 4079 698 4159 ἔρωτος
712 4076 774 4160 περὶ
788 4080 822 4138 τά
838 4076 1014 4157 μέγιστακαὶ
1030 4079 1099 4156 θεῖα,
1124 4075 1164 4157 ἐρ’
1173 4076 1325 4156 ἡγεμονίας
1339 4076 1410 4148 τινος
1424 4073 1474 4136 καὶ
1489 4076 1540 4156 ἀρ-

245 4205 328 4278 χικῆς
351 4199 506 4272 ἐπιστασίας
528 4202 678 4280 γενόμενος
700 4202 880 4281 αὺτοκρατοώς
902 4198 949 4260 καὶ
972 4197 1124 4277 ἰσχυοίνοης,
1147 4199 1208 4276 ἔχει
1229 4219 1289 4269 πως
1312 4195 1400 4276 ἑαυτῷ
1422 4200 1539 4278 χρῆσθαι

245 4322 393 4400 κάλλιπε,
417 4322 477 4399 ἔχει
500 4322 633 4383 δεικνθναι
655 4322 704 4398 τἠν
726 4322 809 4402 φύσιν,
834 4321 894 4399 ἔχει
917 4321 956 4397 μὴ
979 4323 1070 4396 μένειν
1086 4319 1181 4400 ἀργός,
1205 4319 1265 4397 ἔχει
1280 4319 1373 4378 τελεῖν
1388 4317 1422 4378 τὰ
1438 4317 1539 4393 βελτίω

351 4513 372 4580 ¹)
391 4513 455 4564 Cod.
474 4509 514 4562 καί
532 4510 562 4565 τ’.
582 4528 632 4564 em.
651 4512 686 4562 Μ.
759 4511 779 4578 ²)
800 4509 864 4561 cod.
884 4515 912 4560 et
933 4511 969 4561 Μ.
989 4507 1076 4560 αὐτῶν.
1100 4509 1263 4575 Recepimus
1280 4509 1464 4573 conjoetnram
1483 4525 1536 4574 pro·

247 4611 359 4676 positam
382 4625 398 4660 ε
421 4610 448 4658 Ζ.
520 4609 542 4676 ³)
565 4610 594 4660 Z.
618 4607 789 4659 scribendum
811 4611 889 4672 putat
920 4601 1058 4674 πράγματα.
1128 4605 1150 4671 ⁴)
1173 4605 1333 4670 Recepimus
1355 4605 1536 4670 conjecturam

246 4707 340 4758 Ζοιτίας
360 4707 426 4770 cod„
445 4707 480 4756 M.
500 4711 528 4755 et
545 4705 574 4755 Z.
593 4701 813 4772 προσλαμβάνοντα
830 4702 870 4752 καὶ
888 4699 1059 4764 προκόπτοντα.
1135 4701 1156 4765 ⁵)
1174 4693 1200 4750 εθ
1218 4695 1295 4768 ὁρμῆς
1313 4693 1350 4750 Μ.
1369 4701 1396 4750 Ζ.
