3194 5298
739 585 865 652 XXVI.
893 585 969 652 Sine
991 607 1085 654 ann0.

478 771 599 826 Donatio
608 769 689 840 facta
704 771 865 825 monasterio
880 789 900 826 a
913 769 1041 825 ιιιοιιαοίιο
1056 769 1155 824 Ιαοοόο
1166 767 1349 838 construatur.

678 975 879 1055 Πρόσταγμα
903 973 1150 1054 ἐπικυρωτιιιόν.

373 1152 390 1226 ή
407 1148 483 1210 Ἐπεί
506 1151 521 1208 ό
544 1149 596 1210 ἀπό
618 1150 648 1208 τδ
671 1151 786 1228 ιιάστρον
802 1149 907 1226 Ζιχνῶν
930 1141 1073 1231 [μοναχδς]
1082 1143 1107 1229 1)
1124 1148 1139 1204 ό
1154 1145 1289 1220 Ἰάκωβος
1305 1144 1379 1223 έχων
1395 1143 1442 1204 διὰ
1455 1163 1550 1225 χρυσο·

270 1273 390 1348 βσύλλου
413 1277 463 1348 τῆς
485 1271 627 1348 βασιλείας
650 1291 701 1346 μου
723 1269 785 1352 περὶ
807 1269 837 1330 τδ
860 1273 976 1330 τοιοῦτον
998 1271 1113 1349 τιάστρον
1135 1267 1275 1349 μονίδριον
1298 1264 1338 1339 είς
1360 1266 1447 1342 ὄνομα
1469 1266 1550 1341 τιμώ-

172 1441 178 1456 .
271 1415 354 1471 μενον
379 1399 427 1470 τῆς
455 1392 602 1474 ὑπεραγίας
629 1393 756 1452 θεοτόιιου
782 1390 830 1452 τιαὶ
853 1391 1071 1466 ἐπιοιεαλημένον
1093 1394 1142 1466 τῆς
1165 1389 1306 1470 Ὀοτρινῆς
1327 1386 1375 1448 καί
1397 1389 1469 1448 θεῖον
1492 1388 1551 1446 ναόν
1588 1415 1589 1418 “

270 1515 313 1575 ἐπ’
322 1515 433 1591 ὀνόματι
460 1515 638 1591 τετιμημένον
665 1519 713 1590 τῆς
741 1511 821 1592 ἁγίας
844 1512 1028 1592 Ἀνασταοίας,
1063 1511 1102 1572 ἔτι
1129 1511 1159 1571 δὲ
1186 1509 1233 1571 τιαὶ
1261 1503 1301 1583 εἰς
1327 1511 1357 1570 τό
1384 1508 1484 1589 χωρίον
1511 1511 1551 1568 τόν
1588 1477 1589 1482 ¹

270 1635 362 1700 Θολδν
388 1643 440 1716 γῆν
468 1637 569 1714 μοδίων
585 1635 613 1696 α’
637 1635 708 1696 κατὰ
730 1637 815 1715 λόγον
838 1637 1011 1714 γονιιιότητος
1033 1633 1080 1694 καὶ
1101 1635 1228 1712 κατέχων
1250 1636 1332 1692 ταῦτα
1354 1631 1552 1712 προσεαόρυοεν

271 1759 349 1832 αίιτδς
377 1758 422 1820 διὰ
447 1762 609 1839 γράμματος
636 1760 714 1818 αὺτοῦ
741 1763 774 1840 τῇ
801 1757 871 1818 κατὰ
892 1757 923 1816 τό
947 1757 1104 1818 Μενοίιιτων
1127 1755 1189 1836 δρας
1212 1752 1348 1836 σεβασμίᾳ
1371 1759 1441 1836 μονῇ
1463 1760 1495 1835 τῇ
1518 1751 1552 1823 εἰς

270 1881 357 1958 ὄνομα
378 1883 518 1964 τιμωμένῃ
540 1883 585 1940 τοῦ
607 1879 693 1955 τιμίου
716 1875 827 1950 ἐνδόξου
849 1881 983 1958 προρήτου
1007 1877 1165 1958 Προδρόμου
1188 1875 1235 1937 τισί
1252 1877 1401 1936 Βαττιστοῡ
1421 1875 1551 1952 Ἰωάννου,
1588 1915 1589 1920 ι

270 2003 381 2082 ταχθείς
406 2003 480 2084 παρὰ
505 2008 559 2062 τῶν
588 2001 615 2060 ἐν
643 2003 709 2084 αἰττῃ
739 2005 869 2078 μοναχῶν
898 1999 942 2059 διὰ
968 2002 1130 2080 γράμματος
1157 2001 1253 2078 αὐτῶν,
1288 1998 1362 2076 ἔχειν
1385 1997 1437 2056 ἀπό
1458 1997 1551 2058 τούτων
1588 2073 1589 2078 ¹

269 2127 350 2204 χάριν
364 2125 553 2205 κυβερνήσεως
570 2124 648 2184 αυτοῦ
659 2121 693 2206 ί),
717 2125 779 2183 όοον
795 2120 942 2182 δεῖταικαὶ
957 2121 1175 2196 διαλαμβάνεται
1191 2121 1219 2180 ἐν
1235 2118 1306 2198 αὐτῷ
1321 2117 1368 2179 τιαὶ
1382 2118 1552 2200 παρεκάλεσε

270 2247 395 2324 γενέσθαι
422 2245 493 2325 αὐτῷ
520 2243 560 2318 είς
585 2249 661 2305 τοῦτο
688 2242 735 2304 ιιαὶ
760 2245 931 2326 πρόσταγμα,
961 2244 979 2317 ή
1007 2241 1135 2318 βασιλεία
1162 2262 1213 2318 μου
1239 2243 1285 2302 τόν
1306 2243 1427 2322 παρόντα
1447 2241 1553 2320 ὁρισμόν
1588 2227 1589 2304 J

272 2367 431 2448 ἐπιχορηγτί
454 2366 535 2447 ω’ττῷ,
559 2366 593 2428 δι’
604 2359 634 2426 οίι
655 2363 702 2426 καὶ
725 2365 891 2448 διορίζεται.
909 2413 915 2426 ,
934 2411 940 2426 .

794 2511 914 2582 Reliqua
929 2511 1032 2564 άοταιτί.

376 2633 520 2688 Ιοαιτιτίάαυ
532 2632 583 2688 Nr.
603 2635 651 2687 12.
973 2600 976 2606 Ι

553 2953 697 3020 XXVII.
721 2953 798 3020 Sine
821 2975 914 3036 anno,
937 2953 966 3018 6.
990 2953 1110 3018 mensis
1133 2951 1283 3018 octobris.

307 3141 369 3196 Rem
385 3137 537 3209 Stephanus
553 3139 653 3193 Παίοσι
668 3139 752 3193 donat
765 3137 925 3192 ιιιοιιοαίονίο
941 3154 1038 3208 agrum
1053 3137 1153 3190 dictum
1168 3135 1302 3190 Podolini.
1321 3135 1434 3189 Initium
1448 3133 1523 3189 άιωί.

380 3387 388 3404 .
406 3387 413 3404 .
430 3387 438 3402 .
462 3341 488 3402 οί
510 3339 626 3419 μοναχοὶ
647 3339 767 3422 τήκατάι
780 3341 811 3400 τό
827 3339 889 3420 όρσς
903 3343 956 3398 τῶν
972 3339 1080 3419 Σερρῶν
1095 3339 1124 3397 τό
1140 3336 1311 3413 ιταλοόμενσν
1327 3335 1486 3397 Μενοίτιεων
1502 3381 1507 3393 .
1524 3381 1530 3392 .
1546 3379 1552 3391 .

275 3463 413 3546 σεβασμίᾳ
435 3469 505 3546 μονῇ
527 3470 575 3541 τής
598 3463 777 3544 περιποθήτου
799 3462 930 3542 θυγατρός
951 3467 1000 3536 τῆς
1023 3459 1165 3534 βασιλείας
1188 3455 1278 3545 [μου],
1302 3459 1444 3539 ῥηγαίνης,
1472 3457 1553 3538 ιιραλ-

276 3585 373 3664 λοιίνης
396 3585 512 3665 Σερβίας
539 3591 571 3668 σή
599 3583 638 3657 εἰς
667 3585 755 3660 ὄνομα
776 3585 915 3666 τιμωμένῃ
937 3586 983 3643 τοῦ
1004 3583 1101 3658 τιμίου
1114 3579 1224 3656 ἐνδόξου
1246 3583 1381 3664 προφήτου
1405 3581 1553 3662 Προδρόμου

276 3705 324 3768 τιαί
346 3708 496 3768 Βαπτιστοϋ
519 3707 655 3786 Ἰωάννου,
686 3707 820 3788 ᾐτήσαντο
847 3707 895 3782 τὴν
924 3705 1065 3780 βασιλείαν
1092 3725 1143 3780 μου
1169 3705 1200 3763 τό
1225 3702 1287 3783 περὶ
1313 3704 1343 3764 τό
1371 3702 1553 3783 ζευγηλατείον

277 3829 360 3906 αὐτῆς
381 3830 411 3890 τδ
433 3829 605 3905 τιαλοίτμενον
621 3829 773 3890 Ποδολινοῦ
788 3827 976 3908 εὓρισνόμενον
992 3826 1133 3906 αίτλάνιιον,
1157 3828 1224 3908 ὅπερ
1238 3823 1272 3902 ἦν
1286 3823 1402 3902 πλησίον
1417 3829 1463 3886 τοῦ
1479 3842 1552 3901 μετο·

274 3951 335 4031 χίου
362 3957 411 4028 τής
439 3953 522 4028 αὑτῆς
549 3957 636 4028 μονῆς
657 3956 702 4011 τοῦ
724 3949 945 4034 Ἐσριγμένουί),
983 3951 1032 4026 τήν
1053 3949 1224 4031 παράκλησιν
1248 3949 1333 4008 αίπῶν
1356 3945 1552 4029 προσδεξαμένη

276 4075 293 4148 ή
318 4072 445 4148 βασιλεία
467 4093 518 4149 μου
541 4073 601 4152 ἔχει
623 4073 735 4150 θέλημα
756 4071 803 4133 τιαί
826 4069 970 4153 διορίζεταί
992 4090 1041 4151 σοι,
1064 4071 1117 4145 ἵνα,
1140 4069 1232 4141 καθὼς
1252 4066 1318 4152 δέξῃ
1333 4069 1363 4128 τό
1378 4070 1464 4152 παρόν
1478 4067 1552 4149 πρόσ-

275 4215 384 4276 ταγμα,
414 4195 580 4278 παραδώσῃς
601 4195 631 4255 τό
654 4192 797 4276 εἰρημένον
821 4192 950 4254 αίιλάνιιον
973 4192 1043 4270 μετὰ
1065 4197 1114 4271 τῆς
1136 4193 1164 4252 ἐν
1188 4191 1259 4272 αἰττῖρ
1283 4188 1389 4266 βάλτης
1410 4189 1458 4251 νιοιὶ
1479 4191 1553 4264 νομῆς

276 4315 321 4377 ιιαὶ
348 4322 480 4399 περιοχῆς
507 4318 595 4397 αὑτοῦ,
625 4317 710 4377 τοίνυν
736 4313 784 4375 καί
811 4315 1022 4395 ἀποπλήρωσον,
1050 4316 1089 4387 ὡς
1110 4316 1140 4374 τό
1169 4315 1254 4394 παρόν
1277 4318 1327 4390 τῆς
1350 4312 1491 4389 βασιλείας
1511 4328 1552 4384 μου

276 4437 418 4520 διορίζεταί
445 4459 486 4500 σοι
513 4440 683 4519 πρόσταγμα,
713 4435 796 4498 δοιοί
819 4435 989 4518 ἀντίστρεψον
1010 4437 1077 4516 πρός
1100 4436 1194 4508 ωὐτοὶτς
1217 4431 1424 4516 δι’ἀσράλειαν,
1453 4435 1497 4494 ἵνα
1515 4427 1553 4492 ατί

380 4700 399 4766 ¹)
418 4699 515 4751 Confer
533 4698 596 4765 dipl.
616 4698 660 4749 Nr.
679 4699 725 4749 XI.
799 4697 820 4764 ²)
839 4693 917 4747 αὐτῶν
935 4697 955 4747 I.
1028 4695 1048 4761 ί)
1067 4693 1236 4764 Ἐσμαγμένσυ
1253 4696 1276 4746 I.
