3194 5298
262 351 324 416 142

259 547 371 628 ρῶσθαι,
394 551 447 607 τῶν
472 546 568 608 ἀλλων
592 543 694 606 είδέναι
716 545 879 625 ὀφειλόντων
903 545 1037 624 ἁπάντων,
1061 543 1100 616 ῶς
1123 542 1150 603 εί
1168 564 1208 616 τις
1226 543 1261 603 τά
1275 543 1401 621 εύλόγως
1414 543 1547 602 καθοσιω-
1583 555 1584 616 3

259 669 339 728 θέντα
367 665 414 728 καὶ
443 666 522 750 χερσί
551 670 647 744 μόναις
674 668 860 747 παρατεθέντα
887 667 950 727 θεοῦ
976 667 1047 726 κατὰ
1068 665 1178 741 πολλὴν
1202 665 1306 725 ἐκεῖθεν
1329 665 1459 725 ἀπόνοιαν
1482 665 1548 724 ἀτο-
1583 653 1584 658 “

259 790 375 867 συλῆσαι
405 793 572 870 πειράσεται,
604 788 757 870 ἱεροσυλίας
788 790 910 869 ἄντικρυς
937 782 1015 860 οὗτος
1037 788 1175 848 άλιύσεται
1197 783 1244 846 καί
1264 787 1296 846 τό
1319 787 1425 846 ἐκεῖθεν
1449 786 1549 847 ἔνδικον

259 913 308 974 σύκ
342 909 498 992 ἐκφεύξεται
532 909 722 986 ἀνταπόδομα·
763 908 786 969 εί
818 909 872 992 γὰρ
901 908 948 970 καί
979 910 1124 990 ὁμογενεῖς
1154 909 1309 981 ἀδικοῦντες
1337 907 1386 968 καί
1416 908 1550 979 πολλάκις

259 1035 445 1116 σφαλλόμενοι
469 1035 564 1115 μέτρια
585 1033 633 1108 τἠν
656 1033 770 1092 κατόπιν
793 1030 871 1105 δίκην
894 1031 1020 1110 όλιγάκις
1043 1030 1271 1110 διολισθαίνομεν,
1301 1030 1368 1091 ὅπου
1389 1031 1454 1102 θεδς
1478 1031 1551 1098 αὐτός
1584 1074 1585 1106 ,

261 1156 317 1219 ἐστί
339 1158 369 1218 τό
392 1153 590 1232 ἁπμαῖόμενον
598 1153 622 1236 ¹)
644 1153 691 1214 καὶ
713 1154 780 1234 πρός
803 1155 881 1213 αύιιδν
904 1155 1010 1213 ἐκεῖνον
1033 1154 1156 1235 ἄντικρυς
1179 1146 1312 1227 διαβαίνει
1330 1153 1362 1212 τ“ο
1377 1159 1427 1228 τῇς
1440 1153 1551 1230 γνώμης
1584 1149 1585 1166 ²

259 1280 406 1358 κακόηθες,
430 1277 489 1338 τίνα
512 1277 598 1354 δήπου
621 1275 694 1349 εἰκός
716 1279 734 1352 ἢ
756 1276 836 1336 ποίαν
860 1276 1080 1358 ἐπαιωρουμένην
1104 1273 1224 1347 ἐλπίζειν
1246 1277 1295 1353 τἠν
1316 1273 1464 1356 τιμωρίανς
1488 1273 1550 1334 ἀλλ’

261 1403 310 1463 αὐκ
336 1397 413 1478 οίμαι
440 1403 472 1462 σύν
497 1421 564 1460 ποτε
592 1397 635 1460 ἐπὶ
661 1406 785 1460 τοσούτου
814 1399 904 1459 ἐλθεῖν
931 1397 1060 1472 ἀπονοίας
1081 1402 1150 1479 τινά,
1181 1399 1237 1460 ούδ’
1250 1398 1290 1472 εἰς
1314 1400 1432 1478 ἐσχάτην
1458 1397 1550 1456 ἐλάσαι

260 1519 464 1604 παραπληξίοιν.
509 1521 583 1598 πλὴν
605 1524 656 1582 κάν
680 1521 707 1580 εί
726 1541 796 1594 τινες
818 1519 883 1594 ἴσως
906 1516 963 1581 είεν
984 1519 1031 1582 καὶ
1052 1523 1120 1602 πρός
1142 1520 1240 1582 κακίαν
1264 1521 1341 1582 ἔνδον
1364 1519 1434 1602 δργᾷ
1453 1521 1552 1590 τούτοις
1585 1598 1586 1632 γ

260 1647 278 1724 ἡ
302 1646 385 1724 ψυχή,
416 1645 493 1704 ἀλλά
519 1665 553 1722 γε
580 1645 625 1704 τὀν
647 1644 770 1724 παρόντα
790 1642 997 1724 χρυσόβουλλον
1019 1643 1106 1722 λόγον
1129 1641 1169 1715 εἰς
1192 1643 1362 1721 ἐπιτείχισμα
1385 1641 1458 1722 οῶτῷ
1483 1643 1551 1702 ἐκτι-
1585 1645 1586 1660 ’

261 1768 375 1847 θέμεθα,
406 1766 440 1826 δι’
454 1759 484 1826 ού
510 1768 584 1847 πάσῃ
611 1764 661 1841 μέν
690 1764 820 1847 βασιλικῇ
848 1761 957 1846 ἐξουσίᾳ
983 1763 1030 1824 καὶ
1058 1771 1202 1848 σεκρετικῇ
1224 1763 1366 1847 προσβολῇ
1388 1762 1436 1824 καί
1458 1785 1551 1842 πατρι-

262 1893 363 1970 αρχικῇ
392 1885 468 1961 τάξει
490 1885 537 1947 καί
560 1887 636 1970 άλλη
659 1886 847 1968 άρχιερατικῇ,
878 1887 946 1968 προς
969 1885 1000 1944 δέ
1022 1885 1069 1946 καὶ
1090 1893 1124 1969 τῇ
1146 1891 1200 1946 τῶν
1223 1887 1409 1967 ὑπερεχόντων
1433 1863 1552 1966 αῶθέντίᾳ

260 2015 279 2086 ῇ
306 2009 353 2071 καί
379 2015 434 2070 τῶν
462 2009 681 2088 ἐλαχιστοτέρων
707 2007 773 2080 ἴσως
799 2014 833 2090 τῇ
861 2007 984 2090 οθθενείφι
1009 2009 1040 2067 τδ
1068 2005 1111 2068 ἐπὶ
1133 2012 1217 2068 ταῦτα
1239 2005 1389 2070 εἰσδύεσθαι
1411 2007 1553 2076 παντελῶς

262 2133 452 2206 άποποιύομεν·
488 2129 581 2190 άδικον
608 2129 662 2211 γὰρ
686 2127 784 2190 ἐπίτόι
806 2131 893 2205 πάντη
915 2129 1015 2190 τούτων
1038 2127 1242 2210 ἀλλότριοικαὶ
1264 2130 1338 2210 μόνῳ
1361 2129 1417 2208 θεῷ
1443 2128 1552 2190 ἀνακεί-
1586 2122 1587 2208 ί

263 2274 333 2331 μενα
356 2251 443 2328 μηδὲν
467 2250 541 2312 ἄλλο
563 2255 582 2325 ἢ
604 2253 634 2311 τό
650 2251 798 2326 βούλεσθαι
821 2250 924 2311 δίκαιον
941 2251 1056 2329 έχοντας
1072 2249 1197 2310 είσδύνειν
1212 2247 1259 2310 καί
1274 2251 1313 2328 μὴ
1328 2251 1426 2324 καλῶς
1440 2271 1553 2330 παρεισ·

262 2375 426 2456 φθείρεσθαι,
450 2375 520 2450 μόνα
543 2372 575 2432 δέ
596 2371 635 2450 τῷ
657 2371 858 2452 πανοικτίρμονι
881 2371 936 2452 θεῷ
959 2371 1209 2454 προσδικάζομενῖ)
1224 2370 1270 2434 καὶ
1285 2379 1335 2448 τῆς
1350 2375 1430 2434 αύτού
1445 2373 1553 2455 μερίδος

264 2492 333 2557 είναι
355 2500 439 2556 ταῦτα
461 2493 668 2574 διαιαττόμεθα,
696 2494 804 2554 πάντων
826 2499 879 2554 τῶν
900 2490 939 2572 τῷ
962 2495 1102 2576 μαγίστρῳ
1124 2494 1247 2568 εύσεβῶς
1269 2493 1313 2554 ἐπὶ
1335 2495 1440 2566 τούτοις
1463 2495 1553 2556 διατε-

263 2619 416 2698 ταγμένων,
440 2617 479 2688 ὡς
502 2613 574 2695 αύτῷ
596 2635 627 2674 τε
650 2613 730 2688 ἔδοξε
752 2613 799 2675 καὶ
823 2615 851 2675 ἐν
875 2617 1004 2696 ἐγγράφῳ
1023 2615 1116 2676 τούτου
1132 2615 1248 2698 διαταγῇ
1263 2615 1465 2698 περιείληπται,
1490 2611 1554 2676 είναί
1587 2646 1588 2670 ι

263 2761 293 2800 τε
316 2737 356 2812 εἰς
377 2741 407 2799 τό
430 2736 496 2815 έξῇς
518 2736 565 2800 καί
581 2735 780 2814 οἰκονομεῖσθαι
795 2738 975 2818 ὀφειλόντων,
999 2738 1033 2798 δι’
1046 2733 1083 2798 ῶν
1099 2739 1114 2796 ό
1128 2737 1186 2810 υίδς
1201 2740 1280 2800 αύτού
1295 2739 1310 2797 ό
1326 2737 1467 2811 δισύπατος
1483 2737 1553 2800 Θεό-

264 2859 352 2942 δωρος
374 2859 421 2922 καὶ
444 2859 587 2936 βασιλικός
610 2862 742 2941 νοτάριος,
764 2860 813 2934 τὴν
836 2861 990 2940 ἐπιτηρησιν
1012 2833 1067 2920 τῶνΙ
1085 2861 1210 2921 τοιούτων
1225 2859 1346 2936 εύσεβιῖιν
1361 2859 1553 2936 άναστημάτων

263 2981 310 3044 καί
340 2981 470 3058 διοίκησιν
501 2981 572 3044 κατὰ
602 2983 632 3042 τό
663 2985 709 3042 τού
739 2979 881 3062 εἰρημένου
907 2983 1039 3062 κτητορος
1065 2981 1173 3042 τυπικδν
1201 2981 1389 3062 ἐπιτέτραπται
1410 2981 1459 3042 καὶ
1479 2981 1505 3042 οί
1527 2977 1554 3052 ἐξ

264 3106 360 3186 όσφύος
383 3100 488 3166 ἐκείνου
509 3105 677 3184 γεννώμενοι
698 3102 745 3164 καί
767 3099 888 3180 καθεξῆς
909 3104 927 3180 ἡ
949 3104 1049 3164 τούτων
1073 3103 1199 3184 διαδοχή,
1224 3105 1320 3184 μέχρις
1341 3105 1374 3163 ἂν
1390 3101 1512 3185 διαρκαίη
1526 3105 1553 3161 τό

263 3229 345 3306 γένος
369 3229 457 3307 αὐτού,
487 3226 581 3287 τούτου
604 3225 635 3286 δὲ
658 3228 866 3307 παρερχομένου
887 3227 918 3286 τό
941 3223 1111 3299 αύτεξούσιον
1133 3224 1180 3287 καί
1203 3224 1400 3288 αθτοδέσποτον
1422 3229 1553 3307 προσεῖναι

263 3355 297 3431 τῇ
321 3355 390 3431 μονῇ
412 3347 520 3427 καὶτῷ
542 3345 753 3428 πτωχοτροφείῳ
775 3346 822 3408 καί
845 3348 885 3428 ὑφ’
898 3349 1012 3426 ἡγεμόνι
1027 3347 1083 3427 θεῷ
1098 3345 1144 3408 καὶ
1158 3354 1297 3430 προνοητῇ
1312 3349 1361 3424 τὴν
1375 3353 1465 3408 πᾶσαν
1480 3342 1552 3417 διεξ-

265 3473 343 3548 άγειν
366 3471 492 3550 πρόνοιαν
515 3469 562 3530 καί
586 3470 717 3545 διοίκησιν
739 3471 829 3544 πάσης
852 3470 977 3550 ἐφορείας
1000 3471 1169 3551 άνθρωπίνης
1191 3469 1238 3532 καὶ
1263 3470 1393 3552 ἐπηρείας
1409 3469 1512 3532 ἐκεῖθεν
1526 3465 1553 3538 ἐξ

267 3591 355 3652 αθτῶν
377 3591 610 3671 άποτρεπομένης,
634 3587 907 3668 ἐξκουσσευθησονται
926 3591 958 3654 δέ
972 3591 1020 3654 καί
1034 3593 1068 3654 τὰ
1082 3593 1184 3664 τούτοις
1199 3595 1335 3674 προσόντα
1347 3595 1437 3652 πάντα
1447 3591 1553 3664 ἀκίνητα

266 3713 339 3790 μετὰ
368 3712 415 3774 καὶ
444 3718 497 3772 τῶν
527 3714 632 3774 λοιπῶν
654 3718 700 3774 τού
727 3712 875 3795 μαγίστρου
902 3716 1059 3793 κτημάτων,
1089 3715 1182 3786 καθὼς
1208 3715 1354 3795 κατωτέρω
1382 3715 1450 3795 πρός
1472 3713 1552 3786 όνομι

267 3833 484 3916 δηλωθὴσονται,
509 3831 563 3895 άπό
577 3857 608 3896 τε
623 3841 729 3917 κριτῶν,
752 3839 922 3918 πρακτόρων,
938 3842 1113 3918 στρατευτῶν,
1130 3836 1265 3919 όρθωτῶν,
1283 3837 1419 3918 ἐποπτῶν,
1435 3836 1552 3915 ἀναγρα-

265 3959 349 4039 φέων,
373 3955 533 4037 φορολόγων
555 3955 603 4018 καί
624 3962 678 4018 τῶν
701 3957 743 4018 ίατ’
757 3957 852 4030 αύτούς
874 3955 999 4019 ἁπάντων
1022 3957 1092 4034 μετὰ
1106 3963 1160 4018 τῶν
1177 3959 1206 4018 ἐν
1221 3959 1313 4031 αυτοῖς
1326 3957 1551 4038 προσκαθημένων

270 4079 383 4142 ἐνοίκων
406 4077 453 4140 καί
474 4077 611 4160 παροίκων
633 4071 681 4140 καί
703 4082 793 4154 πάσης
815 4079 947 4160 ἐπηρείας
967 4077 1014 4140 καί
1035 4081 1193 4160 προσθήκης
1215 4080 1355 4162 δημοσίου,
1377 4073 1552 4156 κανιοκείουί)

265 4223 296 4264 τε
319 4181 366 4262 καί
388 4200 576 4262 ἀντικανίοκου
598 4201 721 4282 άνῶτερα
744 4201 994 4284 διατηρηθησονται,
1017 4203 1056 4274 ῶς
1079 4201 1150 4279 μηδὲ
1172 4201 1292 4284 πάροδον
1316 4201 1344 4262 ἐν
1367 4203 1469 4274 τούτοις
1490 4194 1552 4259 εἶναι

266 4321 315 4384 τινὶ
336 4329 390 4384 τῶν
412 4325 551 4384 ἁπάντων·
574 4325 641 4405 πρός
663 4323 717 4404 γάρ
740 4322 778 4403 τῷ
796 4323 900 4396 τούτοις
916 4325 1013 4385 ἅπασιν
1029 4323 1083 4384 όιπδ
1097 4328 1143 4385 τού
1158 4325 1292 4407 παρόντος
1306 4325 1376 4384 κατὰ
1391 4325 1422 4389 τδ
1437 4317 1552 4399 διηνεκὲς

372 4609 392 4674 ¹)
423 4607 615 4675 corrigendum
650 4607 766 4659 videtur:
802 4603 816 4657 ό
847 4605 1019 4677 ἀτιμαζόμενος
1090 4609 1112 4676 ²)
1140 4608 1316 4680 προδικάζομεν
1349 4610 1375 4661 S.
1446 4609 1467 4676 ³)
1492 4621 1548 4656 τανι-

268 4701 337 4754 σκίου
355 4703 381 4754 Β.
