3166 5298
1253 375 1310 440 121

13 571 172 628 ανσέπτου
198 575 295 630 σεπτσῦ
318 569 417 630 οἰκείου
438 576 471 651 τῇ
495 569 622 652 βασιλείᾳ
645 590 705 648 μου,
728 573 778 650 κῡρ
801 569 954 650 Νικηφόρου
975 575 1022 630 τοῦ
1044 569 1191 650 Μαρτίνου,
1231 569 1259 628 ἐν
1282 567 1313 628 δὲ

13 689 28 768 ξι
53 689 166 771 καιρῷ
191 698 243 767 τῆς
264 693 420 770 συγχύσεως
443 691 579 772 ἐκρατήθη
601 692 685 752 πάλιν
709 692 772 752 αθτθ
794 690 841 752 καί
865 691 947 766 ἐδόθη
969 693 1036 772 πρδς
1050 693 1095 752 τδν
1110 696 1227 752 τοιοῦτον
1242 694 1313 752 πάν-

13 833 97 873 τπτσν
127 816 239 874 σεπτδν
255 815 389 895 Μαρτῖνον
412 814 457 874 διὰ
478 817 641 893 γράμματος
661 817 707 874 τοῦ
729 813 801 874 θείου
823 821 873 890 τῆς
896 814 1038 888 βασιλείας
1061 835 1121 892 μου,
1144 817 1190 874 τοῦ
1214 815 1312 889 ένμο-

13 938 98 1013 ιχσῑς
128 936 234 1017 κυρίου
255 936 413 997 Καλλίστου
435 941 481 997 τοῦ
504 937 711 1017 Παλαιολὸγου,
736 937 770 997 δι’
785 939 886 1012 ἄμυναν
909 935 956 996 καί
977 937 1085 1016 κακίαν,
1107 938 1141 1011 ἣν
1165 931 1225 1014 είχε
1247 937 1314 1016 πρὸς

13 1075 36 1115 ,ν
63 1059 297 1137 θεοφιλέστατον
321 1059 465 1120 ἐπίσκοπον
481 1060 597 1137 Ζιχνῶν,
622 1061 660 1131 ὡς
683 1060 721 1134 μὴ
746 1057 938 1135 ἐνδειξάμενον
954 1057 994 1130 εἰς
1008 1059 1057 1132 τὴν
1073 1059 1154 1132 αὐτὴν
1172 1057 1314 1130 βασιλείαν

13 1201 46 1240 ου
73 1181 303 1258 εὐγνωμοσύνην
325 1181 384 1240 τινὰ
407 1179 495 1260 ἐντῷ
517 1181 627 1258 τοισίτῳ
650 1182 745 1260 καιρῷ.
771 1176 830 1240 εἶτα
852 1180 949 1254 λαβὼν
969 1182 1048 1252 αθτδς
1064 1175 1101 1265 [ὁ]
1117 1181 1214 1251 σεπτδς
1228 1180 1312 1259 Μαρ-

13 1305 70 1374 ίνος
88 1301 148 1362 καί
168 1303 328 1382 ἀποκρύψας
342 1305 372 1362 τό
387 1306 504 1363 τοιοῦτον
520 1300 649 1382 όγρίδιον,
667 1303 759 1381 ἐδόθη,
783 1305 820 1372 ὡς
836 1301 949 1383 εἴρηται,
974 1302 1019 1362 διὰ
1030 1301 1235 1391 χρυσοβοθλλου
1246 1302 1314 1381 πρδς

13 1426 43 1498 ἠν
72 1423 240 1504 εἰρημένην
263 1425 412 1500 σεβασμίου
435 1427 529 1504 μόνην,
554 1420 634 1510 [ἥτις]
655 1423 798 1504 ἐποφίσατο
820 1427 982 1504 πρόσταγμα
1004 1423 1050 1484 καί
1071 1424 1146 1505 παρὰ
1167 1425 1213 1483 τοῦ
1237 1423 1314 1501 ἁγίου

13 1546 144 1606 τίθέντου
171 1545 219 1607 καί
239 1547 387 1624 βασιλέως,
410 1549 456 1606 τοῦ
475 1549 584 1606 πάππου
599 1551 649 1621 τῆς
665 1544 806 1619 βασιλείας
822 1565 882 1625 μου,
906 1543 952 1605 καὶ
969 1545 1069 1620 ἐδεήθη
1085 1543 1146 1626 περὶ
1160 1546 1252 1605 τοθτου
1267 1542 1314 1604 καὶ

13 1669 264 1746 ταρεκλητεθσατσ
285 1669 333 1743 τὴν
357 1667 498 1741 βασιλείαν
521 1689 573 1742 μου
588 1669 602 1727 ό
619 1665 776 1747 διαληφθεὶς
792 1667 999 1746 θεοφιλέστατος
1016 1669 1169 1748 ἐπίσκοπος,
1193 1671 1253 1744 ἥτις
1267 1665 1315 1729 καὶ

13 1797 52 1864 ῆς
75 1791 217 1867 δεήσεως
232 1792 311 1851 αὐτοῦ
326 1790 500 1850 ἐπακούσασα
516 1791 574 1868 ἔχει
590 1791 702 1865 θέλημα
715 1788 762 1850 καί
779 1789 921 1870 διορίζεταί
935 1811 987 1870 σοι,
1011 1792 1049 1860 ὡς
1065 1789 1139 1861 αὖθις
1154 1793 1314 1870 ἡγουμένως

13 1911 183 1995 ίπεσποὶσης
205 1912 258 1972 ἀπό
280 1916 327 1972 τοῦ
348 1913 465 1972 τοιούτου
486 1914 636 1972 πανσέπτου
659 1916 755 1972 σεπτοϋ
776 1916 822 1972 τοῦ
838 1911 975 1992 Μαρτίνου
997 1915 1028 1972 τδ
1048 1913 1111 1973 αθτδ
1131 1912 1251 1992 ἀγρίδιον
1266 1911 1314 1972 καὶ

13 2035 189 2116 ταραδώσης
219 2037 295 2094 τοῦτο
323 2033 407 2093 πάλιν
436 2035 504 2113 πρός
525 2034 556 2094 τδ
580 2036 663 2113 μέρος
684 2039 734 2111 τῆς
756 2031 948 2112 διαληφθείσης
971 2033 1122 2110 σεβασμίας
1144 2039 1238 2114 μονῆς,
1266 2031 1314 2094 καὶ

13 2159 126 2239 κατέχῃ
151 2155 200 2217 καὶ
222 2159 339 2232 νέμηται
360 2159 437 2216 τοῦτο
459 2156 653 2234 ἀνενοχλήτως
674 2154 721 2216 καὶ
744 2155 919 2228 ἀδιασείστως
941 2154 988 2216 καί
1010 2157 1080 2215 κατὰ
1102 2157 1150 2231 τὴν
1169 2155 1313 2236 περιληψιν
1346 2187 1349 2192 ,

13 2283 55 2336 τοῦ
87 2279 343 2358 ἐπιχορηγηθέντος
371 2276 442 2356 αθτῷ
469 2277 677 2356 χρυσοβοίιλλου
704 2281 749 2338 τοῦ
772 2276 850 2357 ἁγίου
873 2299 924 2354 μου
947 2279 1073 2338 αθθέντου
1095 2277 1141 2338 καί
1166 2279 1313 2359 βασιλέως,

13 2403 56 2457 τοῦ
80 2403 199 2460 ποίππου
221 2405 270 2475 τῆς
293 2399 436 2474 βασιλείας
459 2421 520 2480 μου,
543 2397 589 2460 καί
613 2400 691 2460 σὐδέν
715 2401 823 2482 εὑρίσκῃ
845 2401 875 2460 τδ
896 2401 980 2482 μέρος
1002 2403 1084 2488 αὐτῆς
1100 2399 1143 2460 ἐπὶ
1158 2406 1192 2482 τῇ
1208 2406 1314 2482 μετοχῇ

13 2519 60 2578 καὶ
93 2527 169 2602 νομῇ
199 2519 246 2580 καί
275 2527 340 2582 πᾶσι
368 2525 424 2594 τοῖς
455 2520 567 2594 δικαίοις
598 2523 677 2582 αὐτοῦ
705 2519 765 2581 οὔτε
791 2522 866 2602 παρὰ
891 2526 937 2583 τοῦ
965 2509 1137 2599 δηλωθέντος
1163 2525 1314 2584 πανσέπτου

17 2648 118 2702 σεπτοῦ
141 2647 187 2704 τοῦ
203 2643 349 2722 Μαρτίνου,
374 2642 433 2704 οὔτε
455 2645 519 2724 παρ’
529 2645 618 2703 ἄλλου
640 2645 710 2716 τινός
729 2649 783 2703 τῶν
799 2646 923 2704 ἁπάντων
940 2643 978 2716 είς
994 2649 1071 2705 τοῦτο
1086 2643 1313 2704 καταδυναστείον

17 2767 35 2837 ἠ
66 2765 242 2844 διενόχλησίν
272 2785 330 2825 τινα
360 2765 406 2825 καὶ
437 2765 563 2846 ἐπίθεσιν,
597 2768 663 2847 πρός
695 2765 726 2826 δέ
755 2767 801 2826 τόν
827 2769 945 2826 τοιοῦτον
972 2770 1121 2827 ποίνσεπτσν
1149 2769 1245 2826 σεπτὸν
1268 2769 1314 2826 τόν

22 2885 161 2966 ,θίαρτῖνσν
177 2886 359 2970 οίκσνομήσης
373 2887 419 2948 καί
436 2888 502 2969 δοθῇ
517 2889 570 2949 ἀπδ
587 2888 827 2966 ἐξαλειμματικῶν
842 2887 889 2948 καί
905 2889 1057 2968 ἐλευθέρων
1072 2895 1150 2948 τινῶν
1168 2884 1312 2974 [στάσεων]
1387 2911 1392 2922 ·

22 3007 156 3071 ίσόποσον.
181 3013 224 3070 τδν
247 3009 308 3092 περὶ
330 3011 422 3071 τοίιτου
445 3008 489 3071 οθν
512 3013 611 3071 σκοπόν
634 3009 680 3072 καὶ
701 3013 731 3072 τδ
747 3011 858 3088 θέλημα
873 3017 922 3087 της
938 3009 1081 3085 βασιλείας
1097 3032 1147 3086 μου
1162 3011 1311 3085 καταλαμ-

24 3129 113 3204 βίνεις
136 3131 184 3192 καί
206 3132 391 3208 ἐπεμελήθητι
414 3130 461 3192 καί
483 3131 681 3212 ἀποπλήρωσον
704 3133 775 3192 κατὰ
793 3135 838 3192 τδν
853 3135 974 3213 παρόντα
989 3133 1107 3213 ὁρισμόν,
1130 3133 1159 3191 δν
1174 3130 1222 3192 καὶ
1237 3132 1312 3192 ἀντί-

28 3258 135 3330 πρεψσν
157 3255 225 3334 πρός
247 3255 277 3314 τδ
302 3257 385 3335 μέρος
406 3261 455 3330 τῆς
478 3253 671 3336 διαληφθείσης
694 3256 844 3332 σεβασμίας
868 3261 953 3332 μονῆς
977 3255 1019 3316 ἐπὶ
1041 3253 1080 3334 τῷ
1094 3257 1230 3336 προσεῖναι
1246 3256 1312 3338 αθτῇ

28 3369 58 3430 δι’
69 3375 218 3454 ἀσφάλειαν
241 3380 266 3452 ί.

126 3491 242 3575 ηΕίχε
257 3497 312 3558 καί
329 3498 516 3580 δι’ἐρυθρῶν
532 3503 735 3579 γραμμάτων
750 3507 809 3576 τῆς
825 3501 1003 3578 βασιλικῆς
1018 3497 1074 3560 καί
1089 3500 1181 3572 θείας
1196 3501 1313 3580 χειρθς

32 3617 72 3688 τό·
105 3621 273 3698 Στέφανος
294 3620 439 3701 κρσίλης,
464 3619 540 3696 μηνὶ
563 3623 732 3701 αθγοίιστῳ
755 3619 782 3698 η’
806 3627 831 3698 †.

128 3750 271 3803 Ιοαιιιιίιίσι
286 3749 337 3804 Nr.
357 3753 383 3804 8.

285 3985 413 4050 XXIII.
438 3985 514 4052 Sine
537 4007 630 4068 anna,
654 3988 684 4050 4.
708 3987 827 4050 mensis
850 3986 1050 4072 septembris.

38 4144 90 4199 Rea
103 4147 251 4220 Stephanus
266 4151 366 4204 Dutan
384 4153 519 4206 monachis
542 4153 699 4206 monasterii
714 4151 742 4206 S.
761 4152 872 4206 Ioannis
892 4154 921 4206 in
940 4159 1025 4206 monte
1042 4153 1180 4206 Menoeceo
1196 4151 1314 4205 concedit

183 4254 350 4324 facultatem
365 4255 514 4310 σοίόιοαιιείί
526 4257 642 4310 homines
658 4257 754 4309 liberos
769 4258 798 4310 in
813 4259 1027 4326 possessionibus
1043 4273 1141 4310 emam.

280 4438 437 4519 Ὀρισμδς
458 4445 514 4500 τοῦ
537 4441 647 4520 κράλη
671 4441 724 4500 διὰ
745 4441 821 4514 τοὺς
845 4442 1054 4522 ἐλευθέρους.

124 4595 234 4672 ’[Ἐπεί
261 4597 286 4656 οί
309 4595 425 4674 μσναχοὶ
448 4601 497 4672 της
520 4596 670 4673 σεβασμίας
693 4603 778 4672 μονῆς
797 4601 843 4657 τοῦ
858 4598 945 4672 τιμίου
961 4595 1071 4670 ἐνδόξου
1086 4597 1221 4678 προφήτου
1237 4597 1312 4676 Προ-

44 4709 120 4790 θρόμου
145 4712 193 4779 καὶ
216 4720 367 4778 Βοιπτιοτοῦ
391 4719 517 4777 ’ίωοίννου
543 4724 593 4793 τῆς
620 4717 714 4796 ἐντῷ
738 4719 881 4797 Μενοικέῳ
905 4720 1078 4794 διακειμένης
1102 4720 1240 4798 ἀνέφερον,
1271 4720 1311 4777 ὅτι
