3166 5298
649 1013 725 1090 ΠΙ.

351 1202 428 1277 λιιι
446 1203 581 1278 civitatis
600 1209 629 1277 ιι
647 1205 793 1278 ecclesiae
810 1203 1024 1278 Ιιιισίιιιιιιι.

304 1428 331 1492 Ι.
355 1425 580 1505 6827-1319,
605 1448 716 1494 mense
738 1427 912 1512 februario,
935 1426 1002 1492 ind.
1025 1427 1068 1494 ΙΙ.

41 1611 190 1679 Imperator
202 1611 374 1664 Andronicum
386 1609 427 1664 ΙΙ.
441 1609 621 1680 Ραίαεοίορνιε
633 1608 774 1678 confirmat
788 1611 862 1678 εὐνα,
875 1610 1034 1681 ρτίυἰίερία,
1051 1610 1227 1680 aemptzbnes
1239 1615 1263 1663 εί
1269 1625 1334 1680 μοι·

355 1713 484 1768 mamm
499 1713 625 1768 εσοίεσίαε
640 1719 665 1767 εί
679 1713 799 1767 abitalia
814 1715 1018 1768 Ιουιιιιίποτυιιιι.

139 1920 156 1990 ή
180 1916 229 1974 Ἐν
260 1913 311 1991 μὲν
339 1917 395 1986 τοῖς
424 1913 508 1996 ίεροῖς
536 1912 584 1976 καί
613 1914 697 1987 θείοις
722 1913 830 1992 λογίοις
858 1914 914 1974 υίόν
945 1913 1105 1995 εὑρίσκομεν
1130 1919 1181 1990 τῆς
1201 1919 1334 1994 πατρικῆς

43 2035 195 2106 ἐπιστασίας
220 2033 268 2096 καί
295 2037 476 2110 συνοικήσεως
499 2033 719 2116 δραπετεύσαντα
740 2032 788 2094 καὶ
809 2037 896 2096 κακόν
918 2040 1014 2108 κακῶς
1035 2033 1172 2094 ἀπόλυσον
1193 2035 1264 2106 τέως
1286 2033 1335 2094 καί

41 2157 148 2232 ροίλως
176 2155 312 2230 βιώσαντα
338 2157 439 2236 χρόνον
467 2159 517 2216 οθκ
543 2155 647 2233 όλίγον,
679 2154 730 2233 όψὲ
757 2155 792 2231 δὴ
819 2154 866 2216 καὶ
893 2155 976 2231 μόλις
997 2157 1147 2235 γινόμενον
1169 2155 1265 2216 ἑαυτοῦ
1285 2153 1334 2214 καί

40 2279 148 2352 Ῥώμην
177 2275 371 2352 μέῒθβαλόπα
396 2279 531 2356 ww&
561 2275 745 2358 προσδραμεῖν
772 2275 828 2358 ελθ
854 2275 924 2358 θοθίῖ
950 2281 1123 2358 ‘imm
1146 2273 1335 2358 φιλανθρωπίᾳ

40 2395 83 2455 καὶ
104 2403 200 2480 ρυσιιιῇ
220 2400 290 2478 πρὸς
311 2397 418 2470 οἴκτους
440 2399 591 2474 ἑτοιμότήτι
613 2395 660 2457 καί
681 2395 899 2478 προσδραμόντα,
927 2397 967 2476 μὴ
988 2403 1042 2458 τῶν
1065 2403 1190 2478 χρήστων
1214 2397 1333 2458 ἐλπίδων

40 2517 190 2598 ότοπεσεῑν,
213 2514 327 2594 μηδ’ὧν
350 2518 492 2597 ἐδόκησεν,
514 2515 607 2578 ἀλλ’ό
629 2519 718 2598 πατὴρ
740 2517 794 2598 γὰρ
818 2517 890 2596 σιίντῷ
905 2521 981 2594 -ή
1003 2517 1029 2578 τί
1048 2539 1083 2598 γε
1102 2517 1221 2597 ἔμελλε,
1243 2518 1333 2598 πατήρ

40 2639 85 2714 ὧν,
115 2645 164 2714 τῆς
189 2639 293 2718 ρθσεως
319 2637 426 2700 οίκοθεν
453 2641 524 2698 ίθστε
550 2641 700 2714 συμπαθεῖν
727 2639 862 2714 ἑλκούσης
888 2673 931 2684 -
958 2636 989 2700 εὖ
1016 2639 1097 2714 μάλα
1122 2637 1260 2721 πρόθυμος
1288 2637 1334 2697 διὰ

42 2764 143 2840 μικροῦ
168 2758 259 2832 δεξιόν
285 2757 419 2840 προτείνει
445 2757 492 2818 καὶ
518 2758 656 2840 προσίστα
682 2760 729 2821 τόν
754 2759 966 2836 πολυπλάνητον
993 2758 1049 2818 υἱόν
1070 2757 1119 2820 καὶ
1140 2761 1230 2820 πάντα
1252 2759 1278 2820 οἱ
1298 2758 1334 2819 τό

42 2883 119 2940 αἰτοῦ
138 2879 184 2940 καὶ
203 2883 250 2940 τόν
273 2875 348 2940 οίκον
370 2882 420 2940 οθκ
446 2875 547 2953 οἶδ’θις
570 2879 597 2940 εί
616 2901 683 2940 ποτε
705 2879 811 2960 χαίρων
833 2879 938 2959 ἀνοίγει
959 2885 1130 2961 παραχρῆμα
1152 2879 1199 2940 καί
1228 2882 1332 2958 μόσχον

43 3003 185 3076 θυσάμενος
198 3001 312 3062 σιτιστόν
332 3001 365 3061 ὲκ
378 3006 555 3081 παρασκευῆς
568 3001 655 3078 ἵστησι
665 3003 802 3081 τράπεζαν
816 2998 865 3062 καί
878 2999 1040 3062 πανδαισίαν
1053 2999 1218 3082 ἐλευθερίως
1232 3006 1333 3082 τρυφῆς

44 3122 87 3180 καὶ
112 3123 198 3199 ἡδέως
223 3125 264 3195 ὡς
284 3125 324 3182 ότι
347 3123 459 3198 μάλισθ’
468 3121 556 3201 ἑαυτῷ
577 3123 740 3204 παρατίθησι
761 3119 809 3181 καί
832 3123 892 3198 μετ’
901 3122 1064 3202 ευρροσόνης
1085 3121 1145 3193 οἵας
1167 3121 1284 3203 ἀρρήτου
1306 3122 1330 3182 τ’

46 3245 196 3320 ἀπολόμενα
216 3244 333 3304 πολλῶν
354 3243 410 3320 ἤδη
432 3250 486 3304 τῶν
508 3245 614 3324 χρόνων
637 3242 831 3319 ἀπολαμβάνει
852 3243 978 3324 φίλτατα.
1001 3241 1048 3304 καὶ
1070 3245 1190 3316 τοιοῦτός
1210 3263 1251 3314 τις
1265 3243 1331 3318 ήμῑν

46 3366 121 3437 τόπος
145 3367 172 3426 ἐν
200 3364 375 3444 εόαγγελίοις
401 3371 451 3440 τῆς
471 3365 540 3444 προς
565 3367 597 3425 τό
618 3365 809 3445 φιλάνθρωπον
830 3363 878 3426 καί
901 3363 1040 3440 συμπαθὲς
1061 3365 1235 3440 ἑτοιμότήτος
1256 3362 1330 3424 ίστο-

48 3489 133 3564 ρεῑται,
161 3486 284 3567 χρηστὰς
311 3486 365 3566 apa
387 3485 436 3558 τὰς
459 3485 576 3558 ἐλπίδας
596 3486 744 3566 προτείνων
765 3487 873 3558 πάντως
895 3484 942 3544 καί
964 3487 1060 3558 πιστάς
1080 3505 1116 3565 γε
1138 3486 1190 3563 σὐχ
1210 3478 1331 3565 ᾖιτονή

50 3611 168 3688 χρηστάς,
190 3609 264 3680 όοτις
278 3611 312 3668 αν
327 3603 358 3667 εὖ
373 3609 452 3684 μάλα
466 3607 595 3687 πείθοιτο,
618 3605 665 3667 καί
679 3607 862 3688 παραπλήσια
878 3602 954 3688 δρῴη
969 3605 1017 3668 καὶ
1030 3607 1093 3678 τοθς
1109 3604 1204 3680 αθτοθς
1219 3605 1332 3687 ἐράνους

53 3731 200 3810 συνεαρόρσι
223 3731 280 3800 τοῖς
297 3728 329 3788 ἐκ
344 3730 558 3807 μεταγνώσεως·
583 3729 666 3789 ἔπειτ’
674 3728 742 3789 αθτόι
756 3728 790 3788 τὰ
806 3726 876 3808 σφίσι
890 3727 1019 3802 βέλτιστα
1035 3723 1189 3808 ᾖννορῶσιν,
1212 3728 1333 3806 εὐγενῶς

53 3847 159 3910 ἀπαντῶν
181 3849 229 3910 καὶ
250 3851 319 3930 πρός
339 3855 429 3910 πᾶσαν
451 3849 592 3927 ὑποδοχὴν
613 3847 662 3909 καὶ
684 3847 774 3922 ξενίαν
790 3847 837 3910 καὶ
852 3849 970 3924 λιμένας
985 3850 1093 3924 ἀπάσης
1108 3843 1227 3922 εθποιίας
1241 3846 1331 3924 ήθισθ

54 3966 197 4052 ὑπανοίγων,
229 3974 269 4042 όνς
291 3973 324 4030 ἂν
348 3970 450 4047 ἀμέλει
470 3968 519 4031 καί
542 3971 622 4043 αθτθς
642 3971 678 4030 τὰ
698 3977 747 4047 τής
770 3969 932 4047 δεσποτικῆς
955 3971 1077 4032 ἐντεῦθεν
1100 3969 1261 4049 οἰκονομῶν,
1292 3971 1331 4040 ὡς

57 4086 132 4172 εἰπεῖν,
153 4093 356 4174 φιλανθρωπίας
378 4091 426 4152 καὶ
447 4093 497 4164 τὰς
520 4091 670 4164 ἀντιδόσεις
691 4097 746 4152 τῶν
767 4093 1056 4173 προκεχορηγήμένων
1072 4091 1175 4172 ἐράνων
1188 4113 1330 4174 προκατα-

58 4211 173 4285 τκευάζων
196 4213 237 4288 είς
259 4215 294 4274 τὰ
314 4216 438 4296 χρήσιμα
461 4215 572 4290 μάλισθ’
582 4212 670 4292 ἑαυτῷ
691 4212 738 4274 καὶ
758 4212 860 4292 πολλῷ
874 4233 910 4292 γε
925 4211 1037 4291 βελτίω,
1060 4211 1108 4273 καὶ
1123 4207 1167 4274 οἷα
1183 4214 1221 4290 μὴ
1236 4233 1329 4294 παρα-

58 4329 154 4401 θελλειν
175 4336 251 4407 όλως
275 4328 332 4396 ἐστὶ
353 4335 425 4396 κατὰ
446 4335 481 4396 τό
502 4336 624 4416 παρόντα
644 4333 692 4396 καί
715 4333 790 4410 δῆλα
811 4339 904 4394 ταῦτα.
927 4332 1023 4394 καὶτὰ
1039 4335 1249 4416 μίνγεοθτως,
1264 4337 1331 4412 ήμῑν

58 4449 146 4536 δ’ἴσως,
174 4455 197 4516 εί
228 4457 375 4534 μέλλομεν
405 4457 473 4516 ἅττα
499 4455 628 4530 βέλτιστα
654 4457 719 4531 ἡμῖν
742 4455 817 4536 δρᾶν,
845 4453 964 4530 μελήσει
986 4459 1033 4514 τοῦ
1054 4454 1255 4535 θποδείγματος
1278 4455 1331 4535 άρα

58 4574 127 4654 τευ-δε,
147 4576 190 4638 ἐπί
210 4599 242 4638 τε
263 4583 319 4638 τῶν
340 4583 448 4658 κοινῶν,
472 4571 558 4656 οἶμαι,
579 4579 759 4658 πραγμάτιον,
782 4574 879 4636 ἐνθάδε
895 4577 1002 4636 ἅπαντα
1015 4575 1113 4654 τρόπον
1128 4575 1240 4650 άμεινον
1255 4577 1331 4654 ἔχειν

59 4691 98 4754 ἀτί.
123 4703 233 4780 πρᾶγμα
261 4697 297 4773 δὴ
323 4701 401 4758 τοῦτο
427 4703 481 4758 τῶν
509 4699 634 4758 ἁπάντων
661 4698 849 4758 εθκταιότατόν
870 4717 902 4755 τε
922 4693 970 4756 καὶ
991 4695 1200 4757 σπουδαιότατον
1223 4697 1329 4776 ἔμοιγε,
