3222 5284
1344 370 1409 436 325

100 559 157 638 ρία
180 559 234 638 νζ’,
256 559 292 618 τά
314 561 452 642 ἀμρότερα
469 563 573 642 ἀργυρά
589 563 730 641 διάχρυσα.
747 564 985 642 τετραευάγγελσν
1001 563 1174 642 λιτόγραρον,
1200 564 1266 640 ἔχον
1281 564 1409 643 σταυροὺς

101 679 159 742 δύο
182 681 252 756 μετὰ
280 683 444 760 γαμματίων
476 678 557 762 όκτῶ,
589 683 728 762 ἀμφότερα
758 683 896 760 ὁλόχρυσα
925 687 1067 762 χειμευτά,
1099 679 1234 769 ἔχσνήτοςψ
1243 681 1266 766 ¹)
1288 689 1335 744 τοῦ
1358 684 1409 760 μὲν

100 801 172 874 ἑνός
194 807 308 882 σταυροῦ
329 805 379 878 τὴν
402 805 558 885 σταθρωοιν,
581 809 627 864 τοῦ
651 804 682 864 δὲ
706 805 798 882 ἑτέρου
820 805 869 878 τἠν
892 803 1040 884 ὑπεραγίαν
1057 802 1204 884 Θεστόνισν,
1228 804 1260 863 τά
1284 804 1315 864 δὲ
1330 827 1407 883 γαμ-

101 925 193 996 μοίτια
215 925 277 996 τοὺς
301 925 394 1004 ἁγίους
409 925 591 997 ’ἀποστόλους
613 923 659 984 καί
684 925 792 1004 ἑτέρους
816 924 956 1004 διαρόρους
978 924 1084 1004 σἰγίους·
1110 926 1168 1004 ἐ’χει
1189 924 1219 984 δὲ
1238 927 1269 984 τό
1290 929 1407 986 τοιοῦτον

98 1047 346 1124 τετραευσίγγελον
368 1047 468 1126 καρρία
492 1047 575 1126 μικρὰ
599 1044 649 1126 σθ’,
673 1041 743 1122 μετὰ
767 1045 892 1116 τζουνίων
909 1046 977 1106 ἑπτόι
993 1041 1118 1127 ἀργυρῶν
1135 1045 1296 1125 διαχρύσων,
1322 1047 1405 1124 ἔχον-

102 1161 198 1251 [ta]²)
221 1167 268 1226 καὶ
293 1168 361 1228 οάτά
382 1168 482 1248 καρρία
505 1165 544 1243 ις’
568 1166 615 1228 καί
638 1167 804 1246 ἀμυγδάλας
826 1165 863 1242 η’.
892 1170 985 1247 ἕτερον
1010 1167 1172 1246 είυοιγγέλιον
1194 1169 1312 1228 παλαιόν
1328 1169 1405 1228 λιτό-

99 1309 211 1366 γραρσν
237 1289 302 1366 ἔχον
325 1291 437 1369 σταυρόν
461 1289 578 1369 ἀργνρθν
601 1292 649 1348 ἕνα
672 1287 718 1348 καί
733 1293 884 1369 γράμματα
901 1289 929 1348 ἐν
945 1285 983 1365 τῷ
999 1287 1105 1369 σταυρῷ
1120 1291 1271 1369 γράψοντα·

213 1411 322 1469 Τόπον
343 1411 506 1489 προτείνω
529 1409 585 1470 καὶ
608 1411 713 1472 θανὼν
736 1410 798 1470 τῶν
820 1411 995 1490 πρακτέων
1060 1455 1065 1462 .

213 1529 270 1603 Είς
294 1529 463 1606 ἐξίλασμα
484 1534 566 1612 πρός
588 1534 665 1596 θεόν
687 1531 743 1591 καὶ
766 1532 939 1607 δεσπότην,

211 1653 325 1728 Βιβλίαν
349 1655 441 1734 ἕτερον
464 1654 641 1732 Ἀπόστολος,
672 1655 702 1713 τό
724 1654 789 1734 ῦρσς
812 1655 917 1734 μικράν.
955 1655 1093 1733 προφήτης
1117 1655 1289 1732 μονόααιρος.
1321 1653 1406 1713 όνιτά-

98 1795 176 1851 ηχος
200 1775 350 1845 διαάνονος.
382 1777 544 1856 στιχεράριν.
576 1775 727 1854 ψαλτήριον
750 1779 798 1850 τῆς
819 1775 1005 1853 στιχολογίας.
1037 1776 1139 1850 μηναῖα
1159 1777 1204 1834 τοῦ
1221 1775 1287 1833 όλου
1308 1776 1407 1852 χρόνου

99 1893 153 1954 καὶ
175 1889 301 1976 τριῴδιον
329 1894 408 1974 σῷον.
456 1891 654 1973 ἀναγνωστικσί.
687 1895 835 1975 θεολόγος·
866 1895 937 1954 κατὰ
960 1895 1089 1970 Ἰωάννην
1113 1896 1142 1953 τό
1170 1899 1285 1975 πρῶτον,
1317 1915 1405 1969 μετα-

99 2020 215 2096 φράσεις
238 2017 323 2093 τεόχη
348 2013 387 2076 δ’·
412 2020 516 2092 μηναῖα
535 2015 570 2096 δ’,
594 2017 784 2098 σεπτέμβρισς,
808 2016 966 2096 όκτῶβριος,
990 2017 1135 2096 νοέμβριος
1159 2013 1205 2075 καὶ
1231 2015 1404 2094 δεκὲμβρισς.

100 2141 198 2218 ἕτερον
220 2138 371 2218 ψαλτήριον
394 2139 464 2213 μετὰ
478 2144 527 2215 της
544 2137 690 2216 ἑρμηνείας
705 2139 795 2199 αὑτοῦ.
824 2137 931 2211 βιβλίον
946 2139 1038 2218 ἕτερον
1054 2138 1069 2196 ό
1085 2136 1255 2212 Πανδένιτης.
1283 2139 1302 2214 ή
1319 2135 1405 2210 Ἐξα-

98 2262 209 2340 ήμερος
231 2262 277 2318 τοῦ
292 2259 484 2340 Χρυσοστόμσυ
507 2261 536 2318 τό
553 2259 687 2340 δεύτερον,
710 2258 757 2318 ναὶ
772 2261 791 2336 ή
807 2256 981 2339 Ἑξαήμερος
995 2263 1041 2318 τοῦ
1057 2259 1134 2336 άγίου
1155 2259 1311 2340 Βασιλείου,
1335 2259 1406 2335 μετὰ

98 2386 151 2455 τῆς
179 2380 394 2458 ’ἀποκαλύψεως
420 2379 467 2441 καί
495 2381 629 2462 διαφόρων
655 2381 759 2458 λόγων.
806 2383 898 2460 ἕτερον
927 2380 1033 2454 βιβλίον
1060 2382 1243 2460 πανηγυρικόν
1272 2381 1424 2462 διαφόρων·

98 2507 234 2580 ποιητῶν,
262 2500 308 2561 καὶ
332 2503 424 2582 ἕτερον
448 2501 554 2577 βιβλίον
576 2509 622 2561 τοῦ
645 2503 836 2581 Χρυσοστόμου
860 2502 885 2561 οἱ
902 2499 1081 2582 Ἀνδριάντες,
1109 2500 1156 2588 καί
1179 2503 1272 2583 ἕτερον
1297 2503 1405 2580 βιβλίον

98 2623 267 2702 θεολογικόν
288 2627 335 2683 τοῦ
358 2622 436 2700 άγίσυ
460 2623 587 2683 Ἰωάννου
608 2627 655 2682 τοῦ
678 2625 871 2698 Δαμασκηνοῦ.
903 2625 995 2704 ἕτερον
1019 2622 1126 2698 βιβλίον
1152 2623 1296 2702 Προφήτης
1319 2626 1404 2700 μονό-

98 2764 211 2824 καιρον·
250 2743 294 2803 καὶ
325 2747 418 2824 ἕτερον
448 2744 555 2820 βιβλίον
587 2745 614 2803 αἱ
645 2747 823 2823 Κατηχήσεις
851 2748 898 2806 τοῦ
920 2744 1072 2806 Στουδίτσυ.

209 2867 266 2926 Ἐκ
287 2873 514 2946 προσαγωγῆς
535 2870 590 2924 τοῦ
613 2868 711 2926 αὑτοῦ
733 2867 887 2926 Ἰωάννου
909 2865 1140 2946 πραιποσίτου·
1169 2867 1281 2942 Βιβλίον
1305 2871 1403 2944 σωμά-

98 3009 157 3048 τιον
181 2989 355 3068 μονόιιαιρον,
379 2989 445 3066 ἔχον
461 2989 679 3067 Χρυσοστομικθν
702 2989 870 3068 ἀνάγνωσμα
891 2985 938 3046 καὶ
961 2989 1006 3046 τόν
1023 2988 1080 3062 βίον
1096 2992 1142 3047 τοῦ
1158 2988 1235 3067 άγίου
1252 2989 1403 3068 Ἀρτεμίου,

97 3108 149 3169 καὶ
173 3110 273 3190 ἑτέρων
296 3109 381 3187 άγίων
405 3109 489 3185 βίους.
536 3113 628 3190 ἕτερον
651 3113 786 3186 σωμάτιον
810 3109 875 3187 ἔχον
898 3109 960 3182 τοθς
983 3109 1157 3182 δεσποτινισθς
1179 3113 1298 3182 κανόνας
1314 3112 1403 3191 ἑρμη-

99 3233 260 3310 νευμὲνους,
283 3228 331 3290 καὶ
352 3231 652 3311 σεισμοβροντολόγιον.
699 3234 791 3311 ἕτερον
815 3229 921 3306 βιβλίον
946 3230 1111 3306 βαμβίυιινσν
1136 3231 1200 3308 ἕχον
1222 3233 1271 3306 τὴν
1294 3233 1400 3310 σόνοψιν

99 3357 149 3413 τοῦ
174 3351 253 3430 ἁγίου
275 3351 449 3431 εὐαγγελίου,
472 3351 520 3413 καὶ
541 3354 586 3412 τόν
603 3349 785 3432 Ἀλέξανδρον
808 3352 855 3412 παὶ
875 3352 960 3412 λοιπόν
975 3349 1190 3431 ἀναγνώσματα·
1218 3355 1310 3433 ἕτερον
1326 3354 1402 3430 βαμ-

98 3473 221 3551 βίυυιινον,
244 3475 372 3554 χρονικθν
396 3473 505 3534 ἐκτεθὲν
527 3475 602 3555 παρὰ
624 3478 670 3534 τοῦ
692 3479 833 3554 κτήτορος.

206 3593 271 3654 Καὶ
300 3595 338 3654 τό
368 3598 636 3676 προσενεχθέντα
665 3602 704 3676 τῇ
727 3597 807 3678 ἁγίᾳ
836 3597 936 3677 ταύτῃ
968 3603 1050 3678 μονῇ
1080 3597 1164 3656 κατὰ
1185 3598 1240 3656 τὀν
1263 3601 1401 3678 μάρτισν

99 3723 189 3792 μῆνα
212 3722 271 3792 τῆς
286 3716 312 3792 η’
337 3715 548 3789 ἰνδινιτιῶνσς
567 3718 654 3796 παρὰ
675 3723 730 3778 τοῦ
750 3722 898 3796 μοναχοῦ
914 3719 1057 3796 Μιχαὴλ
1076 3717 1131 3778 καὶ
1146 3719 1401 3796 καθηγουμένου

96 3844 160 3913 τῆς
181 3838 281 3913 αθτῆς
305 3845 410 3914 μονῆς
431 3843 547 3898 ταῦτα·
577 3840 683 3915 βιβλίον
707 3840 873 3916 βαμβόνιινσν
897 3843 911 3898 ό
936 3837 1166 3918 Πραξαπόστολος
1190 3841 1400 3920 ἑρμηνευμένος,

99 3961 168 4037 ἕχον
189 3958 236 4019 καὶ
258 3959 306 4031 τὰς
330 3961 398 4019 ἑπτὰ
427 3961 580 4033 καθολινιὰς
612 3957 759 4032 ἐπιστολὰς
782 3962 828 4020 καί
859 3962 941 4032 αάτάς
974 3962 1193 4040 ἑρμηνευμὲνας·
1224 3963 1270 4020 σὺν
1299 3963 1401 4032 τούτοις

99 4083 167 4158 ἔχον
196 4079 244 4140 καὶ
272 4083 318 4166 τόν
349 4082 423 4164 Ἰῶβ,
459 4083 606 4163 παροιμίας
636 4083 829 4162 Σολομῶντος,
865 4083 1095 4162 Ἐκκλησιασπήν,
1126 4079 1229 4158 Ἄισμα
1261 4080 1399 4162 ᾀσμάτων,

99 4201 200 4280 Σοφίαν
216 4203 306 4276 ’Ἰησοῦ
321 4203 377 4262 υἱοῦ
392 4205 510 4282 Σειράχ·
535 4205 725 4283 τὰάμφότερα
741 4205 811 4278 μετὰ
827 4205 986 4284 ἑρμηνείας·
1003 4203 1179 4284 καλόγραρσν
1195 4205 1272 4264 ὅλον.
1306 4207 1399 4284 ἕτερον

99 4322 209 4396 βιβλίον
229 4321 406 4403 βαμβὺνιινσν,
430 4325 581 4404 ψαλτήριον
598 4325 808 4406 ἑρμηνευμένσν.
840 4327 932 4405 ἕτερον
949 4324 1056 4398 βιβλίον
1073 4327 1208 4400 σωμάτιον
1224 4325 1398 4404 λιτόγρνιρον,

98 4445 117 4518 ἠ
141 4442 261 4514 Ἄλωσις
286 4449 335 4519 τῆς
359 4445 552 4524 Ἰερουσαλήμ.
600 4447 691 4524 ἕτερον
720 4446 827 4520 βιβλίον
858 4448 1004 4525 σωμάτιον,
1032 4446 1224 4524 Νομσνάνονα,
1252 4452 1298 4504 τοῦ
1321 4446 1398 4524 άγίου

206 4703 226 4767 ¹)
245 4701 388 4769 Supplevit
406 4703 431 4754 S.
504 4704 525 4768 2)
544 4703 686 4770 Supplevit
704 4703 730 4754 S.
