3246 5288
258 369 324 434 434

260 569 327 650 ἦθος
349 570 396 632 καὶ
418 571 463 630 τόν
485 569 584 650 τρόπον
600 567 771 643 κτησάμενος
793 561 840 624 καὶ
855 564 904 625 ὑπό
928 563 1152 644 μετριοφροσύνης
1175 557 1219 624 διά
1233 565 1341 624 πάντων
1357 563 1557 638 κοσμούμενος.

262 687 322 754 ἐπεί
345 693 376 753 δὲ
398 693 514 773 χρόνους
537 689 566 749 ἐν
590 688 661 767 αύτῷ
690 687 785 765 διῆγεν
808 687 858 747 ούκ
879 687 1000 767 όλίγους,
1030 688 1048 762 ή
1072 687 1152 766 έτερα
1174 685 1209 746 δι’
1222 687 1321 768 ἐτέρων
1344 687 1492 746 πλέκουσα
1514 683 1560 744 καὶ

259 817 444 896 πάνταπρός
473 816 504 873 τό
535 813 670 892 συμφέρον
700 807 881 883 οἰκονομοῦσα
910 811 973 870 θεοῦ
1003 811 1113 888 πρόνοια
1140 809 1224 868 πάλιν
1252 811 1331 868 αυτόν
1358 811 1415 880 τοῖς
1444 809 1560 868 ἐνταῦθα

261 939 428 1014 ἐπιδημῆσαι
456 935 614 1010 πεποίηκεν.
655 931 733 1010 φίλος
761 930 792 992 δέ
818 929 934 1009 ἡσυχίας
957 933 994 989 ών
1022 931 1037 989 ό
1064 931 1133 1010 ἀνὴρ
1162 931 1212 991 οῦκ
1240 931 1338 1009 ἠγάπα
1369 933 1400 990 οῦ
1428 931 1481 1006 μέν
1505 927 1559 1008 σῦν,

263 1059 321 1120 τύδ’
333 1057 470 1134 ἠβούλετο
485 1059 541 1128 τοῖς
556 1059 602 1114 τοῦ
617 1058 721 1130 κόσμου
741 1053 949 1131 ἐναοχολεῑσθαι
964 1049 1081 1124 καὶτοῖς
1096 1053 1176 1112 αύτοῦ
1197 1053 1320 1132 θορύβοις
1338 1053 1369 1112 τό
1391 1054 1559 1132 ήγεμονικδν

262 1181 405 1242 ἐπιθολοῦν
420 1184 469 1256 τῆς
492 1183 580 1255 ψυχῆς
603 1175 650 1237 καὶ
664 1177 695 1236 τδ
717 1175 874 1235 ἀδούλωτον
898 1175 980 1250 αῦτής
1003 1171 1111 1250 ἀξίωμα
1133 1177 1189 1246 τοῖς
1212 1175 1337 1250 ματαίοις
1358 1175 1558 1236 καταδουλοῦν.

262 1302 377 1378 ἐζήτησε
403 1303 544 1380 τοιγαροῦν
573 1299 660 1378 βραχύ
681 1317 705 1358 τι
732 1296 847 1358 κελλίον
875 1296 971 1377 εῦρεῐν,
999 1298 1070 1374 ώστε
1097 1302 1255 1374 μοναχικῶς
1284 1297 1313 1356 ἐν
1337 1297 1408 1375 αύτῷ
1431 1319 1558 1377 προσκα-

261 1425 340 1500 θῆσαι
350 1421 375 1506 ¹)
398 1421 445 1482 καὶ
467 1423 595 1502 καθαρῶς
618 1419 662 1480 διά
688 1425 738 1494 τῆς
768 1421 918 1494 μονώσεως
946 1418 1123 1528 προσρμιλεῖν
1145 1417 1184 1497 τῷ
1206 1417 1271 1497 θεῷ.
1300 1417 1417 1478 διελθών
1442 1418 1474 1478 δὲ
1497 1421 1559 1491 τούς

260 1545 331 1606 κατὰ
346 1546 375 1604 τδ
391 1543 454 1624 όρος
475 1547 521 1604 τοῦ
539 1543 697 1613 Μενοικέως
718 1543 831 1622 τραχεῖς
852 1538 900 1600 καὶ
916 1539 1134 1620 ἐρημικωτέρους
1156 1543 1253 1610 τόπους
1277 1537 1437 1620 ἐντυγχάνει
1460 1543 1558 1621 μικρόν

261 1689 285 1727 τι
307 1667 470 1746 κελλύδριον
493 1665 673 1742 ἠμελημένον
695 1665 782 1738 πάντη
805 1661 852 1722 καὶ
875 1661 1097 1738 ἀκαλλώπιστον,
1121 1663 1202 1737 μόνον
1226 1664 1365 1743 εῦκτήριον
1387 1663 1437 1738 τὴν
1456 1663 1558 1739 κλῆσιν

262 1790 327 1867 ἔχον
349 1794 402 1848 τῶν
425 1787 510 1868 ἁγίων
533 1787 701 1868 Ἀναργύρων
724 1787 825 1860 Κοσμοῖ
847 1783 893 1845 καί
917 1785 1064 1860 Δαμιανοῦ,
1107 1785 1136 1844 ἐν
1160 1783 1231 1864 αῦτῷ
1254 1785 1339 1845 τοίνυν
1361 1787 1558 1866 προοκαθήσας

261 1910 299 1990 τῷ
330 1910 463 1991 μονυδρίῳ
493 1907 539 1968 καί
570 1909 651 1988 ἔργου
681 1909 822 1984 ἁψάμενος
852 1903 885 1983 ήν
916 1907 1073 1977 σπουδάζων
1104 1906 1148 1967 διά
1177 1907 1278 1979 παντός
1307 1905 1354 1967 καί
1383 1913 1474 1967 πᾶσαν
1506 1909 1558 1982 μὲν

261 2031 431 2111 λειτουργίαν
454 2034 500 2090 τοῦ
523 2034 673 2108 μοναχικού
697 2029 912 2108 ἐπαγγέλματος
934 2027 1080 2100 ἀποδιδούς
1101 2027 1140 2107 τῷ
1163 2027 1228 2110 θεῷ,
1256 2035 1345 2089 πονῶν
1369 2028 1400 2089 δέ
1424 2027 1557 2110 καὶπερὶ

260 2155 309 2229 τὴν
336 2151 389 2212 τών
415 2151 537 2213 κελλίων
566 2151 726 2226 ἐπιμέλειαν
753 2149 800 2210 καὶ
828 2149 996 2230 ἀνάκτισινῖ)
1024 2149 1071 2209 καί
1097 2151 1146 2210 οῦκ
1170 2149 1304 2210 ἐπαύσατο
1326 2151 1488 2222 σπουδάζειν
1511 2151 1558 2210 καὶ

263 2277 394 2356 ἐνεργεῖν,
418 2277 515 2354 μέχρις
534 2275 577 2354 ἀν,
601 2273 774 2346 εύδοκοῦντος
796 2274 868 2352 θεοῦ,
891 2271 997 2353 ἀνδρῶν
1021 2273 1145 2348 ἀσκητῶν
1167 2275 1341 2352 καταγώγιον
1365 2275 1429 2334 αῦτό
1453 2274 1556 2334 ἀπετέ-
1620 2283 1621 2350 γ

261 2398 357 2476 λεσεν,
388 2396 481 2456 ἔπειτα
510 2394 617 2476 γέροντί
638 2415 688 2454 τινι
717 2390 787 2454 κατά
813 2395 875 2454 θεόν
905 2397 983 2465 ζῶντι
1006 2393 1053 2454 καί
1078 2393 1219 2454 πολιτείαν
1242 2391 1329 2474 ἀκρσν
1359 2397 1558 2476 μετερχομένῳ

261 2519 291 2578 τδ
311 2522 430 2578 τοιοῦτον
451 2515 590 2598 παραδούς
611 2515 726 2576 κελλίον
749 2517 828 2588 αύιδς
851 2513 895 2574 ἐπί
916 2515 951 2574 τὰ
973 2517 1054 2596 ἔτερα
1077 2518 1147 2596 μέρη
1170 2519 1216 2576 τοῦ
1239 2517 1317 2596 όρους
1339 2517 1451 2598 ἐχώρει,
1481 2518 1556 2594 ἔχων

263 2640 324 2716 μεθ’
337 2640 430 2700 ἐαυτοῦ
452 2636 499 2698 καὶ
520 2639 566 2698 τόν
589 2639 687 2714 συνήθη
696 2636 721 2720 ³)
744 2637 831 2696 καλόν
855 2637 989 2714 μαθητήν.
1029 2635 1089 2697 ἐπεὶ
1111 2636 1142 2698 δὲ
1164 2635 1211 2696 καί
1233 2640 1290 2710 τοῖς
1311 2641 1489 2720 τραχυτέροις
1511 2643 1557 2698 τοῦ

181 2747 182 2750 ¹
261 2760 409 2842 όρουςκαί
432 2760 573 2837 δυσβάτοις
595 2759 774 2840 προσέβαλλε
798 2760 902 2838 μέρεσι,
925 2759 1061 2834 σπήλαιον
1085 2758 1246 2839 ἐντυγχάνει
1269 2759 1389 2839 σκληρόν
1411 2763 1483 2820 πάνυ
1511 2759 1557 2820 καί

261 2880 442 2956 δυσδιέξοδον.
489 2883 518 2944 ἐν
545 2881 618 2962 αύτῷ
640 2879 685 2942 οῦν
708 2883 756 2958 τὴν
780 2881 884 2957 οἴκησιν
906 2878 996 2956 πήξας
1019 2879 1066 2942 καὶ
1087 2883 1186 2962 χρόνον
1207 2877 1373 2962 προσμείνας
1395 2885 1466 2962 τινά,
1497 2881 1557 2943 ἐπεὶ

262 3004 295 3064 ἐκ
321 3011 370 3080 τῆς
397 3005 579 3082 ὑποκειμένης
604 3008 650 3064 τοῦ
673 3002 808 3078 σπηλαίου
829 3003 935 3075 νοτίδος
957 3003 988 3064 οῦ
1015 3003 1113 3084 μικρὰν
1137 3003 1252 3081 ἐδέχετο
1281 3004 1402 3084 βλάβην,
1432 3003 1556 3078 ἐξελθών

261 3123 336 3199 αὖθις
368 3127 473 3187 ἐκεῖθεν
501 3126 548 3187 καὶ
577 3123 639 3207 περὶ
661 3125 722 3198 τούς
743 3113 883 3205 πρόποδας
909 3129 955 3184 τοῦ
982 3125 1059 3205 όρους
1086 3127 1245 3205 γενόμενος,
1276 3125 1367 3206 (ἀλλά
1394 3123 1442 3186 καί
1469 3131 1555 3206 τοῦτο,

261 3251 299 3322 ώς
315 3250 407 3328 έγωγε
423 3245 508 3328 οίμαι,
524 3249 595 3309 κατὰ
609 3246 685 3308 θείαν
700 3245 856 3322 οἰκονομίαν
870 3244 927 3329 ἦν),
944 3247 1056 3307 κάκεῖσε
1071 3247 1117 3308 τόν
1129 3247 1210 3308 τόπον
1227 3248 1368 3323 ἐπιμελῶς
1383 3248 1555 3328 ἀνιχνεύσας,

262 3371 290 3431 ἐν
313 3366 370 3454 ᾧί)
393 3373 411 3447 ή
434 3373 496 3432 καθ’
508 3372 583 3447 ἡμᾶς
603 3368 669 3449 ἀγία
692 3371 760 3445 μονή
784 3371 903 3446 σήμερον
918 3370 1011 3448 όροῖται
1026 3371 1151 3448 κειμένη,
1175 3367 1234 3430 ἐπεὶ
1257 3371 1272 3430 ό
1294 3368 1358 3450 περὶ
1381 3370 1464 3446 αἰπήν
1486 3372 1556 3441 ἀπας

260 3498 353 3572 χῶρος
375 3493 467 3564 στενός
495 3491 545 3567 μὲν
571 3487 605 3566 ήν
632 3491 678 3550 καί
706 3491 810 3573 βραχύς
836 3489 882 3552 καί
904 3493 972 3572 πρδς
994 3490 1160 3564 εἰσελεύσεις
1181 3513 1212 3552 τε
1233 3491 1281 3553 καί
1304 3491 1464 3566 ἐξελεύσεις
1486 3515 1556 3573 κρη-

262 3612 373 3690 μνώδης
398 3611 446 3674 καὶ
473 3613 603 3694 σκληρός,
632 3613 731 3691 σχεδόν
759 3611 790 3673 δέ
818 3612 901 3674 εἰπεῖν
928 3611 975 3674 καί
1002 3614 1076 3686 όλως
1102 3611 1215 3693 άβατος,
1243 3615 1318 3685 όλως
1340 3616 1556 3691 κεκαλυμμένος
1619 3613 1620 3618 ’

140 3797 143 3804 ,
261 3735 314 3795 ἀπό
342 3734 475 3796 παντοίων
506 3733 607 3814 ἀγρίων
638 3740 724 3815 φυτῶν
754 3755 784 3794 τε
814 3735 860 3795 καὶ
891 3732 1027 3817 ἀκανθῶν,
1059 3731 1120 3814 εῖχε
1150 3735 1181 3796 δέ
1212 3737 1297 3813 μονὴν
1326 3739 1375 3812 τήν
1403 3737 1555 3812 ἐκκλησίαι

261 3857 494 3932 πεπαλαιωμένην
517 3853 599 3917 οὖσαν
622 3856 669 3917 καὶ
685 3857 813 3937 ἀσκεπεν,
837 3857 938 3938 θηρίοις
961 3859 1053 3934 μόνοις
1068 3856 1114 3918 καὶ
1130 3859 1253 3940 ἑρπετοῖς
1275 3857 1440 3940 οἰκητήριον,
1464 3861 1557 3935 ἡσθεὶς

260 3981 362 4060 τῇτοῦ
384 3979 465 4038 τόπου
494 3979 657 4060 καθαρότητι
680 3977 727 4039 καὶ
749 3979 850 4063 ἡσυχίᾳ
871 3977 918 4040 καί
940 3981 971 4040 τό
995 3981 1073 4051 ἐκτός
1096 3975 1163 4041 εἶναι
1193 3981 1350 4059 συγχύσεως
1372 3979 1419 4040 καί
1442 3981 1556 4063 θορύβου

260 4095 307 4160 καὶ
329 4106 464 4178 κοσμικῆς
486 4100 607 4182 όμιλίας,
632 4101 661 4162 ἐν
684 4100 757 4181 αύτῷ
780 4102 870 4184 ἔκρινε
892 4105 1036 4164 κατοικεῖν.
1078 4103 1158 4184 ἔργον
1180 4099 1226 4164 οῦν
1249 4101 1322 4181 αύτῷ
1344 4101 1556 4164 σπουδαιότατον

262 4221 387 4302 ἐγεγόνει
410 4225 526 4304 καθᾶραι
550 4223 601 4298 μὲν
623 4229 673 4300 τῆς
694 4227 899 4306 παρακειμένης
921 4225 990 4302 ύλης
1012 4227 1042 4285 τό
1064 4225 1165 4308 χωρίον
1188 4227 1270 4307 άπαν,
1293 4225 1390 4306 όροφον
1413 4223 1446 4285 δὲ
1468 4247 1554 4286 κατα-

261 4348 390 4406 σκευάσαι
412 4353 445 4428 τῇ
470 4345 606 4429 ἐκκλησίᾳ
620 4344 667 4407 καί
689 4346 823 4417 παντοίως
838 4348 921 4423 αύιῆς
937 4346 1132 4423 ἐπιμελεθῆναι
1147 4345 1194 4407 καὶ
1208 4349 1276 4428 πρδς
1291 4348 1322 4407 τό
1345 4347 1555 4429 εύπρεπέοτερον

262 4465 491 4546 ἀποκαταστῆσαι,
520 4467 565 4528 ἵνα
587 4469 731 4548 προθύμως
755 4467 780 4528 οῖ
804 4468 832 4528 ἐν
855 4469 921 4550 αὐτῇ
943 4471 1142 4548 προσμένοντες
1163 4471 1213 4542 τὰς
1235 4469 1320 4547 εῖτχάς
1342 4469 1497 4550 ἀναφέρωσι
1518 4469 1553 4548 τῷ

365 4702 385 4766 ¹)
403 4699 561 4770 προσκαθήτῃ
581 4702 606 4752 S.
679 4701 699 4766 ²)
718 4699 847 4766 ἀνάκτησιν
866 4701 892 4754 S.
963 4703 984 4765 ³)
1003 4698 1030 4750 ὃν
1050 4701 1159 4766 συνήθως
1178 4705 1204 4754 S.
1276 4703 1297 4768 ί)
1316 4697 1342 4750 ὅν
1361 4703 1387 4755 S.
