3166 5298
1261 362 1322 430 109

50 553 89 615 νιοιί
108 557 143 631 μὴ
166 555 295 636 εὑρίσκειν
317 557 393 638 παρὰ
414 563 460 618 τοῦ
483 559 612 638 ῥηθέντος
634 556 733 618 οἰκείου
755 564 789 639 τῇ
812 559 940 640 βασιλείᾳ
962 579 1013 634 μου
1035 564 1081 619 τοῦ
1096 560 1254 640 Τρουληνοῦ
1271 559 1325 634 ἑμ-

50 679 165 752 ποόισρόν
187 700 245 740 τινα
271 678 319 740 καί
345 679 574 740 καταδοναστείαν
606 681 688 739 ἕνεκα
713 685 763 755 τῆς
788 686 911 758 κατοχῆς
940 675 1010 766 [τῆς]
1037 683 1162 756 τοιαύτης
1184 687 1248 760 γῆς,
1278 679 1325 741 καί

50 802 163 874 ποιήσατε
182 801 251 861 κατὰ
272 803 318 862 τὀν
341 802 450 884 όρισμθν
476 807 526 878 τῆς
549 801 693 878 βασιλείας
715 821 777 883 μου,
804 805 835 862 όν
858 799 905 862 καί
927 804 1117 884 ἁντιστρέψατε
1139 803 1206 883 πρός
1229 803 1325 875 αὺτοθς
1368 845 1372 852 -

50 922 225 1002 ἰίάσραλειοιν
248 929 273 999 †.

134 1039 243 1123 ίΕἰχε
258 1043 314 1105 καὶ
331 1045 524 1125 δι’ἐρυθρῶν
540 1047 745 1123 γραμμάτων
760 1051 819 1120 τῆς
832 1045 1014 1121 βασιλικῆς
1029 1044 1084 1106 καί
1099 1046 1193 1118 θείας
1207 1047 1324 1126 χειρός

50 1167 86 1223 τό·
117 1167 285 1246 Στέφανος
307 1166 439 1247 κροίλης
460 1164 517 1226 καὶ
540 1167 753 1246 αὐτοκράτωρ
776 1165 921 1247 Σερβίοις
943 1165 998 1228 καί
1022 1168 1222 1248 Ῥωμανίας,
1246 1166 1324 1244 μηνί

52 1288 198 1368 οἰγοθστῳ
222 1287 282 1348 ἰνθ.
300 1287 316 1348 ι’
339 1293 365 1364 †.

134 1417 278 1472 Ῑοαιιιινίίσσ
290 1417 341 1470 λ’τ.
354 1420 402 1472 19.
421 1416 501 1472 Solus
510 1435 599 1472 αανιιισ
610 1419 739 1490 septimus
750 1419 829 1489 requi
843 1416 976 1488 Stephani
990 1419 1097 1488 Duffan,
1115 1420 1163 1490 ηιιί
1177 1425 1215 1474 σοί
1230 1422 1322 1490 1342,

48 1518 109 1574 habet
123 1521 293 1576 τἰιιίίοίίοιισνιι
309 1523 346 1576 Χ.

260 1809 353 1874 XIV.
377 1808 629 1898 [6851-1343],
654 1831 764 1874 mense
787 1811 912 1896 martio,
936 1809 1002 1874 ind.
1026 1807 1086 1874 XI.

49 1972 181 2042 Imperator
195 1976 368 2030 Andronicum
383 1977 441 2030 ΙΙΙ.
463 1976 643 2046 Ραθτοοίομιισ
660 1977 760 2030 Ioanni
773 1977 911 2030 Panareto
931 1975 1070 2046 confimat
1084 1977 1279 2046 possessionem
1294 1977 1323 2030 ίιτ

243 2081 379 2134 territorio
393 2081 450 2135 vici
469 2081 553 2136 Uscac
568 2081 711 2150 luserim
721 2098 810 2151 prope
826 2087 946 2134 castrum
962 2079 1103 2134 Ziclmam.

132 2262 241 2338 †'E⁷=e'z
263 2265 278 2323 ὁ
299 2263 486 2339 πανσέβοιοτος
509 2266 642 2340 σεβαστός
665 2263 766 2338 οἰκεῖος
787 2269 820 2347 τῇ
838 2264 965 2347 βασιλείᾳ
980 2286 1041 2346 μου,
1059 2265 1233 2344 έταιρειόχης
1248 2271 1323 2348 κῡρις

48 2383 160 2460 Ἰωάννης
182 2387 197 2446 ό
213 2387 382 2469 Πανάρετος,
408 2389 522 2464 ἐζήτησε
545 2387 591 2448 καί
609 2388 811 2468 ταρεκαλεσεν,
834 2387 878 2446 ἵνα
893 2385 1037 2468 πορίσηται
1051 2385 1257 2468 χρυσόβουλλον
1272 2395 1322 2466 τῆς

47 2505 171 2580 βασιλείας
198 2530 260 2589 μου,
290 2508 338 2570 καί
364 2511 471 2592 κατέχῃ
498 2509 551 2570 ἀπό
579 2514 627 2584 τῆς
654 2507 716 2589 περὶ
741 2509 772 2568 τό
794 2511 909 2590 κοίοτρον
931 2513 978 2570 τοῦ
1000 2509 1088 2588 Ζίχνα
1110 2509 1234 2586 δοθείσης
1255 2513 1324 2593 πρός

47 2628 113 2687 οἰτόν
133 2629 175 2690 διὰ
195 2633 406 2712 προστάγματος
435 2637 485 2707 τῆς
507 2631 650 2706 βασιλείας
673 2651 724 2707 μου
748 2629 905 2706 οἰκονομίας
935 2629 974 2702 εἰς
1001 2633 1032 2690 τό
1058 2631 1159 2712 χωρίον
1181 2634 1211 2692 τό
1233 2634 1323 2713 λεγό-

46 2771 115 2820 μενον
136 2753 217 2812 Καίτοι
233 2751 343 2814 Οὕσκαν
364 2755 501 2829 ποσότητα
524 2753 681 2833 ὑπεραίρων
703 2755 848 2834 τριάκοντα
867 2753 1060 2830 οἰνενοχλήτως
1074 2752 1121 2813 καί
1136 2753 1323 2834 ἀόιασείστως,

10 2875 11 2880 ’
48 2871 79 2930 ἔτι
102 2894 129 2932 τε
153 2874 338 2955 ἀνσραιρέτοις
364 2873 410 2936 καί
438 2876 652 2947 ἁναποττοίστως
673 2873 720 2934 καὶ
742 2875 813 2934 κατὰ
834 2875 921 2952 λόγον
943 2877 1125 2958 γονικότητος,
1155 2877 1173 2950 ἡ
1196 2877 1323 2952 βασιλεία

48 3014 90 3065 μοι
108 2997 152 3072 τὴν
174 2997 255 3058 αἰτοῦ
276 2996 485 3079 προσδεξαμένη
509 3000 619 3073 ζήτησιν
641 2999 765 3072 τοιαότην
787 2995 835 3057 καί
856 2997 1040 3078 παράκλησιν,
1063 2998 1094 3056 τό
1115 2999 1200 3078 παρὀν
1220 3001 1322 3077 χρυσό-

48 3115 150 3188 βοολλον
175 3120 312 3197 σιγιλλιον
340 3120 501 3200 ἐπιχορηγεῖ
528 3117 576 3180 καί
606 3119 779 3199 έπιβραβείνει
807 3117 888 3198 αὐτῷ,
920 3111 997 3180 διὀὗ
1027 3121 1187 3200 προστάσσει
1208 3117 1255 3178 καί
1278 3119 1322 3180 θι-

49 3233 155 3318 τρίζεται,
176 3243 307 3320 κατέχειν
329 3240 375 3301 καὶ
398 3243 527 3318 νέμεσθαι
549 3243 627 3302 αἰτόν
651 3241 844 3318 οἰνενοχλητως
867 3238 913 3301 καὶ
936 3240 1123 3320 ἀόιασείστοις,
1149 3241 1187 3300 ἔτι
1206 3261 1235 3299 τε
1252 3240 1321 3300 ἀνα·

48 3362 159 3439 ἢοιρέτινς
180 3360 229 3422 καὶ
252 3362 465 3435 ἀναπσοποίστως
487 3361 534 3422 καί
557 3363 627 3422 κατὰ
649 3361 735 3442 λόγον
757 3365 931 3442 γονικότητος
953 3363 1002 3438 τὴν
1025 3359 1171 3443 εἰρημένην
1185 3365 1323 3440 ποσότητα

49 3487 90 3540 τῶν
110 3487 248 3564 τριάκοντα
270 3485 409 3566 θπεπίιροιν
432 3483 479 3544 καί
502 3483 645 3564 ἀποφέρειν
668 3483 715 3545 καί
738 3483 944 3565 ἀποκερθαίνειν
966 3488 1054 3544 πᾶσαν
1069 3482 1117 3544 καί
1130 3483 1259 3545 παντοίαν
1273 3486 1323 3560 τὴν

51 3601 165 3682 ἑξαίιῆς
185 3605 320 3687 πρόσοδον
342 3605 389 3666 καί
412 3608 451 3682 μὴ
475 3605 607 3688 εὑρίσκειν
631 3605 675 3668 ἐπὶ
696 3611 730 3688 τῇ
752 3612 860 3690 κατοχῇ
882 3605 929 3667 καὶ
954 3612 1024 3689 νομῇ
1048 3607 1130 3682 αὐτῆς
1154 3609 1223 3683 μήτε
1249 3607 1323 3688 παρὰ

50 3733 90 3784 τῶν
108 3729 374 3808 κεραλατικευόντοιν
396 3729 467 3790 κατὰ
488 3729 598 3808 καιροθς
620 3729 778 3799 καθολικῶς
799 3731 817 3803 ἢ
842 3735 961 3808 μερικῶς
984 3726 1023 3800 εἰς
1045 3730 1091 3788 τόν
1114 3731 1195 3789 τόπον
1214 3728 1324 3809 Σερρῶν

50 3865 71 3906 τε
91 3849 133 3910 καί
153 3850 251 3930 Ζίχνα,
283 3852 353 3926 μήτε
376 3851 430 3926 μὴν
452 3857 506 3912 τῶν
528 3851 562 3910 τόι
584 3851 703 3926 δημόσια
726 3850 932 3931 θιενεργοθντων
957 3851 985 3910 ἐν
1009 3851 1111 3932 αὺτοῖς,
1134 3845 1232 3936 μηίτε]
1253 3851 1324 3922 τινός

52 3963 123 4032 τλλου
149 3981 202 4032 τῶν
234 3973 359 4032 ἁπάντων
390 3972 549 4047 διασεισμόν
577 3975 595 4048 ἢ
628 3972 745 4050 ὄχλησιν
775 3971 821 4031 καί
848 3969 1076 4032 καταθνναστείαν
1099 3972 1174 4044 όλως
1195 3971 1254 4032 τινὰ
1276 3969 1323 4032 καί

51 4087 169 4172 ἐπήρειαν·
195 4095 258 4154 ὅθεν
280 4092 327 4154 καί
349 4099 382 4176 τῇ
406 4093 538 4174 ἑμρανείᾳ
560 4098 606 4154 τοῦ
629 4095 761 4174 παρόντος
783 4094 989 4174 χοοσοβοὺλλου
1012 4092 1147 4172 σιγιλλίου
1168 4099 1218 4170 τῆς
1242 4095 1322 4170 βασι·

51 4211 113 4288 λείας
132 4237 181 4294 μου
203 4213 315 4289 καθέξει
338 4216 389 4292 μέν
412 4217 560 4289 ότοιοθτος
574 4217 761 4292 τανσέβαστος
777 4218 910 4292 σεβαστός
925 4214 1025 4288 οἰκεῖος
1041 4218 1117 4298 αὐτῇ,
1134 4217 1323 4299 ἑταιρειοίρχης

51 4335 227 4420 όίίανοίρετος,
251 4339 299 4414 τὴν
322 4336 494 4414 θηλωθείσαν
516 4342 653 4416 ποσότητα
673 4339 768 4418 οὓτως,
792 4341 830 4410 ὡς
846 4337 1020 4420 διορίζεταιή
1038 4338 1165 4412 βασιλεία
1181 4360 1242 4419 μου,
1267 4337 1322 4412 ἕξει

53 4455 74 4516 ίὲ
93 4461 178 4522 θέειον
205 4462 387 4541 παραπέμψαι
409 4461 507 4535 ταύτην
529 4459 576 4521 καί
598 4463 665 4543 πρός
687 4461 748 4533 τοὺς
771 4457 803 4534 ἐξ
825 4461 921 4540 όορθος
942 4460 1043 4531 παῖδας
1065 4459 1112 4520 καὶ
1133 4462 1324 4542 κληρονόμους

52 4581 85 4642 ταὶ
106 4584 246 4662 διαδόχους
273 4583 364 4662 αὺτοῦ,
395 4585 434 4655 ὡς
460 4586 492 4643 ἂν
518 4585 657 4662 κατέχοντι
683 4581 730 4643 καί
755 4585 890 4659 νέμοινται
916 4581 963 4642 καί
986 4576 1066 4642 οὗτοι·
1081 4582 1162 4659 αἰνπὴν
1184 4584 1255 4643 κατὰ
1276 4583 1321 4642 τόν

52 4697 92 4762 ἴτον
110 4703 154 4766 ναί
176 4707 271 4780 θμοιον
293 4701 331 4782 τῷ
354 4703 433 4784 πατρί
456 4705 542 4764 αὐτῶν
565 4706 670 4785 τρόπον.
694 4705 786 4765 τοότου
808 4707 888 4784 χάριν
910 4705 1010 4784 γέγονε
1025 4704 1063 4783 τῷ
1084 4703 1236 4782 θηλωθέντι
1250 4725 1321 4764 ποιν-
