3222 5284
235 331 299 396 304

728 406 740 434 Ι

236 528 353 586 τοιοῦτόν
381 547 432 600 μου
461 529 678 604 πτωχοτρσρεῑσν
706 525 752 587 καὶ
774 529 804 586 τό
835 531 1056 606 μοναστήριονή
1087 527 1244 588 ὑποκεῖσθαι
1276 526 1425 606 βούλομαι,
1461 525 1545 586 ἀλλὰ

236 649 325 728 κύριον
348 648 395 707 καὶ
418 647 552 723 δεσπότην
575 649 674 708 τούτων
699 643 766 708 εἶναι
789 647 835 708 καὶ
853 650 948 728 ἐρορον
964 649 1010 709 καὶ
1027 652 1144 728 συνοχέα
1160 649 1205 710 καὶ
1221 653 1341 728 κτήτσρα
1357 652 1394 722 ὡς
1410 650 1543 723 ἀληθῶς.

237 770 331 842 καθὼς
353 769 572 850 προόιειληπται,
595 773 641 829 τὀν
663 771 753 850 κύριον
775 772 854 846 ήμῶν
870 771 973 846 Ἰησοῦν
990 772 1105 851 Χριστόν
1127 774 1173 830 τόν
1197 771 1230 832 ἐκ
1251 773 1385 851 παρθένου
1404 771 1546 848 τεχθέντα

237 891 283 950 σῦν
304 890 343 969 τῷ
366 891 500 971 όμσσυσίῳ
522 891 603 973 πατρί
627 889 734 970 καὶτῷ
757 889 882 971 παναγίῳ
905 894 1045 971 πνεύματι,
1069 892 1116 952 καί
1139 895 1241 969 σκέπην
1264 891 1310 952 καί
1331 892 1476 969 ἀντίληψιν
1494 891 1545 950 καὶ

237 1013 400 1092 προστασίαν
423 1015 572 1088 κεκτῆσθαι
595 1014 664 1088 μετὰ
687 1015 758 1092 θεόν,
782 1015 830 1088 τὴν
853 1015 1055 1093 ύπεράχραντσν
1080 1012 1222 1074 δέσποιναν
1241 1015 1321 1088 ήμῶν
1336 1013 1383 1073 καὶ
1397 1015 1544 1088 θεστόκον,

237 1134 283 1194 καί
310 1137 354 1194 τόν
382 1137 471 1212 μέγαν
502 1135 716 1214 ἀρχιστράτηγον
743 1140 796 1194 τῶν
827 1135 956 1214 οὐρανίων
989 1133 1130 1213 δυνάμεων
1153 1136 1272 1214 Μιχαὴλ
1299 1134 1347 1196 καὶ
1374 1137 1418 1195 τόν
1449 1135 1544 1210 τίμιον
1599 1117 1600 1128 ¹

238 1256 414 1337 Πρόόρομον·
446 1256 540 1330 ἐπειδὴ
568 1253 621 1335 γάρ
649 1257 663 1314 ό
693 1259 800 1317 πάντων
830 1258 920 1336 κύριος
947 1255 993 1316 καί
1024 1258 1189 1338 δημιουργός
1217 1259 1295 1329 αὐτός
1322 1258 1386 1337 παρ’
1400 1257 1470 1331 ἐμοῦ
1495 1261 1544 1316 τοῦ

239 1375 349 1449 ἀναξίου
381 1378 560 1454 ἐπικέκληται
582 1379 673 1458 κύριος
695 1385 743 1454 τῆς
767 1379 895 1452 εῦτελοῦς
918 1399 969 1453 μου
992 1382 1090 1456 ταύτης
1112 1385 1305 1458 προσαγωγῆς,
1339 1377 1466 1458 εὔθηλον,
1502 1381 1544 1436 Ξτι

239 1499 285 1558 καὶ
315 1493 386 1560 οὗτοι
409 1499 456 1559 καὶ
477 1503 577 1572 πάντες
599 1499 625 1560 σί
647 1499 738 1561 λοιποί
763 1502 834 1578 ἅγιοι
856 1507 889 1583 τῇ
914 1501 1055 1578 ἐπισκέψει
1077 1503 1169 1562 τούτου
1193 1501 1458 1578 συγκαταλέγοντα·
1494 1500 1544 1557 καὶ

239 1621 328 1694 σῦδείς
351 1622 406 1681 ἐστι
429 1623 526 1682 λοιπόν
549 1623 564 1680 ό
586 1618 792 1701 παραχαράξων
814 1626 832 1698 ἡ
857 1625 1045 1698 μετακινήσων
1069 1643 1093 1682 τι
1115 1629 1168 1682 τῶν
1183 1623 1326 1702 παρ’ἐμοῦ
1343 1621 1543 1700 διωρισμένων.
1601 1665 1602 1682 ι

239 1747 257 1820 ἢ
288 1744 414 1822 ἐκκόψων
437 1744 470 1804 τόι
500 1743 603 1822 ψυχικίι
635 1749 756 1824 μερικῶς
777 1747 795 1818 ή
819 1745 950 1824 καθόλου,
981 1743 1004 1803 εἰ
1028 1746 1067 1821 μὴ
1095 1745 1197 1820 ἀσεβής
1222 1741 1345 1804 ἐστικαὶ
1370 1744 1470 1822 ἐχθρός
1495 1750 1544 1801 τοῦ

240 1868 302 1925 θεοῦ
331 1865 470 1947 προφανὴς
496 1863 543 1925 καὶ
574 1865 773 1946 μισάνθρωπος,
804 1865 850 1926 καί
878 1865 916 1946 τῷ
947 1863 1127 1946 φιλανθρώπῳ
1151 1866 1196 1926 καί
1226 1865 1459 1944 φιλευτπλάγχνῳ
1485 1864 1544 1940 θεῷ

240 1987 375 2082 ἀντίθεος·
408 1985 497 2047 οὐδενὶ
518 1986 572 2067 γὰρ
594 1992 648 2046 τῶν
670 1990 787 2066 πάντων,
818 1985 880 2066 μησὶ
902 1989 920 2062 ή
943 1988 1004 2047 θεία
1026 1988 1127 2068 Γραρή,
1158 1989 1196 2057 ὡς
1220 1987 1293 2066 ἐλέῳ
1315 1986 1379 2058 θεός
1402 1985 1545 2064 θεραπεῦ-

241 2129 311 2169 ετσιι·
343 2107 390 2169 καί
420 2107 496 2182 αὖθις
518 2110 533 2168 ό
555 2109 628 2181 θεῖος
658 2114 741 2184 νόμος
768 2115 821 2168 τῶν
850 2109 979 2188 ἐντολῶν,
1009 2111 1047 2168 ότι
1071 2112 1101 2168 οῦ
1128 2109 1292 2188 προσθήσεις
1320 2109 1362 2167 ἐπ’
1376 2109 1466 2178 αὐτοῖς
1493 2109 1544 2166 καί

241 2230 348 2313 ἀφέλῃς
371 2230 417 2290 ἀπ’
430 2231 526 2290 αῦτιῦν.
566 2231 641 2290 έσται
663 2229 709 2290 οὖν
731 2233 979 2310 προσκεκυρωμένα
1002 2229 1040 2308 τῷ
1061 2229 1271 2310 πτωχοτρσρείῳ
1294 2249 1345 2304 μου
1368 2227 1408 2300 εἰς
1430 2228 1544 2306 κληρο-

242 2351 338 2428 νομίαν
360 2357 407 2414 τοῦ
430 2352 459 2412 ἐν
481 2352 579 2433 Τριάόι
601 2352 766 2427 ὑμνουμένου
789 2351 836 2412 καί
859 2349 1043 2428 όσξαζσμένου
1066 2352 1129 2412 θεοῦ
1143 2357 1239 2412 ταῦτα·
1263 2353 1293 2410 τό
1308 2355 1409 2430 πρατόν
1425 2371 1477 2426 μου
1494 2359 1546 2409 τοῦ

241 2473 392 2534 Σελοκάκα
413 2474 459 2533 σῦν
481 2470 519 2551 τῷ
543 2472 651 2554 Μοικρῷ
674 2473 788 2554 Χωρίῳ·
812 2474 842 2532 τό
865 2475 965 2552 πρατόν
990 2494 1041 2548 μου
1064 2479 1109 2532 τοῦ
1124 2473 1270 2546 Βαβσῦλου
1292 2471 1351 2547 ήτσι
1375 2477 1420 2531 τοῦ
1437 2472 1545 2546 Λιβὲς·

240 2597 271 2656 τό
298 2596 399 2677 πρατόν
427 2595 518 2670 μσυή
547 2594 612 2672 άγία
635 2595 750 2674 Μυρόπη
780 2595 840 2669 ἤτοι
868 2596 897 2654 τό
922 2595 1129 2656 Μονσκέλλισν·
1160 2595 1190 2653 τό
1215 2595 1315 2674 πρατόν
1338 2614 1390 2668 μου
1412 2597 1458 2652 τοῦ
1481 2595 1545 2651 Συ-

242 2717 359 2792 μεωνίου
381 2715 427 2776 καί
451 2715 504 2776 ἀπό
526 2722 579 2776 τῶν
603 2717 632 2776 ἐν
654 2714 693 2795 τῷ
710 2717 885 2794 Μεσοκωμίῳ
907 2715 1074 2797 προαστείων
1097 2737 1149 2792 μου
1173 2719 1211 2796 έν,
1236 2717 1301 2794 ὅπερ
1325 2717 1378 2774 ἀπό
1401 2721 1450 2789 τῆς
1473 2715 1546 2772 σ’τνε-

242 2843 306 2918 ψιᾶς
328 2843 374 2898 τσῦ
396 2839 534 2919 πατρικίου
557 2843 638 2918 κυροῦ
653 2837 798 2898 Βασιλείου
821 2843 867 2898 τοῦ
883 2837 989 2918 Σνρίβα
1005 2835 1199 2914 ἐξωνησάμην·
1223 2837 1330 2911 ήαῦλη
1345 2841 1391 2896 τοῦ
1408 2834 1544 2908 Μεταξόι·

242 2962 260 3034 ή
284 2961 356 3036 αῦλὴ
379 2964 425 3020 τοῦ
448 2962 602 3042 Ἀρκσλύκη
625 2959 671 3020 σῦν
694 2962 750 3032 τοῖς
773 2960 825 3020 ἀπό
854 2956 1034 3038 ἀνταλλαγής
1056 2965 1105 3034 τῆς
1128 2959 1209 3038 ἁγίας
1231 2959 1330 3038 Σορίας
1352 2958 1545 3038 περιελθοῦσιν

242 3081 371 3160 οἰκήμασι
392 3083 440 3144 καὶ
461 3085 479 3158 ή
504 3084 575 3159 αῦλὴ
598 3087 643 3143 τοῦ
660 3083 819 3162 Κεντάρχσυ
840 3081 911 3157 μετὰ
929 3088 982 3140 τῶν
1000 3082 1028 3141 ἐν
1045 3082 1137 3152 αῦταίς
1153 3079 1309 3157 οἰκημάτων
1324 3082 1445 3140 πάντων·
1471 3081 1544 3158 προς

241 3206 344 3277 τούτοις
371 3203 418 3265 καὶ
439 3205 474 3264 τὰ
495 3200 579 3281 ἡμίση
602 3211 655 3264 τῶν
680 3204 709 3263 ἐν
732 3203 874 3284 Σηλυβρίᾳ
905 3203 1045 3262 ἐνοικικῶν
1069 3223 1119 3278 μου
1142 3203 1188 3262 καὶ
1212 3202 1245 3262 τὰ
1275 3203 1360 3276 ἡμίση
1383 3208 1437 3260 τῶν
1462 3202 1545 3272 ἐκτός

241 3332 291 3401 τῆς
314 3326 424 3402 θυτικῆς
445 3329 546 3406 πόρπης
561 3332 608 3386 τοῦ
623 3323 739 3406 κάοτρσυ
755 3325 911 3385 Ῥαιδεστοῦ
928 3327 1008 3404 έτερσι
1025 3325 1145 3384 ένσικικά
1161 3345 1221 3404 μου,
1246 3325 1314 3404 άπερ
1331 3322 1415 3400 ἐντῷ
1432 3321 1544 3397 ἐξωνη-

243 3448 315 3508 θέντι
342 3467 388 3522 μοι
417 3443 469 3506 ἀπό
497 3453 542 3507 τοῦ
575 3446 704 3523 δημοσίου
736 3447 844 3526 ἑρειπίῳ
876 3448 949 3526 τόπῳ
979 3447 1115 3526 ἐπέκτισε,
1148 3446 1306 3525 άόιαιρέτως
1333 3452 1386 3504 τῶν
1415 3445 1546 3504 τοιούτων

242 3569 364 3644 ήμίσεων
387 3569 527 3630 ἐνοικικῶν
550 3570 816 3648 πρσσκεκυρωμένων
840 3569 934 3629 όντων,
980 3573 1062 3628 ταῦτα
1092 3569 1176 3628 τοίνυν
1198 3569 1232 3626 τά
1255 3566 1371 3641 ἀκίνητά
1395 3587 1457 3646 μου,
1490 3568 1545 3626 όσα

244 3689 277 3764 δὴ
310 3691 508 3768 ἐμνημόνευσα,
540 3689 700 3750 ἀπεντεῦθεν
731 3689 785 3764 ἤδη
815 3697 957 3771 προσκωρῶ
987 3697 1020 3771 τῇ
1052 3688 1223 3768 κληρονομίᾳ
1252 3693 1297 3747 τοῦ
1327 3687 1454 3765 μεγάλου
1479 3689 1545 3746 θεοῦ

243 3810 290 3870 καὶ
321 3819 441 3891 σωτῆρος
467 3814 545 3888 ήμῶν
571 3813 660 3888 ’ίησσῦ
683 3814 797 3892 Χριστοῦ
819 3818 864 3871 τοῦ
889 3813 922 3872 ἐκ
942 3813 1076 3892 παρθένου
1099 3813 1253 3888 τεχθέντος,
1284 3809 1343 3884 ήτοι
1365 3807 1404 3886 τῷ
1427 3829 1543 3886 πτωχο-

243 3933 356 4013 τρορείῳ
379 3953 440 4015 μου,
471 3937 561 4012 ὥσπερ
585 3933 619 4008 δὴ
642 3932 689 3992 καί
712 3937 741 3994 τό
765 3937 957 4014 μσναστήρισν·
990 3933 1125 4011 όρειλσυσι
1148 3933 1179 3992 δὲ
1202 3928 1271 3990 είνσιι
1293 3933 1544 4010 προσκεκυρωμένοι

244 4055 344 4126 τούτοις
371 4054 417 4114 καὶ
444 4057 474 4115 τό
506 4057 670 4134 μαγκιπικόν
703 4056 878 4136 ἐργαστήριον
907 4061 956 4132 τῆς
980 4056 1106 4132 Πόλεως,
1136 4057 1167 4113 τό
1197 4054 1367 4128 συνημμένον
1394 4052 1432 4130 τῷ
1457 4051 1487 4110 ἐν
1510 4060 1543 4132 τῇ

244 4175 421 4255 θεσρυλάκτῳ
439 4177 524 4238 Πόλει
546 4178 756 4256 πτωχστροηείῳ
779 4198 840 4256 μου,
864 4177 894 4235 τό
918 4177 982 4254 ἔχον
1007 4176 1120 4236 ἐνοίκιον
1145 4175 1297 4250 νομίσματα
1320 4173 1403 4233 εἴκοσι
1422 4175 1544 4252 τέσσαρσι

244 4297 291 4358 καὶ
313 4301 343 4358 τό
375 4302 520 4378 μυρεψικόν
549 4299 725 4378 ἐργαστήριον
752 4301 782 4357 τό
810 4299 876 4376 ἐχσν
905 4299 1017 4358 ἐνοίκιον
1045 4297 1197 4373 νομίσματα
1225 4293 1258 4356 ιδ’
1286 4289 1332 4356 καὶ
1358 4295 1392 4354 τὰ
1420 4293 1543 4353 ἐνσικικά

245 4419 382 4496 οἰκήματα
404 4421 437 4480 τὰ
459 4421 674 4500 διακρατούμενσι
693 4421 768 4500 παρὰ
783 4419 930 4500 Θεοδώρου
945 4425 991 4480 τοῦ
1006 4418 1106 4498 ἰατροῦ,
1131 4419 1170 4490 είς
1187 4417 1301 4476 ἐνοίκιον
1317 4417 1492 4491 νομιηιτίτων
1510 4413 1541 4475 ε’.

243 4549 414 4623 προσαριερῶ
445 4545 476 4602 δὲ
499 4545 600 4614 τούτοις
622 4541 669 4601 καί
691 4542 725 4600 τόι
747 4541 831 4616 ήμίση
857 4541 948 4600 δίκαια
971 4545 1016 4600 τοῦ
1041 4541 1114 4600 οίκου
1138 4561 1189 4615 μου
1212 4543 1257 4599 τοῦ
1280 4539 1427 4617 γεγονότος
1451 4540 1541 4614 θωμοῑ

244 4667 459 4745 πρωτοσπαθάρη
490 4671 536 4724 τοῦ
561 4665 696 4743 Νικαέως,
728 4665 812 4723 ὥστε·
831 4664 882 4722 ἀπό
911 4669 964 4722 τῶν
993 4666 1136 4742 τριάκοντα
1166 4659 1212 4721 καὶ
1240 4659 1271 4732 ’ἐξ
1302 4665 1474 4738 νομισμάτων
1499 4671 1543 4720 τοῦ
