3208 5310
1290 363 1331 426 47

52 559 118 620 ἐστιν.
134 559 232 636 ἀμπέλι
246 560 280 620 τ“σ
296 559 470 636 καλούμενον
487 557 688 636 Ἄσκαλεβάτο,
704 558 797 629 κοθίις
813 556 868 616 ἐστι
883 559 1094 638 περιωρισμένον
1109 558 1140 618 τ“ο
1154 557 1273 634 πλησίον
1287 555 1335 616 καὶ

51 681 157 740 κάτωθεν
170 685 217 741 τοῦ
228 682 413 762 Χαρκωματᾶ
426 685 474 741 τοῦ
489 679 637 760 ἀμπελίσυ,
655 682 718 740 ὅσον
733 677 780 740 καὶ
796 671 853 740 οἷόν
869 679 933 739 ἐστι.
951 682 1043 762 ἕτερον
1058 678 1163 756 ἀμπέλι
1177 681 1208 739 το
1218 678 1335 756 πλησίον

50 806 87 862 τοῦ
107 804 208 884 Πίργσυ
234 803 283 864 καὶ
310 805 415 864 ἄνωθεν
441 801 489 864 καὶ
514 802 631 880 πλησίον
658 807 704 862 τοῦ
731 802 886 884 Ὸψαράτου
915 801 1017 878 μοδίων
1039 800 1076 876 β’.
1111 801 1186 878 ἀμπέ
1200 821 1216 861 ι
1245 800 1274 860 ἐν
1300 805 1333 883 τῇ

50 932 150 1006 περιοχῇ
171 930 217 986 τοῦ
236 926 397 1007 Ἀχραγέως
419 927 450 986 το
473 924 590 1003 πλησίον
606 929 653 986 τοῦ
669 919 811 998 Σουπίτζη.
836 927 929 1004 ἕτερον
943 923 1048 1000 ἀμπέλι
1065 924 1094 984 έν
1109 930 1142 1007 τῇ
1157 929 1274 1006 περιοχῇ
1288 927 1335 984 τοῦ

50 1047 165 1120 Αίλῶνος
193 1051 224 1109 τ“ο
253 1046 373 1124 πλησίον
402 1053 449 1110 τοῦ
471 1048 654 1124 Κουβοιλάτσυ
685 1047 780 1123 μοδίσυ
796 1045 833 1108 σι’.
865 1049 958 1126 ἕτερον
990 1046 1095 1122 ἀμπέλι
1117 1051 1167 1122 τῆς
1189 1046 1335 1126 Λοκίιθρας

49 1171 74 1227 το
93 1169 203 1246 πλησίον
227 1169 366 1246 ἀμπελίου
388 1175 433 1232 τοῦ
456 1173 573 1252 Λοιζοιρᾶ
596 1171 691 1247 μοδίσυ
705 1169 757 1244 ς”.
790 1171 883 1250 ἕτερον
905 1169 1012 1246 ἀμπέλι
1034 1170 1064 1230 έν
1086 1174 1120 1250 τῇ
1141 1174 1259 1251 περιοχῇ
1280 1173 1335 1228 τῶν

50 1289 183 1370 Κερομίων
205 1293 237 1352 τὸ
260 1293 384 1354 κιίτωθεν
406 1299 456 1369 τῆς
478 1291 583 1366 οἰκείοις
604 1298 651 1354 τοῦ
666 1291 794 1368 Καμίτζη
813 1291 861 1352 καὶ
875 1292 992 1368 πλησίον
1007 1289 1144 1368 ἀμπελίου
1158 1295 1204 1351 τοῦ
1220 1290 1335 1370 Πρωτο-

51 1411 187 1492 βεοπιορίου
211 1413 314 1488 μοδίων
329 1413 367 1492 γ’.
393 1417 485 1494 ἕτερον
508 1415 613 1492 ἀμπέλι
634 1420 681 1476 τοῦ
696 1415 846 1494 Δημονιάρι
862 1413 957 1490 μοδίου
972 1413 1005 1474 α’.
1032 1417 1124 1495 ἕτερον
1140 1412 1245 1489 ἀμπέλι
1258 1413 1289 1471 τ“ο
1306 1412 1335 1471 ἐν

49 1541 76 1614 τῇ
96 1535 164 1595 θέσει
186 1538 234 1596 τοῦ
258 1537 420 1617 Ἀχριίγεως
442 1539 472 1598 τ“ο
494 1536 611 1612 πλησίον
636 1535 773 1614 ἀμπελίου
794 1541 841 1598 τοῦ
863 1537 1026 1598 Γουλολέων
1050 1535 1152 1612 μοδίων
1168 1533 1205 1608 β’.
1230 1533 1335 1611 ἀμπέλι

49 1661 90 1729 τῆς
111 1655 245 1730 Λιβανθοῦ
267 1657 352 1737 ἤγουν
378 1662 424 1719 τοῦ
447 1659 526 1739 οίγίου
548 1658 696 1741 Θεοδώρου
717 1661 748 1720 τ“ο
770 1657 886 1735 πλησίον
909 1658 1044 1736 ἀμπελίου
1066 1661 1113 1719 τοῦ
1132 1657 1211 1735 Γογᾶ
1233 1653 1336 1732 μοδίων

52 1772 81 1850 β’.
102 1777 204 1852 ἀμπέλι
224 1780 256 1838 τίν
278 1779 395 1856 πλησίον
417 1787 464 1842 τοῦ
479 1783 639 1864 Εὺρυπιιίντη
661 1781 708 1842 καὶ
731 1782 854 1842 κοίτωθεν
876 1786 922 1844 τοῦ
938 1783 1043 1844 Κόντσυ
1066 1780 1171 1858 ἁμπέλι
1186 1776 1281 1856 μοδίου
1296 1776 1333 1838 α’.

49 1902 171 1979 χωρέριον
194 1904 242 1960 τοῦ
259 1903 450 1984 Ἧμεροβίγλη
473 1905 558 1985 ἤγουν
580 1907 611 1964 τὸ
635 1905 696 1983 ἔχει
718 1903 771 1964 ἀπο
785 1908 832 1966 τοῦ
847 1901 988 1966 Λεωνίδου
1003 1907 1049 1964 τοῦ
1064 1903 1225 1984 Τρουλσίτου
1241 1898 1280 1982 (ί)
1296 1900 1338 1970 ὡς

51 2027 190 2110 ἀντιλέγων
214 2027 311 2106 μοδίου
327 2025 364 2089 α’.
388 2025 494 2102 ἀμπέλι
516 2031 563 2088 τοῦ
578 2027 732 2108 Πτερίωνος
753 2028 784 2087 τ“ο
798 2025 915 2102 πλησίον
931 2025 1068 2104 ἀμπελίου
1082 2029 1129 2086 τοῦ
1143 2025 1265 2105 Κουριὲς
1281 2043 1336 2098 μο-

53 2151 100 2210 etas
112 2151 162 2226 ς”.
184 2154 326 2234 χωροφισν
347 2152 395 2210 τοῦ
409 2149 510 2211 Κισνοῦ
531 2153 579 2210 τοῦ
593 2147 726 2230 Σπηλίου,
748 2151 779 2209 τί
802 2149 862 2228 ἔχει
883 2145 936 2210 ἀπο
950 2152 998 2208 τοῦ
1012 2149 1159 2224 Κουμανοῦ
1174 2145 1270 2223 μσδίου
1284 2143 1337 2220 ς”.

142 2273 284 2350 Ὁμοίως
305 2273 345 2332 τὰ
358 2274 513 2352 χωρσίφια
534 2277 593 2348 τῆς
608 2273 800 2352 ἁγιωτάτης
821 2271 1005 2348 ἐπισκοπῆς
1020 2277 1079 2350 τῆς
1096 2269 1334 2342 Λεωνιδιάδος.

50 2397 175 2475 χωρέριον
197 2400 245 2457 τοῦ
267 2395 347 2476 ἁγίου
371 2395 498 2475 Ἀνδρέου
520 2396 550 2454 τ“ο
572 2393 689 2471 πλησίον
711 2395 850 2475 χωραρίου
871 2399 918 2455 τοῦ
938 2393 1164 2475 Περιβολισιοίνου
1187 2390 1283 2468 μοδίου
1298 2388 1335 2451 σι’.

50 2521 175 2596 χωράριον
200 2520 232 2578 το
259 2517 432 2593 καλούμενον
453 2519 501 2577 τοῦ
522 2518 714 2596 Κουρουμένου
736 2518 767 2576 τ“ο
790 2515 906 2592 πλησίον
928 2515 1068 2598 χωραρίου
1090 2518 1137 2576 τοῦ
1160 2515 1337 2596 Περισπιάνου

50 2638 88 2698 ιιοὶ
108 2643 152 2700 τοῦ
173 2639 320 2716 Κουλόνδη
344 2638 440 2716 μσδίου
454 2636 506 2714 ς”.
537 2641 676 2720 χωράφιον
699 2643 744 2700 τοῦ
766 2639 939 2715 Κολυμπηπη
962 2640 992 2698 το
1014 2639 1198 2716 καλούμενον,
1220 2634 1336 2712 πλησίον

49 2762 175 2842 χωροηίου
200 2763 248 2822 τοῦ
270 2761 413 2842 Κλουδοίρι
440 2761 536 2838 μοδίου
551 2759 578 2822 σι’
606 2760 654 2822 καὶ
682 2763 774 2843 ἕτερον
801 2763 940 2842 χωριίηιον
968 2761 1062 2838 μοδίου
1078 2759 1115 2822 σι’.
1145 2762 1284 2841 χωρίριον
1305 2758 1337 2818 τ“σ

50 2883 112 2942 m&
135 2884 275 2958 ἀνατολὰς
303 2883 431 2960 κείμενον
459 2888 505 2944 τοῦ
526 2883 583 2945 υίοῡ
606 2879 814 2969 Ἀνοιστασία[ς]
837 2885 868 2944 τὸ
894 2884 1009 2961 πλησίον
1031 2885 1077 2944 τοῦ
1099 2881 1260 2944 Μανδοικίου
1282 2901 1335 2956 μο-

51 3003 100 3064 ίίου
112 3005 161 3080 ς”.
185 3009 279 3086 ἕτερον
300 3011 351 3082 τῆς
371 3004 575 3087 Ἀνιιδηδράδσς
596 3008 627 3067 τ“ο
649 3006 765 3082 πλησίον
788 3007 926 3087 χωροφίου
948 3011 995 3066 τοῦ
1019 3007 1199 3086 Περεστιοίνου
1221 3003 1268 3064 κοί
1290 3008 1336 3064 τοῦ

53 3126 119 3204 ίηίου
139 3127 282 3188 Νικολάου
312 3126 409 3204 μοδίου
425 3127 462 3188 α’.
492 3131 632 3208 χωριίριον
661 3130 691 3189 τὸ
718 3127 874 3208 λεγόμενον
895 3132 942 3189 τοῦ
964 3128 1147 3207 Μεγουλάτω
1168 3128 1199 3187 τὸ
1220 3126 1336 3201 πλησίον

51 3250 175 3329 χωροηίου
201 3255 249 3312 τοῦ
271 3251 498 3332 Περιβολισιένου
525 3250 627 3328 μοδίων
644 3249 680 3324 β’.
714 3251 834 3311 ίοταντοι
861 3251 893 3310 δὲ
921 3248 961 3323 είς
984 3251 1048 3310 αὐτὸ
1070 3246 1257 3330 γλυιισξυλεαί
1279 3247 1336 3308 δίο.

52 3375 176 3453 χωροίριον
198 3375 230 3434 το
253 3373 406 3453 λεγόμενον
428 3377 475 3434 τοῦ
490 3373 606 3446 Φονέως
628 3375 659 3434 τὸ
679 3373 795 3452 πλησίον
810 3373 949 3456 χωραρίσυ
963 3376 1009 3434 τοῦ
1024 3373 1165 3454 Κλουδάρι
1181 3371 1284 3448 μοδίων
1298 3370 1335 3450 γ’.

51 3497 177 3576 χωράριον
198 3499 246 3557 τοῦ
269 3495 348 3574 ἁγίου
363 3495 536 3557 Ἀναοτοσίου
558 3497 589 3556 τὸ
611 3495 728 3572 πλησίον
750 3496 889 3578 χωραρίου
911 3499 957 3558 τσῦ
971 3495 1158 3574 Κουσκουρίδη
1176 3493 1270 3572 μοδίου
1285 3492 1336 3568 ς”.

53 3619 178 3697 χωρίοισν
208 3619 240 3678 ιδ
269 3619 425 3698 λεγόμενον
446 3617 588 3700 Χρυσάτον
613 3621 644 3680 το
665 3619 783 3696 πλησίον
804 3620 944 3700 χωρορίσυ
966 3623 1013 3680 τοῦ
1036 3617 1260 3699 Περιβολισιοίνου
1283 3638 1338 3693 μο-

55 3735 108 3797 ίίων
123 3739 158 3814 β’.
183 3743 264 3822 έτερσι
287 3741 411 3821 ἅρμοίκια
433 3739 459 3816 β’
483 3741 517 3801 τὰ
539 3742 682 3821 λεγόμενα
697 3743 879 3823 Κερβιροίδου,
902 3743 932 3802 ἐν
955 3736 978 3821 ᾧ
999 3741 1104 3801 ίστσται
1126 3741 1144 3815 ἡ
1167 3737 1239 3799 οίκία
1254 3740 1338 3799 Κων-

55 3860 176 3922 στονιίνου
197 3865 244 3923 τοῦ
260 3861 398 3936 Σθλοβοῦ.
428 3865 520 3945 ἕτερον
542 3865 573 3924 το
595 3865 718 3925 κσίτωθεν
740 3870 791 3942 τῆς
813 3862 902 3936 σίκίσις
923 3867 969 3924 τοῦ
985 3863 1063 3942 Γογᾶ
1085 3863 1219 3943 ἁρμέκισν
1235 3860 1338 3937 μσδίων

57 3979 132 4056 W.
154 3986 236 4065 ίτερο
258 3985 381 4066 ἁρμέκια
397 3984 423 4060 β’
445 3991 495 4062 τῆς
520 3985 674 4066 Λογγιίδας
696 3985 731 4046 τὰ
751 3985 868 4062 πλησίον
889 3985 1029 4066 χωραφίου
1051 3989 1098 4047 τοῦ
1114 3981 1339 4065 Περιβολισιοίνσυ

56 4101 95 4162 κοί
118 4111 161 4168 τοῦ
188 4107 268 4186 Γαγᾶ
297 4107 392 4182 μοδίου
411 4107 448 4168 οί.
482 4110 574 4189 ἕτερον
604 4109 737 4189 ἁρροίκιον
766 4113 812 4169 τοῦ
839 4109 1013 4186 Κολυμπητη
1040 4108 1195 4187 λεγόμενον
1221 4107 1338 4184 πλησίον

57 4229 175 4307 χυροηίοο
197 4233 245 4290 τοῦ
262 4227 487 4308 Περιβολισιάνου
510 4227 668 4306 μοδίους”.
690 4233 831 4310 χωράφιον
852 4239 902 4308 τῆς
918 4231 1026 4312 Πέτρας
1048 4233 1079 4291 τ“σ
1101 4228 1217 4306 πλησίον
1239 4249 1338 4309 χωρο-

58 4347 103 4424 ηίσι
121 4356 163 4413 τοῦ
186 4349 308 4425 Μετσξοί
335 4351 439 4426 μοδίων
455 4351 492 4426 β’.
522 4355 648 4434 χωράρια
670 4353 704 4414 τὰ
726 4353 869 4434 λεγόμενα
890 4361 940 4430 τῆς
962 4355 1064 4434 Χώρας
1078 4351 1127 4437 (ί),
1154 4355 1173 4412 τί
1195 4347 1339 4427 έδώθησαν

59 4468 260 4554 ἑνιοίλλογμοιί)
287 4475 335 4534 τοίι
361 4475 498 4550 ἀμπελίου
525 4481 579 4536 τῶν
602 4474 726 4557 Θυρίίων
753 4475 848 4552 μοδίου
864 4476 901 4556 σι’,
930 4479 1096 4556 κατέχοντες
1125 4476 1169 4536 διὰ
1196 4477 1340 4551 θελήσεως

142 4739 162 4804 ¹)
180 4739 283 4805 Apogr.
305 4731 466 4804 ἃντίλλογρσ.
