3246 5288
1310 375 1374 442 443

73 582 125 653 (p.
146 585 221 638 63-
234 581 300 652 65):
323 577 496 656 όπερνῶντες
520 575 566 636 δύο
588 579 682 656 χρόνοι
698 575 742 654 ἀρ’
756 568 787 634 οίι
802 575 917 654 ἅρχισαν
931 575 980 650 τήν
997 573 1144 648 οἰκοδομὴν
1166 577 1212 632 τοῦ
1233 577 1298 634 ναοῦ
1316 619 1322 634 .
1341 619 1347 634 .
1366 620 1373 635 .

75 699 216 778 ἀριέρωσε
240 697 268 781 (ό
290 695 433 780 βασιλεὺς)
457 697 614 772 πάμπολλα
635 696 683 756 καί
707 697 763 756 ἐδίυ
787 696 825 768 είς
847 697 896 772 τὴν
918 701 999 771 νῆσον
1023 696 1114 756 ἐπάνω
1136 693 1183 755 καὶ
1207 693 1245 767 είς
1268 691 1374 766 ἀλλους

75 823 192 898 τόπους,
226 818 274 880 καὶ
303 820 334 880 οὺ
363 822 446 896 μόνον
475 821 573 891 τόπους
602 819 759 900 ἀφιέρωσιν,
795 817 872 878 ἀλλὰ
901 816 948 878 καί
977 817 1092 898 διάφορα
1122 788 1199 877 αἲλλα
1228 817 1374 896 σιτηρέσια.

77 939 209 1023 ἑδιώρισε
222 943 291 1024 πρδς
311 945 369 1014 τοῖς
391 942 490 1014 ἄλλοις
514 942 550 1017 μὲ
571 939 776 1023 χρυσόβουλλα,
799 940 833 998 νόι
856 939 981 1000 δίδωνται
997 938 1035 1011 εἰς
1057 940 1105 1014 τὴν
1130 941 1214 1014 μονὴν
1238 938 1266 998 ἐν
1288 935 1375 1018 καιρῷ

76 1067 179 1146 θέρους
196 1065 294 1126 ἀτότδ
308 1070 423 1146 πρᾶγμα
438 1070 491 1124 τῶν
507 1065 625 1142 βησσῶν,
646 1065 713 1123 όπον
728 1062 864 1142 εὑρίσκετο
880 1063 951 1122 κατὰ
964 1062 1013 1137 τήν
1030 1031 1139 1122 Ἀναίαν
1154 1063 1184 1121 τό
1200 1061 1375 1140 διωρισμένον

76 1185 129 1246 καὶ
160 1183 338 1262 ὑποκείμενον
369 1183 408 1258 εἰς
437 1187 467 1245 τό
500 1188 627 1265 σέκρετον
657 1187 704 1245 τοῦ
726 1185 928 1265 Τροπαιορόρου
956 1184 991 1243 νόι
1021 1182 1147 1244 δίδονται
1177 1185 1264 1263 σιτάρι
1294 1181 1376 1258 μίδια

76 1309 164 1388 χίλια
193 1307 240 1369 καὶ
270 1309 392 1368 ἄλλοθεν
421 1308 474 1368 ἀπό
503 1313 552 1384 τῆς
582 1313 669 1382 μονῆς
698 1310 744 1368 τοῦ
766 1307 969 1386 Τροπαιορόρου
1000 1305 1083 1381 μόδια
1109 1303 1136 1364 λ’
1163 1303 1209 1365 καὶ
1238 1303 1376 1380 νονμμίων

80 1431 239 1512 μιλιαρίσια
260 1429 300 1490 λ’.
331 1429 377 1490 καὶ
402 1431 487 1510 α’ρησε
508 1429 557 1504 τήν
581 1429 666 1504 μονὴν
689 1428 884 1489 αὺτοδέσποτον
907 1428 954 1487 καί
977 1425 1146 1501 αὐτεξούσιον
1169 1428 1230 1487 κτλ.
1268 1434 1377 1487 Paucas

79 1561 171 1614 ίόπεαο
193 1561 251 1614 doc.
274 1559 364 1629 refert,
388 1559 407 1613 ό.
431 1575 453 1612 e.
472 1576 505 1628 p.
531 1561 559 1627 6,
583 1557 602 1612 ί.
625 1559 681 1612 29ι
705 1550 858 1626 ἀλήσεσίίαι
881 1557 919 1611 ad
936 1575 968 1627 p.
995 1558 1021 1626 6,
1047 1557 1065 1611 ί.
1092 1559 1111 1610 3
1133 1550 1375 1630 ἀφροντιστοῦντες.

80 1700 144 1738 cum
173 1683 256 1736 varia
285 1681 343 1735 ίεοί.
364 1698 395 1750 ρ.
421 1683 449 1750 ὅ,
480 1681 499 1734 ί.
524 1681 565 1734 30
594 1677 640 1733 τοίι
668 1673 749 1735 σίτου.
797 1680 851 1748 IV,
879 1697 911 1748 p.
938 1679 965 1748 6,
997 1679 1015 1732 l.
1044 1681 1083 1732 15
1113 1679 1233 1749 όπόείίερε
1257 1676 1331 1731 Ζοόιι
1353 1682 1378 1730 εί

86 1804 265 1860 Ὶίιεοάοτσω.
311 1803 330 1856 l.
358 1805 397 1856 17
426 1795 570 1870 ἀπλήστου
593 1819 662 1856 corr.
686 1793 837 1870 ἆπλήκτου.
883 1801 901 1854 l.
927 1801 969 1854 26
994 1792 1041 1853 καί
1064 1794 1098 1854 τὰ
1120 1813 1165 1873 πρ.
1188 1793 1223 1852 τό
1245 1799 1323 1854 addit
1347 1798 1376 1854 S.

83 1927 216 1980 Forsitan
245 1917 291 1979 καὶ
317 1943 372 1996 pro
401 1920 435 1979 τὰ
467 1926 597 1996 mptum
627 1931 652 1978 et
682 1925 823 1978 delendum
853 1923 882 1978 S.
937 1922 1129 1994 Fraqmmtum
1159 1923 1235 1994 apud
1265 1921 1376 1992 Νόοερίι.

78 2067 112 2120 p.
134 2049 183 2118 71,
207 2049 248 2102 ed.
271 2055 379 2102 nostrae
396 2065 429 2117 p.
449 2047 476 2112 6,
500 2047 519 2101 ί.
538 2049 577 2100 21
602 2040 753 2121 διορίζεται.
799 2047 817 2100 ί.
836 2047 877 2100 26
900 2036 1007 2118 ἀπερικ.
1031 2064 1089 2100 cum
1112 2046 1254 2100 varietate.
1300 2044 1318 2098 l.
1338 2045 1378 2097 22

83 2163 138 2223 ἀπο
160 2168 214 2222 τῶν
238 2163 396 2222 ἐνοικιακῶν
419 2167 510 2238 (νόοιο)
533 2168 581 2238 τῆς
605 2167 691 2238 μονῆς
712 2165 759 2223 τοῦ
780 2162 985 2242 Τροπαιορόρου
1009 2161 1092 2240 ἔχειν.
1139 2167 1158 2221 ί.
1184 2167 1225 2221 24
1247 2163 1294 2219 τοῦ
1316 2171 1378 2220 ante

82 2307 129 2365 πρ.
161 2293 233 2346 deese
262 2297 287 2345 et
316 2283 516 2360 ἀνοιδομεϊσθαι
545 2308 629 2361 usque
658 2290 677 2345 ί.
708 2292 748 2345 30
779 2283 889 2345 ἀδειαλ.
920 2307 979 2344 cum
1008 2307 1069 2344 var.
1102 2303 1154 2358 μου
1184 2281 1308 2342 ἐκτελεῖν
1337 2301 1377 2342 τε.

79 2431 112 2483 ρ.
141 2415 159 2466 7
190 2404 234 2466 ἐπὶ
256 2406 339 2486 τούτῳ
362 2430 431 2467 corr.
456 2412 485 2467 S.
510 2430 542 2466 ια
562 2409 648 2466 τοῦτο.
702 2413 733 2468 V.
759 2431 791 2482 p.
820 2413 845 2479 7,
872 2411 892 2467 8
921 2406 1075 2486 ἐπικυρῶσα
1097 2429 1166 2466 corr.
1192 2404 1379 2483 ἐπικυρωσασα

84 2541 135 2590 συί
157 2536 213 2606 ίερε
234 2551 293 2590 eum
309 2533 391 2590 Salac.
414 2527 573 2608 έπικνροῦσα
596 2539 621 2588 εί
643 2533 700 2588 dele
721 2539 775 2588 ποί.
793 2535 823 2588 2.
857 2533 962 2588 Montio
984 2533 1065 2603 hujus
1088 2531 1177 2588 όιιίίαο
1194 2532 1229 2603 fit
1252 2549 1299 2602 αρ.
1317 2532 1378 2586 Nic.

84 2657 130 2728 (p.
158 2654 225 2725 67).·
255 2648 325 2725 μετὰ
353 2647 505 2709 ταῦτακαὶ
528 2649 582 2709 όλα
606 2649 698 2709 ἐκεῖνα
720 2649 754 2709 τὰ
776 2648 952 2730 ἀριεριίνματα
974 2645 1021 2709 καὶ
1042 2651 1191 2730 πράγματα
1213 2651 1263 2724 τῆς
1294 2651 1380 2723 μονής

86 2773 222 2848 ἐζήτησαν
252 2771 277 2830 αί
306 2772 423 2852 πατέρες
451 2767 504 2831 ἀπό
526 2772 572 2830 τὀν
603 2769 720 2844 βασιλέα
743 2771 947 2831 Χωνσταντῖνον
969 2770 1003 2829 νδ
1029 2765 1064 2830 τὰ
1091 2767 1243 2850 ἐπικυρώσῃ
1273 2767 1319 2828 καί
1346 2767 1381 2826 νόι

84 2893 119 2953 τόι
154 2892 297 2972 βεβαιώσῃ
331 2891 376 2952 διδ
408 2891 622 2972 χρυσοβοίιλλων
652 2891 700 2952 καί
731 2893 810 2965 αότδς
839 2893 869 2952 τδ
900 2891 1127 2974 δγληγωρότερον
1158 2891 1304 2951 ἐτελείωσε
1333 2895 1380 2952 τοῦ

84 3016 243 3092 ζητήματός
264 3033 326 3085 τους
348 3059 404 3076 ...
428 3012 475 3073 καὶ
498 3014 542 3092 όχι
565 3016 647 3090 μόνον
669 3015 703 3074 τό
727 3015 755 3074 ἑν
777 3019 811 3095 πή
834 3013 904 3094 Χίῳ,
928 3012 1074 3074 ἀλλὰκαὶ
1096 3015 1127 3074 τδ
1150 3009 1297 3093 μετόχισν,
1312 3015 1379 3072 όπου

85 3131 165 3214 είχον
188 3133 228 3208 είς
250 3135 280 3194 τό
297 3135 414 3214 Πέραμα
439 3135 482 3195 ἐπ’
499 3136 612 3211 όνόματι
633 3139 679 3195 τοῦ
702 3135 780 3214 ἁγίου
795 3135 958 3217 Εὺστρατίου
981 3135 1079 3218 (confr.
1095 3159 1128 3212 p.
1149 3143 1197 3211 12,
1221 3141 1240 3196 ό,
1258 3138 1311 3208 22)
1333 3132 1380 3194 καὶ

87 3257 162 3317 σῖλλο
175 3259 304 3335 μετόχιον
317 3255 395 3338 ἐντῷ
408 3257 569 3333 θέματιτῶν
582 3255 745 3339 θρᾳκησίων
762 3259 836 3337 μέγα
850 3255 897 3317 καὶ
912 3254 1071 3338 ἀξιόλογον,
1087 3259 1117 3317 τό
1134 3257 1226 3317 ὁποῖον
1241 3257 1380 3336 ἠγόρασαν

85 3379 110 3439 οἱ
133 3379 252 3460 πατέρες
275 3378 327 3438 ἀπδ
346 3379 407 3450 τοὺς
429 3378 500 3451 υἱοὺς
522 3382 568 3439 τοῦ
584 3379 770 3458 Χατακαλῶν,
794 3379 949 3455 Χαλοθήκη
971 3377 1019 3439 καὶ
1033 3379 1199 3454 Χαλοθήκια
1214 3378 1379 3457 λεγόμενον.

85 3499 133 3560 καὶ
149 3497 192 3560 κδ’
207 3499 363 3580 παροίκους,
380 3502 446 3560 δποό
460 3547 466 3560 .
481 3547 487 3559 .
503 3547 508 3559 .
525 3500 650 3580 ἐχέρισεν
666 3499 833 3582 δβασιλεύς,
849 3506 916 3576 (vid.
926 3507 983 3562 doc.
1001 3489 1039 3576 V)
1054 3499 1100 3561 καί
1116 3501 1221 3574 ἄλλους
1235 3501 1381 3580 παροίκους

87 3622 128 3694 είς
157 3622 207 3697 τὴν
230 3619 296 3682 Χίον
325 3621 466 3702 κηπαρίων
496 3643 535 3699 μγ
568 3623 637 3698 ὁμοῦ
667 3621 702 3698 μέ
729 3621 763 3682 τὰ
793 3617 889 3682 παιδία
914 3643 976 3695 τους
1000 3671 1006 3684 .
1032 3669 1038 3682 .
1065 3671 1071 3684 .
1097 3622 1174 3683 ἀλλὰ
1196 3620 1312 3696 ὑπέταξε
1335 3620 1382 3682 καὶ

85 3743 279 3805 ὑπεδοόλωσεν
303 3742 342 3816 είς
364 3743 448 3818 αἰπήν
472 3744 618 3824 ἐγγράφως
648 3745 684 3821 μὲ
713 3744 920 3825 χρυσόβουλλον
943 3744 1004 3817 τοὺς
1028 3745 1057 3805 έν
1080 3745 1139 3826 Χίῳ
1163 3744 1317 3826 Ἑβραίους,
1350 3743 1383 3804 ιε’

86 3866 261 3946 ὁλοκλήρους
291 3865 428 3944 ραμελίας
459 3870 561 3942 (confer
583 3873 640 3928 ιίοο.
665 3873 712 3942 VI,
739 3891 771 3943 ρ.
796 3875 823 3943 8,
851 3873 870 3929 ί.
889 3871 951 3942 20).
999 3874 1082 3943 chjua
1111 3873 1201 3928 όκίίσε
1231 3873 1279 3928 hoc
1302 3873 1382 3944 fraq-

87 4000 205 4049 mentum
227 3995 310 4048 edidit
332 4001 427 4048 auctor
448 4001 538 4049 ποωεσ
555 4013 588 4066 p.
615 3995 750 4050 68-70.
796 3989 872 4070 ,,Τον
901 3989 1020 4049 παλαιόν
1042 3989 1155 4069 Ἰσραὴλ
1183 3987 1268 4048 καὶὸ
1294 3990 1384 4067 μέγας

88 4108 218 4186 βασιλεὺς
232 4107 279 4168 καὶ
300 4110 362 4181 θεός
383 4112 583 4190 παρωσάμενος
597 4111 642 4170 τὀν
662 4111 725 4171 νέαν
749 4107 898 4184 ἐξελέξατο
917 4109 964 4170 καί
984 4115 1075 4171 τοῦτον
1099 4111 1203 4172 ἐκείνου
1226 4111 1383 4194 προκρίνας,

88 4233 162 4293 λοιδν
177 4231 327 4311 περιούσιον
343 4229 389 4290 καί
406 4229 504 4311 μεριδα
520 4233 684 4308 ἐπιθυμητὴν
699 4229 746 4291 καί
760 4233 865 4313 κλῆρον
882 4230 981 4293 οἰκεῖον
994 4232 1066 4313 αὐτῷ
1081 4234 1235 4310 ὠνόμασεν·
1253 4233 1328 4293 ἐνθεν
1343 4253 1384 4294 τοι

87 4351 135 4414 καὶ
157 4352 195 4430 τῷ
217 4350 391 4432 χριστιανικῖρ
412 4353 489 4431 ρι’νλῳ
511 4352 541 4412 τό
564 4350 700 4413 ίουδαϊκδν
715 4351 888 4427 καθυπέταξε
903 4353 950 4414 καὶ
964 4356 996 4414 εδ
1010 4355 1101 4416 πιστόν
1116 4353 1163 4416 καὶ
1187 4353 1277 4415 εὔνουν
1300 4357 1382 4434 γένος

87 4479 135 4536 τοῦ
150 4473 259 4534 ἀπίστου
274 4475 422 4554 κατάρχειν
436 4473 484 4533 καὶ
507 4473 668 4552 ἀγνώμονος
691 4469 876 4554 ᾠκονόμησεν.
907 4477 990 4559 ταύτῃ
1014 4475 1083 4553 δῆτα
1104 4483 1137 4560 τῇ
1160 4472 1220 4559 θείᾳ
1242 4474 1384 4558 οἰκονομίᾳ

64 4593 135 4658 ,καὶ
156 4595 175 4670 ή
203 4594 332 4670 βασιλεία
353 4597 433 4671 ήμῶν
454 4594 696 4656 κατακολουθοῦσα
717 4598 785 4676 πρός
806 4598 866 4668 ταῖς
890 4598 996 4678 έτέραις
1019 4598 1158 4678 εόποιίαις,
1187 4601 1220 4671 όίς
1247 4600 1314 4678 πρός
1335 4599 1384 4674 τήν

90 4717 119 4777 ἐν
149 4722 183 4798 τῇ
212 4717 286 4794 νήσῳ
309 4715 368 4797 Χίῳ
391 4716 467 4776 Νέαν
489 4717 586 4792 Μονήν
618 4717 738 4798 ἐποίησε,
768 4717 815 4778 καὶ
838 4718 900 4790 τοὺς
924 4720 953 4778 ἐν
974 4721 1057 4802 ταύτῃ
1080 4727 1112 4801 τῇ
1142 4723 1216 4799 νήσῳ
1239 4719 1386 4792 Ἰουδαίους
