3486 5282
1348 375 1412 442 223

110 567 255 647 ἰναφέρειν
289 569 340 644 τἠν
370 569 496 632 ὑπόθεσιν
525 571 624 646 ταίιτην
650 567 691 642 εἰς
717 570 762 630 τόν
790 569 862 630 κατὰ
887 569 997 651 καιροὺς
1024 568 1210 646 οίκουμενικδν
1236 567 1415 650 πατριάρχην,

108 691 333 770 περιγράφοντες
353 692 384 751 ἐν
405 692 482 772 φόβῳ
504 693 567 754 θεοῦ
590 691 624 753 τὰ
645 691 710 774 ήθη,
732 693 778 753 τδν
801 691 858 766 βίον
880 690 928 756 καὶ
950 693 999 768 τήν
1022 693 1146 773 φρόνησιν
1168 697 1222 752 τῶν
1239 689 1280 764 εἰς
1294 691 1417 770 ἐκλογὴν

109 809 150 870 ἐπί
172 817 209 894 τῇ
234 814 410 898 ἡγουμενείφ
431 815 618 895 προκειμένων
635 820 857 896 μονασιηριακῶν
872 815 1007 894 πατέρων,
1030 814 1083 894 ίνα,
1107 814 1267 895 ἐπικρίσεως
1282 812 1417 890 ἐκκλησι-

108 941 222 1010 αστικῆς
250 935 386 1018 ἀκριβεῖς
406 913 560 1016 γενομένης
581 938 649 1018 πρδς
671 938 702 998 τθ
724 943 801 1018 κοινῇ
822 938 956 1017 συμφέρον
972 939 1018 996 τοῦ
1034 935 1106 1018 ίεροθ
1120 937 1213 998 τούτου
1228 935 1416 1017 μοναστηρίου,

109 1056 332 1120 ἀποκαθιστᾶται
360 1059 406 1120 διὰ
428 1063 623 1140 πατριαρχικοῖ
647 1059 873 1136 ἐκκλησιαστικοῠ
895 1061 1058 1139 γράμματος
1080 1056 1126 1118 καὶ
1149 1057 1296 1140 διορίζηται
1317 1058 1332 1116 ό
1354 1058 1417 1130 νέος

109 1165 285 1264 ἡγούμενος,
316 1183 514 1257 σημειουμένου
535 1179 583 1241 καί
604 1185 652 1242 τοῦ
673 1179 809 1256 όνόματος
832 1181 911 1242 αυτοῦ
935 1179 1024 1258 ἐντῷ
1047 1180 1153 1261 ῥηθέντι
1175 1179 1296 1256 κωδηκι·
1328 1181 1416 1258 ἔκταν,

110 1303 125 1374 ἡ
156 1301 282 1383 σφραγὶς
312 1306 358 1364 τοῦ
388 1303 567 1384 μοναστηρίου
596 1303 631 1364 νόι
657 1303 779 1386 διαιρεθῇ
803 1300 843 1375 εἰς
863 1303 996 1378 τμήματα
1017 1304 1135 1382 τέσσαρα
1157 1300 1204 1362 καί
1225 1305 1243 1377 ή
1267 1302 1317 1377 μὲν
1340 1299 1416 1376 λαβὴ

109 1427 410 1503 παρακατατιθειμένη
432 1425 542 1508 θιτάφχη
564 1424 603 1504 τῷ
624 1426 780 1504 ήγουμένῳ,
803 1425 837 1485 τὰ
860 1423 891 1484 δὲ
914 1426 1033 1504 τέσσαρα
1054 1425 1185 1500 τμήματα
1206 1425 1332 1504 τέσσαρσι
1348 1445 1417 1504 συγ-

110 1545 303 1620 νοινοβιάταις
323 1550 464 1628 πατράσιν,
488 1547 686 1627 ἐκλεγομένοις
707 1552 806 1618 κοινῶς
826 1546 900 1627 παρὰ
922 1549 1030 1607 πάντων
1052 1551 1105 1606 τῶν
1121 1545 1346 1624 ουγκοινοβιοττῶν
1360 1567 1416 1606 πα-

112 1668 211 1746 τέρων·
239 1669 373 1749 ἕβδομον,
397 1669 423 1730 οἱ
445 1670 670 1750 ἐπιτετραμμένοι
692 1669 727 1729 τὰ
747 1671 865 1748 τέσσαρα
885 1671 1015 1744 τμήματα
1030 1666 1076 1728 καὶ
1091 1667 1140 1743 τήν
1155 1668 1247 1743 λοιβὴν
1262 1669 1301 1744 μή
1318 1669 1418 1746 ἔχωσιν

113 1789 209 1849 ἄδειαν
241 1790 308 1852 καθ’
328 1792 438 1865 έαυτοθς
468 1791 621 1872 σφραγίζειν
651 1791 872 1872 μοναστηριοσιδς
896 1790 1067 1872 χρεωστικόις
1093 1789 1255 1870 ὁμολογίας,
1285 1789 1353 1850 ἀλλ’
1373 1787 1418 1849 ἐπί

113 1914 250 1996 παρουσίᾳ
265 1919 320 1974 τῶν
334 1915 547 1995 προκριτοτέρων
564 1913 593 1974 ἐν
609 1915 665 1986 τοῖς
680 1913 922 1992 συγκοινοβιάταις,
943 1913 1173 1992 θπογραφομένων
1187 1910 1321 1972 κάκείνων
1337 1907 1418 1984 ἰδίαις

115 2035 221 2114 χερσίν·
258 2035 287 2096 αἱ
317 2036 349 2096 δὲ
380 2037 418 2112 μή
448 2036 520 2096 κατὰ
546 2037 592 2096 τόν
619 2034 762 2116 εἰρημένον
788 2037 887 2117 τρόπον
913 2037 1106 2117 γεγραμμέναι
1133 2034 1180 2096 καί
1207 2035 1417 2116 ἐσφραγισμένοι

116 2155 266 2236 όμολογίαι
289 2156 452 2234 νομίζωνται
474 2160 513 2234 μὴ
535 2161 581 2218 τοῦ
604 2156 792 2238 μοναστηρίου,
816 2157 884 2218 ἀλλ’
895 2156 963 2218 ἰ’διαι
981 2163 1035 2217 τῶν
1050 2157 1110 2218 κατ’
1120 2154 1189 2217 ἰδίαν
1205 2158 1415 2238 σφραγισάντων,

118 2277 161 2336 καὶ
184 2279 290 2342 ἐκεῖνοι
313 2277 345 2352 ἐξ
361 2277 434 2340 ἰδίων
458 2279 636 2360 ἀποπληρῶσι
650 2279 701 2353 τὰς
716 2279 969 2360 ἐμπεριερχομένας
989 2279 1018 2339 ἐν
1033 2281 1093 2352 ταῖς
1107 2279 1241 2351 τοιαίιταις
1256 2277 1417 2357 ὁμολογίαις

118 2401 294 2478 χρηματικὰς
320 2403 488 2478 ποσότητας·
517 2395 588 2461 οὗτοι
616 2400 657 2480 δέ,
686 2401 796 2478 δηλαδὴ
824 2401 1014 2478 όήγοθμενος
1037 2401 1183 2476 μετὰτῶν
1205 2403 1342 2482 τεσσάρων
1364 2407 1418 2461 τῶν

121 2519 361 2602 ἐπιτετραμμένων
389 2523 423 2584 τά
452 2529 501 2600 τῆς
532 2523 679 2603 σφραγῖδος
701 2525 841 2603 τμήματα,
874 2524 958 2600 ἔχωσι
984 2529 1074 2582 πᾶσαν
1095 2519 1347 2602 πληρεξουσιότητα
1368 2528 1418 2598 τῆς

123 2643 271 2720 ἐκκλησίας
295 2646 428 2721 ἐπιτιμᾶν,
452 2647 633 2726 σωφρονίζειν,
657 2643 829 2721 ἀποβάλλειν
853 2645 887 2706 ἐκ
907 2651 957 2721 τής
980 2649 1066 2722 μονῆς
1087 2645 1149 2716 τοθς
1169 2645 1350 2716 ἀτακτοῦντας
1371 2643 1418 2704 καί

124 2763 314 2847 ἐκνευροῦντας
342 2766 404 2839 τοθς
434 2769 653 2848 μετερχομένους
682 2769 713 2827 τδ
744 2763 828 2828 ἆθλον
857 2772 907 2842 τῆς
933 2767 1077 2842 ἀσκήσεως
1098 2765 1145 2826 καὶ
1169 2767 1207 2842 μὴ
1229 2768 1416 2846 πειθομένους,

122 2885 287 2968 τελευταῖον,
311 2888 357 2948 διὰ
378 2895 472 2966 κοινῆς
494 2891 581 2949 αἰιτῶν
605 2889 741 2970 άνοιφσροῖς
760 2888 947 2967 ἀναγγέλλειν
962 2893 995 2971 τῇ
1013 2887 1161 2972 ἐκκλησίᾳ·
1186 2888 1295 2968 όγδοον,
1320 2887 1418 2964 μηδείς

124 3011 164 3066 τοῦ
187 3010 367 3091 μσναοτηρίσυ
388 3011 480 3071 τούτου
504 3009 613 3086 δίνηται
631 3011 736 3071 πωλεῖν
756 3015 802 3070 τοῦ
822 3011 920 3071 λοιποῦ
935 3009 1149 3090 μοναστηριακδν
1165 3009 1338 3070 θποοτατικδν
1353 3009 1417 3067 ’ἄνευ

124 3134 168 3202 τῆς
188 3131 306 3208 νομίμου
329 3131 456 3208 εἰδήσιως
476 3137 524 3193 τοῦ
545 3132 617 3192 κατὰ
639 3133 733 3214 καιρόν
756 3130 943 3208 οἰκουμενικοῦ
964 3133 1141 3211 πατριάρχου,
1166 3129 1188 3190 εἰ
1212 3130 1250 3206 μὴ
1271 3134 1353 3205 μόνον
1368 3129 1417 3200 τὰς

125 3251 179 3308 κατ’
193 3253 254 3325 ἔτος
282 3253 444 3334 ἐπικαρπίας
469 3251 516 3313 καί
542 3254 577 3313 τὰ
603 3257 762 3333 γεννήματα
784 3252 831 3314 καί
852 3253 886 3312 τά
909 3252 1114 3334 μοναστηριακόι
1135 3254 1279 3334 θρέμματα
1302 3251 1347 3310 διὰ
1368 3251 1418 3320 τὰς

127 3369 272 3448 ἀναγκαίας
297 3376 383 3434 αῖιτιῖιν
404 3373 515 3454 χρείας·
539 3375 658 3454 ἔννατον,
683 3375 793 3436 ἐπειδάν
815 3375 843 3435 ἐν
865 3375 945 3458 χρείφι
963 3375 1132 3455 χειροτονίας
1152 3376 1293 3453 γένωνται,
1317 3373 1416 3450 ἔχωσιν

128 3489 212 3554 οῖδειαν
234 3496 403 3577 προσκαλεῖν
419 3495 458 3568 εἰς
472 3497 503 3556 τό
519 3499 753 3578 σταυροττηγιακδν
768 3499 850 3573 ήμῶν
864 3502 941 3558 τοῦτο
958 3500 1147 3578 μονασπήριον,
1170 3498 1199 3556 δν
1215 3499 1248 3556 άν
1265 3495 1417 3570 βούλωνται

128 3619 173 3672 τῶν
195 3617 347 3698 ἀρχιέρεων
369 3619 483 3700 φέροντα
507 3619 643 3699 ἔγγραφον
667 3619 761 3679 ἄδειαν
785 3620 983 3700 πατριαρχικὴν
1004 3617 1051 3679 καὶ
1074 3617 1215 3693 συνοδικὴν
1239 3616 1283 3678 ἐπὶ
1304 3616 1343 3697 τῷ
1367 3617 1417 3677 ἐκ·

127 3735 209 3797 τελεῖν
239 3739 323 3812 αὐτόις
351 3739 421 3815 μετὰ
442 3742 533 3816 πάσης
554 3746 603 3817 τῆς
625 3746 772 3817 κανονικής
792 3744 1022 3824 παρατηρήσεως·
1055 3741 1170 3802 δέκατον
1194 3740 1226 3800 δέ
1248 3737 1294 3800 καί
1316 3740 1417 3800 τελευ-

129 3861 202 3940 ταῖον,
225 3861 377 3940 ὀφείλουσιν
400 3863 426 3923 σί
449 3863 478 3922 ἐν
502 3861 574 3941 αὐτῷ
597 3863 806 3938 συνασκοθμενοι
829 3862 968 3942 ἱερώταται
990 3864 1109 3943 πατέρες
1128 3861 1269 3942 φυλάττειν
1284 3863 1319 3921 τὰ
1335 3862 1363 3934 ἐν
1379 3861 1417 3942 τῷ

131 3983 230 4059 παρόντι
254 3983 399 4043 ἐκτεθέντα
421 3983 614 4064 άπαράτρεπτα
635 3984 682 4044 καὶ
705 3983 870 4064 θπαράβατα
892 3981 938 4045 διὰ
956 3987 1058 4055 παντός
1079 3983 1126 4045 καί
1141 3982 1278 4046 πείθεσθαι
1293 3981 1332 4064 τῷ
1347 3983 1418 4044 κατὰ

130 4104 228 4181 καιροῖς
260 4107 405 4184 ἡγουμένῳ
427 4103 475 4165 καὶ
498 4104 601 4184 διάγειν
624 4111 741 4186 σεμνῶς,
770 4105 912 4185 εἰρηνικῶς
934 4105 981 4167 καί
1004 4107 1155 4182 ἀμέμπτως
1176 4106 1248 4166 κατὰ
1269 4107 1315 4166 τόν
1337 4107 1416 4166 τόπον

131 4228 168 4281 τοῦ
188 4226 334 4301 μοναδικοιῖ
358 4226 582 4306 ἐπαγγέλματος,
607 4227 760 4308 ἀφορῶντες
781 4229 849 4308 πρός
871 4229 919 4304 τήν
938 4231 1105 4302 κοσμιότητα
1120 4229 1206 4288 αθτῶν
1221 4226 1268 4286 καί
1283 4228 1331 4302 τήν
1346 4228 1417 4287 κατὰ

133 4343 183 4406 θεόν
204 4349 345 4428 διαγωγὴν
368 4348 415 4408 καὶ
437 4348 578 4410 πολιτείαν
600 4348 648 4408 καὶ
669 4352 738 4430 πρός
759 4351 808 4425 τὴν
831 4351 974 4425 βελτίωσιν
997 4347 1044 4410 καὶ
1059 4345 1170 4424 αὔξησιν
1185 4353 1231 4408 τοῦ
1251 4348 1322 4430 ἱεροῦ
1337 4348 1417 4425 ήμῶν

133 4469 210 4530 τοίντου
242 4475 477 4551 σταυροπηγιακοθ
503 4469 688 4552 καταγωγίου,
721 4473 849 4547 ἑπόμενοι
875 4470 913 4550 τῷ
936 4470 1058 4550 θεοφιλεῖ
1080 4467 1172 4548 σκοπῷ
1193 4475 1243 4547 τής
1266 4469 1416 4547 ἐκκλησίας

133 4593 171 4664 τῆς
194 4593 337 4674 θγρίπνως
359 4593 526 4672 προνοοθσης
548 4591 610 4671 περὶ
634 4599 683 4670 τῆς
706 4593 862 4664 εθσταθείας
884 4598 938 4652 τῶν
961 4593 1147 4668 ὑποκειμένων
1171 4593 1238 4674 αθτῇ
1261 4613 1415 4673 σταυροπη-

135 4722 221 4786 γιικῶν
245 4715 325 4794 ἱερῶν
348 4713 534 4794 μονασπηρίων
554 4713 599 4774 καὶ
621 4714 824 4794 ἐνταῖςίεραῖς
840 4713 1014 4786 οἰκολουθίαις
1030 4715 1281 4794 διαφυλάττειντὴν
1298 4715 1416 4794 ἀρχαίαν
