3194 5298
240 275 303 342 152

239 474 337 543 ζωνται
368 471 406 544 μὴ
436 473 482 529 τοιῖ
505 467 695 548 μοναοπηρίου,
726 466 792 526 ἀλλ’
805 465 871 526 ίδιαι
897 472 951 526 τῶν
978 468 1038 526 κατ’
1053 465 1121 526 ἰδίαν
1145 467 1340 546 οφαγισάντων,
1363 463 1417 524 καί
1449 463 1558 562 ἐκεῖ-ιη’

240 589 271 666 ἐξ
295 591 369 654 ίδίων
392 591 571 672 ἀποπληρῶσι
592 589 642 662 τὰς
664 589 901 670 ἐμπεριεχομένας
917 589 947 649 ἐν
961 591 1021 660 ταῖς
1036 589 1170 660 τοιαύταις
1185 587 1346 665 ὁμολογίαις
1359 580 1559 668 χρηματικέί

238 717 400 794 ποσότητας,
424 706 495 774 οὗτοι
518 711 560 792 δέ,
584 711 694 788 δηλαδὴ
717 713 732 770 ό
752 712 906 791 ήγοθμενος
921 711 992 788 μετὰ
1005 718 1059 772 τῶν
1074 714 1211 792 τεσσάρων
1226 717 1280 770 τῶν
1296 711 1549 790 ἐπιτετραμμένω

238 838 272 898 τά
294 843 343 916 τῆς
364 835 512 917 σφραγῖδος
533 837 673 914 τμήματα,
698 835 783 913 ἔχωσι
801 841 890 894 πᾶσαν
904 832 1155 915 πληρεξουοιότητα
1169 839 1218 910 τῆς
1234 833 1383 910 ἐκκλησίας
1401 834 1562 924 ἑπιτιμάνφ

239 958 410 1040 σωφρονίζειν
434 952 503 1043 [καί]
526 956 699 1033 ἀποβάλλειν
720 956 753 1017 ἐκ
766 962 816 1033 της
832 961 918 1033 μονῆς
932 956 994 1029 τοὺς
1010 957 1191 1030 ἀτακτοῦντας
1205 954 1327 1028 καὶτοὺς
1343 946 1563 1036 ἐκνευροῡνταά

238 1082 300 1153 τοὺς
330 1081 549 1162 μετερχομένους
574 1080 606 1139 τδ
629 1075 713 1140 ἆθλον
735 1085 785 1155 τῆς
808 1079 949 1154 ἀσκήσεως
970 1076 1018 1138 καὶ
1040 1080 1079 1155 μὴ
1102 1081 1287 1158 πειθομένους,
1309 1081 1485 1139 τελευταῖον
1515 1077 1562 1136 διά

239 1209 333 1280 κοινῆς
356 1203 441 1262 αῖπῶν
464 1203 602 1283 ἀναφορᾶς
625 1196 811 1281 ἀναγγέλλειν
826 1207 859 1284 τῇ
877 1201 1025 1284 ἐκκλησίᾳ·
1062 1199 1159 1280 ὄγδοον
1184 1199 1281 1277 μηδείς
1295 1206 1341 1261 τοῦ
1357 1202 1566 1280 μοναστηρίουγ

239 1327 333 1387 τούτου
363 1326 472 1402 δίινηται
501 1329 548 1385 τοιῖ
578 1324 678 1385 λοιποῦ
703 1325 808 1384 πωλεῖν
831 1324 1045 1405 μοναοτηριακδν
1068 1323 1242 1384 ὑποστατικδν
1264 1323 1327 1384 ἀνευ
1348 1331 1399 1400 της
1424 1314 1567 1398 νομίμτυί

242 1447 373 1524 είδήοεως
402 1451 447 1507 τοῦ
475 1445 548 1507 κατὰ
576 1447 671 1527 καιρόν
694 1444 880 1523 οίκουμενικοῦ
903 1449 1080 1527 πατριάρχου,
1116 1445 1138 1506 εί
1162 1446 1200 1521 μὴ
1224 1447 1307 1522 μόνον
1328 1447 1378 1519 τάς
1400 1447 1474 1506 κατ’
1492 1447 1557 1516 ἔτος

242 1568 403 1651 ἐπικαρπίας
424 1567 471 1629 καί
491 1569 527 1628 τὰ
547 1571 706 1648 γεννήματα
727 1567 775 1629 καί
797 1570 832 1629 τά
854 1569 1057 1651 μοναστηριακὰ
1080 1571 1224 1651 θρέμματα
1246 1569 1291 1630 διὰ
1311 1569 1360 1641 τάς
1383 1568 1570 1648 ἀνοιγκαίαςι

241 1693 321 1754 αὑτοῦ
334 1691 445 1774 χρείας·
482 1692 591 1752 ἔννατον
615 1691 724 1752 ἐπειδὰν
740 1692 769 1752 ἐν
784 1692 867 1775 χρείᾳ
881 1692 1050 1772 χειροτονίας
1065 1695 1206 1775 γένωνται,
1225 1694 1324 1771 ἔχωσιν
1340 1692 1439 1752 ἀδειαν
1457 1712 1554 1772 προσ·

240 1815 339 1876 καλεῖν
370 1812 410 1887 είς
438 1815 469 1874 τ“ο
498 1815 733 1896 σταυροπηγιακδν
761 1816 841 1891 ήμῶν
870 1818 947 1874 τοῦτο
976 1817 1166 1896 μσναστήριον,
1199 1817 1230 1875 δν
1252 1817 1285 1874 άν
1309 1814 1472 1888 βούλωνται
1497 1820 1553 1872 τῶν

242 1937 402 2019 ἀρχιερέων,
426 1939 542 2017 φέροντα
565 1938 701 2017 ἔγγραφον
724 1937 818 1997 ἄδειαν
841 1938 1039 2017 πατριαρχικὴν
1061 1935 1109 1996 καί
1131 1939 1271 2013 συνοδικὴν
1295 1935 1339 1997 ἐπὶ
1357 1937 1397 2015 τῷ
1414 1935 1553 1996 ἐκτελεῖν

242 2060 324 2134 αῖντὴν
347 2058 417 2134 μετὰ
438 2061 528 2136 πάσης
549 2065 600 2135 τῆς
614 2063 761 2134 κανονικῆς
775 2060 1005 2140 παρατηρήσεως·
1030 2059 1145 2120 δέκατον
1162 2059 1194 2120 δέ
1209 2057 1256 2120 καί
1270 2059 1439 2138 τελευταῖον,
1468 2057 1552 2136 ἐφεί-

242 2181 336 2241 λουσιν
359 2179 385 2240 οί
407 2181 437 2240 ἐν
460 2177 532 2260 αὺτῷ
555 2181 764 2257 ουνασκοίιμενοι
786 2183 903 2261 πατέρες
926 2181 1068 2260 φυλάττειν
1091 2182 1125 2240 τά
1149 2181 1178 2240 ἑν
1198 2181 1237 2262 τῷ
1252 2183 1362 2260 παρόντι
1378 2175 1554 2266 [γράμματι]

244 2304 389 2364 ἐκτεθέντα
412 2302 605 2384 ἀπαράτρεπτα
627 2301 674 2364 καί
697 2303 862 2384 ἀπαράβατα
885 2303 931 2362 διὰ
952 2305 1053 2375 παντδς
1075 2302 1121 2364 καί
1136 2305 1277 2364 πείθεσθαι
1291 2301 1330 2384 τῷ
1345 2303 1418 2363 κατὰ
1432 2304 1554 2380 καιροὺς

242 2426 388 2504 ἡγουμένῳ
410 2422 457 2484 καὶ
480 2424 584 2504 διάγειν
608 2431 724 2506 σεμνῶς,
748 2423 890 2505 εἰρηνικῶς
913 2424 959 2486 καί
982 2427 1133 2503 ἀμέμπτως
1147 2421 1219 2487 κατὰ
1233 2429 1278 2486 τὀν
1293 2427 1373 2488 τόπον
1387 2431 1435 2486 τοῦ
1452 2445 1549 2502 μονα-

243 2548 320 2608 δικοῖι
351 2535 576 2626 ἐπαγγέλματος,
611 2547 764 2630 ἀφορῶντες
793 2550 860 2627 πρός
882 2548 930 2624 τἠν
953 2550 1120 2626 κοσμιότητα
1142 2550 1222 2609 αίιτοϋ
1244 2548 1290 2609 καί
1313 2548 1361 2624 τὴν
1384 2548 1458 2608 κατὰ
1481 2547 1546 2608 θεόν

243 2669 384 2748 διαγωγὴν
406 2667 453 2729 καί
476 2667 615 2729 πολιτείαν
638 2668 685 2730 καὶ
707 2672 773 2750 πρός
794 2669 843 2746 τήν
860 2669 1002 2744 βελτίωοιν
1017 2669 1064 2730 καί
1080 2669 1190 2745 αὔξησιν
1205 2676 1251 2731 τοῖν
1266 2670 1338 2752 ἱεροῦ
1352 2672 1433 2748 ἡμῶν
1448 2671 1546 2729 τοθτον

242 2794 477 2872 οτανροπηγιακοῦ
506 2790 694 2872 μοναοτηρίου,
729 2792 858 2866 ἑπόμενοι
887 2791 927 2871 τῷ
956 2792 1078 2872 θεοφιλεῖ
1108 2791 1201 2873 σκοπῷ
1230 2798 1280 2868 της
1311 2791 1463 2868 ἐκκλησίας
1496 2797 1547 2864 τῆς

244 2913 386 2994 ἀγρύπνως
407 2912 575 2992 προνοοίισης
597 2911 659 2993 περὶ
681 2919 730 2989 τῆς
753 2913 910 2985 είιστσιθείας
931 2919 985 2974 τῶν
1008 2914 1193 2990 ὑποκειμένων
1218 2914 1284 2996 αῖιτῃ
1301 2918 1545 2994 σταυροπηγιακῶν

245 3035 324 3118 ίερῶν
348 3033 534 3117 μονασιηρίων
556 3032 603 3096 καὶ
626 3035 655 3094 ἐν
677 3037 737 3107 ταῖς
758 3035 845 3117 ἱεραῖς
868 3036 1041 3108 ἀκολουθίαις
1062 3035 1248 3116 διαφυλάττειν
1271 3038 1319 3111 τἠν
1343 3035 1461 3116 ἀρχαίαν
1479 3036 1543 3094 διοι-

242 3158 357 3218 τθπωσιν
380 3158 599 3238 ἀπαράτρεπτον·
622 3158 695 3228 όοτις
719 3157 750 3217 δέ
773 3156 819 3217 καί
848 3159 940 3230 όποῖος
962 3165 1015 3217 τῶν
1037 3165 1208 3239 χοιοτιανῶν,
1233 3157 1381 3239 ίερωμένος
1403 3162 1421 3234 ἢ
1445 3159 1544 3226 λαϊκός

244 3280 386 3339 ότοιασοῖιν
416 3279 522 3352 τάξεως
551 3277 598 3340 καί
629 3279 744 3360 βαθμοῦ,
775 3280 909 3355 τολμήσει
933 3280 1091 3362 παραβῆναι
1117 3283 1241 3342 ὁπωσοῦν
1263 3282 1297 3340 τὰ
1320 3281 1349 3340 ἐν
1371 3281 1410 3358 τῷ
1432 3283 1543 3362 παρέντι

245 3400 369 3477 νομίμως
390 3399 437 3460 καὶ
459 3406 610 3473 κανονικῶς
633 3401 821 3480 ἀποφανθέντα
842 3399 890 3461 καί
912 3401 1050 3483 ἀνατρέψῃ
1072 3423 1097 3462 τι
1119 3407 1172 3462 τῶν
1196 3403 1325 3483 ἀνωτέρω
1340 3423 1539 3483 καταγεγραμ-

246 3523 345 3600 μένων,
374 3523 389 3580 ό
415 3526 533 3594 τοιοῦτος
555 3521 741 3603 ἀφωρισμένος
765 3522 807 3598 εἴη
831 3520 877 3582 καί
899 3527 1090 3604 κατηραμένος
1112 3522 1160 3583 καὶ
1183 3524 1379 3604 ἀουγχῶρητος
1402 3523 1450 3584 καί
1474 3525 1542 3600 μετά

245 3644 359 3704 θάνατον
390 3643 491 3716 ἀλυτος
520 3642 567 3704 καί
595 3647 696 3716 πάσαις
724 3647 784 3716 ταῖς
813 3649 956 3724 πατρικαῖς
979 3643 1025 3704 καί
1052 3645 1204 3718 συνοδικαῖς
1227 3647 1306 3726 ἀραῖς
1329 3647 1475 3720 ίιπείιθυνος
1498 3643 1540 3706 καί

245 3766 372 3838 ὑπόδικος
393 3763 440 3826 καί
464 3765 560 3843 ἔνοχος
583 3764 621 3846 τῷ
644 3763 745 3845 αἰωνίῳ
766 3764 828 3845 πυρί
850 3774 899 3842 της
922 3768 1045 3844 γεέννης.
1080 3769 1142 3828 ὅθεν
1165 3767 1205 3841 είς
1229 3766 1340 3840 ἔνδειξιν
1363 3768 1410 3828 καί
1430 3769 1539 3845 διηνεκῆ

245 3889 294 3964 τἠν
317 3887 467 3966 ἀσφάλειαν
491 3888 601 3965 ἐγένετο
623 3885 670 3946 καὶ
692 3887 723 3947 τδ
744 3890 830 3969 παρόν
853 3891 987 3969 ἡμέτερον
1002 3891 1196 3970 πατριαρχικδν
1213 3890 1349 3952 ουνοδικδν
1365 3892 1539 3968 σιγιλλιῶδες

247 4011 276 4070 ἐν
299 4009 471 4090 μεμβράναις
493 4011 619 4090 γράμμα,
642 4009 833 4091 καταστρωθέν
855 4011 906 4071 κάν
929 4011 968 4090 τῳ
988 4011 1052 4092 ίερῳ
1068 4012 1165 4072 κῶδικι
1180 4019 1229 4088 της
1246 4013 1376 4090 μεγάλης
1392 4013 1538 4088 ἐκκλησίας

245 4131 284 4210 τῷ
308 4132 351 4192 ἐπ’
365 4131 436 4210 αδτῳ
458 4133 542 4211 τοὺτῳ
566 4131 731 4213 διορισθέντι,
753 4131 801 4192 καί
825 4131 905 4207 ἐδόθη
930 4131 969 4205 είς
990 4135 1021 4192 τ“ο
1045 4135 1126 4213 ῥηθὲν
1149 4139 1327 4216 μοναστήριον
1348 4135 1381 4194 ἐν
1399 4136 1467 4194 ἔτει
1482 4155 1537 4194 σω-

245 4253 346 4335 τηρίῳ
373 4251 536 4332 χιλιοοτῷ
561 4253 809 4335 έπτακοσιοοτῴ
833 4254 1061 4336 ἐννενηκοοτῷ
1085 4257 1193 4336 όγδόῳ
1215 4258 1301 4318 κατὰ
1323 4264 1410 4333 μῆνα
1434 4257 1536 4318 ίανου-

247 4379 339 4456 άριον
363 4376 595 4452 ἐπινεμήοεως
616 4379 747 4458 πρῶτης
769 4381 794 4455 ή.

351 4501 367 4574 ή
393 4498 586 4578 Γρηγόριος,
622 4498 709 4578 ἐλέῳ
739 4500 815 4559 θεοῦ
845 4500 1109 4579 ἀρχιεπίοκοπος
1142 4503 1536 4576 Κωνσταντινουπόλεως,

247 4621 337 4694 Νέας
359 4613 498 4700 Ῥώμης,
522 4617 576 4680 καί
599 4617 834 4697 οίκουμενικος
856 4625 1064 4703 πατριάρχης
1086 4627 1113 4701 ή.
