3240 5286
1302 362 1366 428 255

60 557 148 632 κῦρος
180 553 287 628 ἐπιθείη
317 554 418 626 ταίτοις
449 553 580 628 βασιλικὰ
602 552 784 634 διατάγματα,
815 554 997 631 διαπέμπεταί
1018 577 1047 616 τε
1070 557 1137 637 πρδς
1159 559 1207 632 τὴν
1229 558 1367 638 ἡμετέραν

60 675 226 757 βασύιείαν,
249 673 298 739 καί
319 682 354 759 τῇ
375 677 440 758 παρ’
452 676 535 754 αδτῆς
557 678 674 760 συστόση
696 675 835 760 σεβασμίρ
856 682 927 757 μονῇ
948 677 979 738 τδ
997 681 1079 758 κῦρος
1093 684 1147 738 τῶν
1162 679 1367 759 ἐνυπαρχόντων

59 796 179 860 αἰτεῖται
204 799 251 863 διὰ
273 797 481 878 χρυσοβοίλλου
502 801 698 879 προσγενέσθαι
721 805 770 876 τῆς
793 798 936 875 βασιλείας
958 820 1018 876 μου.
1050 799 1106 862 ἐστι
1128 801 1180 876 μὲν
1195 799 1241 862 οὖν
1255 803 1274 878 ἡ
1289 799 1366 864 οίκσ-

59 921 218 998 δομηθεῖσα
250 923 317 996 σία-η
344 921 391 982 καί
421 927 538 982 συστᾶσα
566 921 641 1002 παρὰ
669 921 768 997 ταύτης
798 922 868 998 μονὴ
898 920 1014 997 πλησίον
1044 942 1096 982 που
1125 921 1286 999 διακειμένη
1319 927 1366 984 τοΰ

59 1044 170 1124 ἄστεος,
202 1044 384 1124 δΦανόριον
411 1043 582 1122 ὀνομάζεται,
616 1049 725 1120 τιμᾶται
753 1041 784 1104 δέ
816 1043 859 1106 ἐπ’
871 1044 982 1120 ὀνόματι
1013 1049 1062 1119 τῆς
1084 1047 1291 1124 πανυπεροίγνου
1313 1065 1365 1121 μου

60 1165 215 1242 δεσποίνης
237 1165 284 1227 καὶ
307 1168 473 1246 θεομητορος
494 1171 545 1242 τῆς
568 1164 728 1244 Ἐλεοίισης,
750 1163 798 1226 καί
820 1165 999 1240 ἐπικέκληται
1021 1165 1090 1226 οίιιω
1111 1187 1170 1238 πως
1192 1172 1241 1243 τῆς
1256 1169 1364 1230 Λυκου-

61 1287 164 1360 σσίδσς·
189 1291 209 1348 ἃ
232 1287 264 1348 δέ
287 1288 354 1370 αὐτῆ
376 1293 410 1370 τῇ
433 1293 503 1370 μονῇ
525 1289 697 1381 προσήρμοσε
719 1290 856 1366 κτήματα,
878 1286 939 1348 ἐκεῖ
957 1287 1007 1362 μὲν
1023 1287 1191 1362 ὁπουδήποτε
1206 1291 1366 1367 τυγχάνουσι

59 1409 237 1489 διοσιείμενα,
268 1407 314 1470 καί
342 1412 426 1470 ταότα
448 1409 478 1470 δέ
500 1429 535 1486 γε
562 1409 708 1490 κατωτέρω
731 1405 761 1482 ἐξ
790 1408 924 1484 ὀνόματος
951 1407 1151 1484 δηλωθήσεται.
1196 1414 1230 1492 τῇ
1256 1411 1365 1492 τοιαίτῃ

58 1537 208 1612 τοιγαραῖιν
237 1529 344 1606 αἰτήσει
372 1531 456 1607 συκῆς
484 1531 534 1592 οὒκ
565 1531 637 1608 ἔγνω
669 1529 731 1594 δέον
762 1525 833 1592 είναι
859 1532 876 1605 ἡ
905 1529 1033 1604 βασιλεία
1060 1551 1112 1606 μου
1138 1531 1280 1612 ότέρθεσίν
1306 1553 1364 1593 τινα

60 1652 158 1714 δοῦναι
175 1651 225 1714 καί
240 1654 280 1729 μὴ
295 1652 420 1733 παραυτίι
433 1651 473 1731 τῷ
487 1651 564 1712 τέλει
580 1652 738 1733 ἐναγαγεῖν,
761 1652 839 1714 ἀλλὰ
855 1657 903 1728 τῆς
917 1653 1124 1731 εδγνωμοσόνης
1139 1653 1230 1732 ὥσπερ
1246 1653 1363 1730 ἀμειβο-

60 1777 135 1849 μένη
157 1775 258 1851 ταύτην
280 1773 398 1850 καὶτῆς
419 1778 465 1834 τοῦ
488 1774 577 1836 καλοῦ
600 1775 773 1853 ἐπιγνώσεως
796 1775 958 1850 ἑτοιμότατα
979 1776 1122 1836 κατανεύει
1143 1777 1211 1854 πρός
1225 1777 1255 1836 τδ
1271 1773 1363 1836 αἰτού-

60 1917 159 1976 μενον,
188 1894 237 1956 καί
266 1898 312 1956 τδν
341 1897 463 1977 παρόντα
492 1897 699 1977 χρυσόβοιιλλον
722 1896 808 1976 λόγον
831 1897 958 1977 ἐπορέγει
981 1898 1058 1978 αἰνιῄ,
1087 1896 1122 1958 δι’
1134 1891 1165 1956 οὗ
1187 1895 1235 1958 καὶ
1257 1895 1365 1958 εδδοκεῑ

59 2018 109 2080 καί
132 2020 298 2100 προστάσσει
319 2016 367 2078 καί
389 2017 531 2100 διορίζεται
553 2019 720 2096 κατέχεσθαι
742 2019 816 2098 παρὰ
835 2023 884 2094 τῆς
900 2016 1095 2098 διαληφθείσης
1109 2017 1262 2093 σεβασμίας
1277 2025 1363 2094 μονῆς

59 2137 94 2200 τό
122 2140 201 2221 παρὰ
227 2147 277 2216 τῆς
305 2138 452 2222 εἰρημένης
474 2141 586 2219 συζύγου
608 2145 654 2202 τοῦ
677 2141 909 2217 μνημονευθέντος
932 2139 1182 2220 σεβαστοκροίτσρος
1202 2144 1363 2221 προσαρμό-

61 2283 150 2323 σαντα
180 2263 248 2344 οιὺιῄ
278 2262 454 2338 όποιαδήτινα
484 2265 622 2343 κτήματα,
656 2265 674 2322 οἳ
704 2263 739 2338 δὴ
768 2261 816 2324 καί
844 2263 915 2324 κατὰ
944 2263 1027 2344 μέρος
1054 2263 1138 2334 οὓτως
1170 2262 1213 2324 ἐπ’
1230 2261 1364 2338 ὀνόματος

61 2385 174 2462 έχουσι·
197 2382 299 2464 χωρίον
321 2385 339 2458 ἡ
356 2383 528 2464 Αυκουσσίδα,
553 2384 582 2444 ἐν
597 2377 620 2464 ᾧ
634 2381 681 2444 καὶ
696 2385 714 2460 ἡ
730 2385 839 2460 τοιαίιση
855 2384 992 2464 ἀνηγέρθη
1008 2386 1089 2461 μονή.
1122 2387 1213 2464 ἕτερον
1228 2383 1362 2464 χωρίσνὴ

63 2507 246 2581 Βατσυσιόνη.
277 2507 306 2566 τδ
329 2504 390 2586 περί
412 2507 447 2566 τίι
461 2505 607 2586 Τρίκκαλα
622 2505 733 2586 χωρίον,
757 2507 823 2586 ὅπερ
839 2506 988 2587 εὑρίσκεται
1003 2507 1190 2584 κατίχουσαή
1207 2507 1276 2581 μονὴ
1293 2505 1363 2582 μετὰ

62 2632 110 2688 τοῦ
138 2628 228 2688 ἐκεῖσε
251 2627 373 2708 λεετροίι.
406 2630 534 2706 μετόχισν
558 2625 597 2701 είς
620 2627 708 2704 όνομα
728 2630 882 2704 τιμώμενον
904 2635 953 2706 τῆς
976 2628 1125 2710 θπεραγίας
1140 2626 1277 2690 Θεοτόκου
1301 2629 1362 2690 ἐπι-

62 2750 222 2828 λεγόμενον
244 2747 367 2825 ἠῬόξα
388 2751 459 2828 μετὰ
480 2756 534 2810 τῶν
557 2751 586 2810 ἐν
609 2750 681 2829 αδτῷ
700 2751 838 2831 παροίκων
853 2756 907 2811 τῶν
924 2751 1189 2827 διαλαμβανομένων
1204 2752 1264 2812 κατ’
1276 2751 1363 2827 όνομα

63 2871 90 2930 ἐν
114 2874 173 2944 τοῖς
194 2876 335 2951 προσοῦσιν
358 2871 430 2951 αὐτῷ
453 2871 642 2952 δικαιώμασιν,
671 2873 709 2933 ἔτι
732 2871 833 2934 δὲκαὶ
855 2878 904 2951 τῆς
926 2875 1116 2951 κατεχομένης
1137 2873 1201 2954 παρ’
1214 2875 1293 2933 αὑτοῦ
1315 2879 1360 2934 τοῦ

61 2993 193 3072 μετεχίου
215 3000 269 3072 γῆς
290 2993 337 3053 καὶ
358 2999 412 3054 τῶν
435 2993 603 3070 μυλσθεαίων
625 2992 672 3055 καί
695 2991 848 3070 ἀμπελίων.
887 2997 978 3076 ἕτερον
1001 2997 1130 3073 μετόχιεν
1152 2995 1167 3054 δ
1189 2991 1360 3074 Τριστενίκος

62 3115 102 3186 είς
126 3115 214 3192 δνομα
237 3118 390 3192 τιμώμενον
414 3121 459 3176 τοῦ
482 3117 560 3196 ἁγίου
583 3139 634 3192 μου
658 3118 906 3200 μεγαλομόρτυρος
922 3117 1067 3198 Γεωργίου.
1097 3119 1188 3197 ἕτερον
1212 3115 1251 3189 είς
1273 3117 1359 3190 όνομα

61 3242 108 3297 τοῦ
136 3237 215 3318 ἁγίου
238 3237 364 3318 Ἀνδρέου
391 3239 460 3316 μετὰ
482 3245 535 3299 τῶν
560 3240 587 3298 ἐν
611 3239 683 3318 αυτῷ
706 3237 843 3320 παροίκων
867 3237 913 3299 καὶ
936 3239 1079 3315 ἁμπελίων
1101 3238 1148 3299 καὶ
1171 3243 1219 3315 τῆς
1242 3259 1358 3319 προστε-

61 3359 154 3435 θείσης
177 3357 276 3440 ἀρτίως
297 3367 351 3438 γῆς
366 3361 583 3440 Βλαχσκατσῡνα
604 3362 622 3436 ἡ
647 3361 832 3441 ἐπιλεγομένη
851 3362 1060 3441 Πρακτικότουζ.
1086 3361 1188 3442 χωρίον
1210 3361 1358 3442 ἠΓοριοίνη

62 3482 133 3554 μετὰ
155 3486 211 3540 τῶν
235 3481 264 3540 ἐν
288 3481 359 3561 αδτῖρ
382 3482 550 3558 μυλοθεσίων
572 3481 619 3542 καὶ
643 3479 796 3559 ἀμπελίων.
833 3481 871 3556 εἰς
893 3485 942 3559 τὴν
965 3484 1065 3560 λίμνην
1087 3487 1133 3543 τοῦ
1156 3483 1269 3564 Ἐζεροΰ
1291 3505 1358 3543 σαν-

63 3601 147 3662 δαλια
178 3602 226 3662 δίισ
255 3603 323 3678 μετὰ
346 3602 393 3664 καί
416 3603 517 3664 ἀλιέων
540 3605 597 3664 δύο.
634 3605 761 3684 μετόχιον
785 3603 824 3676 είς
846 3605 933 3682 ὄνομα
962 3610 1115 3682 τιμώμενον
1137 3610 1183 3666 τοῦ
1206 3603 1283 3683 ἁγίου
1306 3627 1358 3681 μου

62 3725 311 3806 μεγαλομόρπνρσς
333 3725 487 3806 Δημητρίου
519 3726 546 3784 ἐν
575 3724 614 3805 τῷ
644 3727 741 3802 θέματι
767 3725 915 3803 Βουναίνης
945 3727 1116 3804 διακείμενον
1146 3727 1216 3804 μετὰ
1244 3732 1298 3787 τῶν
1329 3727 1358 3786 ἐν

62 3846 133 3924 αὐτῷ
163 3847 313 3926 παροίκων,
343 3847 421 3908 ἀλλὰ
451 3847 486 3921 δὴ
515 3845 562 3908 καί
592 3853 645 3908 τῶν
675 3847 819 3924 ἀμπελίων
849 3847 896 3910 καὶ
924 3849 1102 3924 μυλοθεσίων.
1137 3850 1176 3910 ἔτι
1198 3869 1228 3908 τε
1252 3846 1290 3921 εἰς
1311 3850 1357 3908 τόν

61 3969 142 4029 τόπον
170 3972 217 4028 τοῦ
242 3967 376 4049 Ἁλμυροῦ
405 3969 505 4048 χωρίον
536 3971 554 4046 ἡ
582 3971 722 4050 Μαγοῦλα
751 3968 797 4030 καί
828 3969 852 4030 σί
879 3972 1053 4051 Σιμισαρίτοι
1079 3971 1226 4049 λεγόμενοι
1253 3971 1298 4030 πλν
1323 3977 1357 4054 τῇ

63 4089 151 4151 ἐκεῖσε
174 4096 213 4171 γῇ
235 4096 289 4150 τῶν
313 4089 485 4168 Λεβαχότων
507 4089 553 4150 καί
577 4089 757 4173 Ταρωνσίτων.
786 4093 804 4152 θ
827 4090 860 4167 δὴ
882 4095 971 4152 πάντα
993 4089 1104 4165 καθέξει
1126 4090 1290 4174 ἡείρημένη
1307 4115 1355 4153 σε·
1401 4073 1405 4080 ’

62 4211 165 4288 βασμία
196 4213 266 4288 μονὴ
295 4218 344 4288 τῆς
372 4213 579 4294 πανυπερόγνου
610 4211 754 4290 δεσποίνης
776 4211 822 4273 καὶ
852 4215 1019 4294 θεσμητορσς
1040 4221 1090 4290 τῆς
1113 4215 1265 4292 Ἐλεοίισης
1286 4215 1356 4276 κατὰ

62 4331 219 4396 δεσποτείαν
242 4332 288 4396 καί
310 4333 397 4410 νομὴν
420 4333 606 4416 ἀναφαίρετον,
629 4337 668 4407 ὡς
690 4335 760 4396 κατὰ
782 4337 866 4416 μέρος
889 4335 1122 4412 διαλαμβάνονται
1145 4337 1174 4396 ἐν
1193 4341 1250 4410 τοῖς
1268 4359 1355 4418 γεγο-

61 4457 131 4517 νόσιν
162 4453 206 4516 ἐπ’
224 4455 314 4528 αἰτεῖς
343 4461 510 4538 πρακτικοῖς,
542 4457 580 4517 ἔτι
611 4456 642 4517 δέ
673 4456 720 4518 καί
750 4459 787 4530 ὡς
815 4459 1060 4538 προσεκυρώθησαν
1086 4456 1134 4518 καὶ
1154 4461 1355 4540 προσετέθησαν

62 4579 140 4662 ταύτῃ
162 4577 238 4659 παρὰ
260 4582 311 4655 τῆς
330 4578 525 4659 διαληφθείσης
540 4580 653 4658 συζύγου
668 4584 714 4640 τοῦ
730 4579 905 4655 δηλωθέντσς
919 4581 1179 4661 σεβαστσκρσίτορος,
1205 4580 1251 4640 καί
1266 4601 1354 4658 νεμη-

62 4700 169 4776 θίσεται
202 4699 270 4760 α’στόι
299 4700 483 4781 ἀνενόχλητα,
516 4701 672 4762 ἀδιάσειστό
694 4723 724 4762 τε
746 4700 793 4762 καὶ
816 4701 1010 4764 ἀναπόσπαστα
1034 4701 1073 4774 εἰς
1094 4703 1200 4764 ἅπαντα
1222 4704 1267 4764 τδν
1290 4699 1356 4780 ἑξῆς
