3166 5298
487 505 582 570 XIII.
604 503 858 593 [6851-1342],
882 528 993 572 mense
1015 506 1149 590 octobri,
1173 505 1238 571 ind.
1263 507 1305 571 X.

251 671 311 724 Rex
320 669 472 739 Stephanus
482 671 661 740 Duxanjuhet
670 673 764 726 dirimi
771 673 978 726 controversiam
987 679 1074 726 oriam
1083 673 1151 726 ι’πίοτ
1160 673 1350 727 monasterium
1359 681 1383 726 et
1395 672 1540 742 Georyium

690 776 835 829 Ττιιίσιιιιιιι
851 776 954 831 deloco
972 777 1109 830 Lebadiii.

567 960 769 1040 ΙΙρύοταγμα
793 958 841 1032 εἰς
862 962 919 1036 τὴν
943 961 1042 1036 αυτὴν
1065 961 1227 1021 ύπύθεσιν.

354 1122 370 1192 †
392 1117 533 1175 Πάνσεπτε
556 1117 637 1176 σεπτέ
660 1114 744 1176 οἰκεῑε
766 1115 944 1198 τῇβασιλείᾳ
960 1139 1022 1196 μου,
1046 1117 1190 1192 δομέστικε
1204 1122 1258 1176 τῶν
1275 1117 1391 1178 δυσικῶν
1406 1119 1540 1193 θεμάτων,

250 1242 298 1318 κύρ
322 1241 442 1317 Στέφανε
457 1239 608 1319 Στρατηγέ,
631 1237 677 1298 καὶ
699 1240 739 1318 σύ,
762 1242 898 1298 πάνσεπτε
921 1242 1003 1299 σεπτὲ
1026 1237 1110 1300 οἰκεῑε
1132 1245 1165 1322 τῇ
1189 1238 1317 1322 βασιλείᾳ
1339 1261 1402 1318 μου,
1425 1243 1478 1318 κύρ
1493 1239 1541 1298 Νι-

250 1361 338 1420 κόλαε
361 1360 527 1438 Θεολογίτα.
566 1361 591 1421 οἱ
613 1357 730 1438 μοναχοὶ
751 1366 801 1436 τῆς
823 1361 895 1420 κατά
916 1363 946 1421 τδ
970 1361 1033 1440 ὄρος
1054 1367 1107 1422 τῶν
1130 1363 1239 1441 Σερφιῖιν
1261 1363 1292 1420 τδ
1313 1365 1360 1420 τοῦ
1383 1363 1542 1430 Μενοικέως

249 1480 420 1557 καλούμενον
446 1481 598 1556 σεβασμίοις
626 1487 711 1557 μονῆς
737 1487 786 1558 τῆς
813 1481 853 1554 είς
875 1482 961 1557 ὄνομα
984 1484 1140 1560 τιμωμένης
1162 1488 1207 1543 τοῦ
1230 1483 1317 1558 τιμίου
1340 1481 1454 1556 ἐνδόξου
1476 1503 1541 1563 προ-

250 1605 332 1681 φήτου
350 1603 511 1684 Προδρύμου
529 1601 576 1664 καὶ
591 1605 739 1664 Βαιττιοτού
755 1605 883 1664 Ἰωάννου
902 1604 1041 1686 ἀνέφερον,
1064 1607 1104 1665 δτι
1119 1607 1262 1682 κέκτηνται
1278 1605 1322 1665 διά
1336 1605 1542 1686 γρυοοβούλλου

249 1725 296 1786 καί
324 1728 423 1805 ἑτέρων
451 1726 640 1802 δικαιωμάτων
667 1732 720 1806 γῆν
748 1724 787 1798 εἰς
808 1727 857 1802 τὴν
880 1727 1038 1788 τοποθεσίαν
1061 1727 1109 1802 τἠν
1132 1727 1288 1806 λεγομένην
1310 1733 1364 1787 τῶν
1388 1726 1541 1800 Λεβαδίων,

250 1851 309 1925 ήτις
331 1851 534 1930 καταγράφεται
562 1847 600 1920 εἰς
622 1849 671 1921 τάς
692 1851 844 1930 προσούσας
865 1855 898 1932 τῇ
921 1850 1030 1932 τοιαύτη
1053 1856 1122 1932 μονῇ
1145 1849 1333 1928 ἀπογραφικάς
1354 1851 1540 1918 καταστάσεις,

248 1973 300 2050 πφδ
322 1976 416 2052 καιροῦ
439 1971 469 2030 δὲ
494 1971 715 2047 δυναστευόμενοι
739 1971 782 2031 ἐπὶ
804 1973 886 2052 ταύτῃ
909 1973 983 2052 πορά
1003 1975 1049 2031 τοῦ
1064 1970 1164 2032 οἰκείου
1179 1993 1212 2054 πρ
1229 1970 1359 2052 βασιλείᾳ
1375 1992 1438 2050 μου,
1454 1967 1541 2050 κυρίου

250 2093 386 2172 Γεωργίου
408 2097 454 2154 τοῦ
469 2093 637 2173 Τρσυληνού,
661 2093 854 2174 ἀντεκρίθησαν
878 2093 950 2172 αύτῷ
973 2093 1076 2174 ὁρισμῷ
1099 2100 1148 2171 τῆς
1165 2092 1288 2170 ἀοιδίμου
1302 2091 1349 2153 καὶ
1365 2092 1539 2173 μακαρίτιδος

250 2217 428 2294 περιποθήτου
456 2237 507 2290 μου
531 2216 690 2295 αύγούοτης,
718 2222 767 2292 τῆς
790 2214 884 2297 κυρίας
906 2216 1004 2291 Ἄννης
1026 2223 1075 2291 τῆς
1099 2215 1252 2293 δεσποίνης,
1274 2213 1322 2275 καὶ
1345 2215 1538 2290 ἐδικαιώθηοοιν

250 2340 377 2416 κατέχειν
400 2338 448 2411 τὴν
470 2338 593 2412 τοιαύτην
616 2343 678 2414 γῆν,
703 2338 717 2395 ὁ
740 2336 771 2396 δὲ
793 2338 986 2417 κατεδικάσθη,
1010 2332 1069 2396 εἶτα
1093 2337 1238 2412 ἐποιήσατο
1260 2334 1307 2396 καὶ
1323 2337 1461 2417 ἔγγραφον
1477 2337 1539 2394 'mi-

250 2480 351 2538 σχεοιν,
374 2459 419 2518 ἵνα
441 2461 551 2541 στέργῃ,
575 2461 637 2518 ὅσον
661 2459 813 2536 διεγνιύσθη
837 2461 889 2519 ἀπδ
912 2465 961 2535 τῆς
983 2461 1107 2535 τοιαύτης
1129 2457 1245 2540 κρίσεως
1266 2457 1313 2518 καὶ
1338 2461 1432 2542 ἀπέχῃ
1448 2459 1539 2518 τέλεον

250 2586 300 2657 τῆς
321 2582 446 2656 τοιαύτης
469 2586 531 2659 γῆς,
562 2581 708 2642 κάντεῦθεν
732 2582 828 2657 ἔμενον
852 2581 1032 2660 ἀνενέχλητοι
1056 2579 1099 2642 ἐπὶ
1121 2587 1154 2664 τῇ
1177 2587 1285 2663 κατοχῇ
1306 2583 1416 2657 ταύτης.
1449 2580 1538 2661 ἀρτίως

250 2703 283 2762 δέ
307 2703 519 2778 δολιευοάμενος
540 2701 586 2761 καί
611 2703 752 2778 ἀπατήσας
773 2706 849 2782 ἡμᾶς
870 2705 885 2764 ὁ
908 2703 1000 2784 ῥηθεὶς
1015 2703 1173 2783 Τρουληνδς
1197 2705 1310 2781 ἐζήτησε
1332 2703 1379 2764 καὶ
1401 2703 1537 2782 καταγρά·

250 2827 350 2904 ψασθαι
373 2827 471 2902 ταύτην
495 2824 528 2901 δὴ
551 2825 600 2901 τήν
622 2831 675 2904 γῆν
699 2825 738 2898 εἰς
759 2828 790 2886 τδ
812 2827 968 2906 πρακτικόν,
993 2828 1059 2907 ὅπερ
1083 2827 1228 2901 ἐποιήσατο
1250 2828 1318 2907 πρδς
1342 2827 1421 2886 οιύτδν
1446 2823 1536 2902 ἑπίτῇ

251 2946 392 3032 οἰκονομίᾳ
415 2949 504 3029 αὺτοῦ,
527 2949 557 3020 ὃς
573 2945 619 3007 καί
643 2945 814 3028 δραξάμενος
837 2949 961 3029 ἀφορμῆς
984 2949 1036 3008 ἀπδ
1058 2950 1150 3008 τούτου
1165 2949 1279 3025 ήπλωσε
1294 2947 1342 3008 καί
1356 2949 1536 3028 κατεκράτησε

249 3073 346 3148 ταύτην
374 3072 408 3147 δὴ
436 3073 485 3146 την
512 3077 565 3151 γῆν
592 3072 663 3147 μετά
689 3067 742 3129 τῶν
766 3072 794 3130 ἐν
819 3073 885 3153 οιύτῇ
909 3070 1080 3147 μυλοτοπίων
1103 3073 1200 3150 αύτῶν,
1230 3073 1260 3130 οδ
1284 3069 1315 3130 δὲ
1338 3073 1424 3152 μέρος
1446 3069 1536 3130 τούτων

251 3196 408 3272 ἐπέπεμψεν
438 3194 552 3272 ἐκεῖθεν,
583 3188 614 3254 ού
642 3193 677 3267 δή
704 3196 785 3275 χάριν
811 3193 858 3253 καὶ
886 3194 1111 3274 παρεκλήτευσαν
1132 3194 1181 3268 τήν
1206 3192 1350 3268 βασιλείαν
1374 3213 1426 3268 μου
1456 3187 1490 3277 [οἱ
1510 3187 1534 3264 ἐν

249 3318 414 3399 τῇτοιαύτφ
438 3316 576 3398 σεβασμίᾳ
599 3322 669 3397 μονῇ
693 3317 887 3390 ένασκούμενοι
910 3313 1037 3401 μοναχοί]
1048 3315 1081 3398 ¹).
1107 3315 1181 3396 εἴπερ
1196 3321 1261 3395 γοῦν
1278 3316 1315 3374 ένι
1331 3319 1460 3395 τοιοῦτον,
1484 3307 1535 3371 ἐπεὶ

250 3439 468 3514 διαλαμβάνεται
489 3440 507 3512 ή
531 3439 643 3518 ρηθεῐσοι
665 3443 701 3516 γῆ
719 3435 758 3507 εἰς
772 3440 803 3497 io
817 3439 916 3518 προσδν
932 3437 1022 3510 αὐτσῖς
1037 3437 1253 3519 χρυσύβουλλον,
1277 3439 1314 3497 έτι
1332 3437 1425 3498 δὲκαὶ
1442 3435 1479 3509 εἰς
1493 3434 1534 3502 τὰς

250 3558 284 3631 ἀς
298 3561 442 3634 κέκτηνται
458 3560 644 3639 ἀπογραφικάς
661 3561 901 3640 ἀποκαταστάσεις,
925 3561 949 3621 τί
965 3561 1068 3622 δίκαιον
1084 3557 1160 3640 εἶχεν
1177 3563 1191 3621 ἀ
1208 3559 1300 3642 ῥηθεὶς
1315 3563 1483 3643 Τρουληνές,
1497 3559 1534 3614 ἵνα

250 3683 355 3761 ζητήσῃ
369 3679 416 3740 καί
432 3681 536 3756 δίζηται
551 3680 596 3742 διά
610 3687 767 3762 πρακτικοῦ,
783 3682 927 3744 καὶταῦτα
942 3683 1160 3764 καταδικασθείς,
1177 3687 1215 3755 ὡς
1232 3685 1344 3764 εἴρηται,
1361 3685 1415 3746 ἀπο
1427 3683 1533 3766 κρίσεως

249 3802 296 3864 καὶ
324 3806 510 3879 ποιησάμενος
536 3803 583 3864 καὶ
612 3805 728 3885 ἔγραφον
752 3805 799 3880 τἠν
822 3807 965 3884 ὑπόσχεσιν
987 3808 1054 3886 πρδς
1077 3807 1139 3877 τούς
1162 3805 1320 3888 εἰρημένους
1343 3807 1480 3886 μοναχοθς
1501 3801 1533 3870 εἷς

249 3926 297 4001 τὴν
323 3925 385 4006 περὶ
407 3927 501 3986 τούτου
524 3926 723 4006 ἀνενοχλησίαν
747 3929 848 4009 αύτῶνφ
875 3925 923 3988 καὶ
944 3927 1088 4001 παντελῶς
1114 3927 1158 4010 ἦν,
1189 3932 1255 4010 ὅπερ
1279 3930 1417 4012 ἐποίησεν,
1450 3929 1531 3991 Ram

249 4047 295 4108 καὶ
320 4049 491 4129 παράλογον.
526 4051 544 4126 ἡ
567 4049 695 4125 βασιλεία
722 4071 773 4125 μου
797 4049 1033 4131 διορίζεταιιύμϊν,
1064 4053 1102 4122 ὡς
1124 4051 1157 4110 ἀν
1179 4054 1312 4128 ποιήσητε
1340 4051 1478 4132 διόρθωσιν
1501 4045 1532 4115 εἷς

251 4172 314 4230 αύτδ
336 4169 383 4230 καί
406 4169 604 4246 οίκσνομήσητε
627 4174 754 4250 κατέχειν
776 4171 838 4244 τούς
861 4173 998 4250 μοναχούς
1019 4179 1069 4248 τῆς
1091 4175 1215 4248 τοιαύτης
1238 4179 1323 4248 μονῆς
1339 4173 1531 4252 ἀνενοχλήτως,

249 4295 288 4365 ὡς
310 4291 357 4354 καὶ
378 4293 408 4352 τδ
430 4298 546 4374 πρῶτον,
568 4294 617 4369 τήν
640 4293 785 4374 εἰρημένην
808 4299 860 4374 γῆν
883 4295 954 4354 κατὰ
975 4296 1024 4370 τὴν
1047 4295 1192 4374 περίληψιν
1214 4299 1259 4355 τοῦ
1281 4297 1427 4376 πρύσσντος
1443 4293 1529 4359 αὺτοῖς.

250 4417 287 4487 ὡς
315 4414 427 4496 εἴρηται,
458 4416 664 4496 χρυσοβούλλου
690 4415 737 4476 καί
763 4423 816 4477 τῶν
843 4411 880 4477 ὧν
907 4419 1052 4493 κέκτηνται
1079 4419 1272 4498 ἀπογραφικῶν
1296 4415 1529 4480 ἀποκαταστάσεων

250 4575 399 4582 ..ἢ-,-
414 4576 453 4582 -—

355 4673 373 4743 ¹)
392 4675 588 4742 Supplevaus.
