3208 5310
251 297 295 360 40

242 490 336 567 μοδίου
352 487 388 551 α’.
412 492 505 571 ἕτερον
527 490 558 549 τδ
580 487 699 566 πλησίον
721 493 766 550 τοῦ
786 483 968 571 Χορευιηρίου
989 490 1020 550 τδ
1043 489 1096 550 οἰπδ
1118 494 1164 550 τοῦ
1187 489 1234 570 σῦρ
1249 489 1369 550 Λεοῦνσυ
1392 488 1504 565 μοδίσυ
1524 487 1582 550 α’.ί

242 615 335 694 ἕτερον
358 611 405 672 ἀπ’
417 611 496 672 αυτοῦ
518 612 548 671 τδ
570 611 725 690 λεγόμενον
748 614 794 672 τσῦ
809 610 941 686 Νήσακος
961 609 1006 670 σῦν
1021 614 1068 671 τοῦ
1083 611 1255 692 Γρηγεράτου
1272 609 1374 685 μοδίιυν
1385 607 1427 688 γ’.
1456 612 1566 690 ἕτερον
1581 625 1582 666 ι

241 735 272 795 τδ
295 733 348 795 ἀπὸ
369 737 416 794 τοῦ
439 733 600 813 Καστρισίου
622 734 653 793 τδ
675 733 790 810 πλησίον
812 733 952 814 χωραρίου
972 735 1020 794 τοῦ
1043 732 1243 810 Χαμοσχίινδου
1266 731 1368 808 μοδίων
1381 729 1420 808 β’.
1447 735 1564 812 χωροί-

242 875 288 936 ρια
311 855 416 916 ἅπαντα
439 855 468 914 ἐν
491 861 524 938 ιῇ
548 854 614 938 αῦιῇ
637 854 703 938 ἁγίᾳ
726 861 796 938 μονῇ
819 853 903 932 μόδια
918 850 1043 935 ρκθ’ς”
1064 852 1110 916 καί
1126 853 1336 934 ἀμοδιολόγητα
1350 855 1506 930 κομμάτια
1524 852 1582 925 ζ’.ί

797 1148 984 1224 Ἀμπέλια.

346 1341 486 1416 Ὁμοίως
516 1339 571 1402 καί
600 1340 639 1401 τὰ
665 1339 815 1416 ἀμπέλια
843 1345 903 1418 τῆς
929 1341 1121 1420 ἁγιωτάτης
1145 1340 1332 1420 ἐπισκοπῆς
1354 1341 1393 1402 τὰ
1415 1343 1481 1402 ῦπδ
1508 1341 1557 1420 τῷ

242 1466 338 1544 μέρει
355 1464 519 1539 ίίαλικῆς.
544 1461 648 1538 ἀμπὲλι
670 1467 716 1524 τοῦ
731 1461 903 1542 Ὑδρομίιλου
925 1463 956 1522 τδ
978 1461 1094 1538 πλησίον
1117 1462 1253 1538 ἀμπελίου
1276 1467 1322 1526 τοῦ
1337 1464 1485 1544 Δρεπάνου
1502 1461 1555 1532 καὶ

241 1592 287 1646 τοῦ
305 1585 458 1664 Πειρασμοῦ
481 1583 527 1645 καὶ
550 1585 681 1663 σῦνεγγυς
703 1587 749 1644 τοῦ
766 1585 945 1665 διερχομένου
959 1587 1091 1667 ποταμοῦ,
1116 1585 1208 1656 καθώς
1226 1584 1295 1646 ἐστιν
1311 1582 1552 1666 ίδιοπεριόριστσν,
1581 1613 1582 1648 ι

242 1709 305 1767 ὅσον
319 1704 366 1766 καί
382 1697 437 1766 οἷόν
454 1705 534 1768 ἐστιν.
553 1708 632 1785 ἕτερα
648 1707 788 1781 κομμσίιια
800 1704 824 1781 β’
842 1703 882 1775 είς
898 1709 944 1766 τοῦ
959 1705 1108 1785 Σουγιοίνσυ
1124 1705 1225 1782 μοδίων
1238 1703 1275 1782 β’.
1293 1709 1383 1786 ἕτερον
1400 1709 1448 1767 τοῦ
1465 1707 1552 1786 Κορ-

243 1830 318 1904 μέιυς
340 1829 370 1888 π“ο
393 1827 515 1888 κάτωθεν
537 1827 676 1907 χωραρίου
698 1831 744 1888 τοῦ
759 1828 895 1908 Μαχαιρᾶ
917 1824 964 1887 καὶ
984 1826 1102 1902 πλησίον
1123 1832 1174 1903 τῆς
1197 1827 1330 1904 δημοσίας
1351 1827 1415 1888 ὁδοῦ
1439 1827 1551 1904 μοδίων
1581 1843 1582 1850 ’

241 1949 278 2031 γ’.
304 1953 396 2030 ἕτερον
419 1947 459 2022 είς
481 1951 511 2009 ιδ
535 1949 639 2025 ἀμπέλι
662 1949 770 2028 Βοοῦχου
793 1949 823 2008 τδ
846 1949 1001 2028 λεγόμενον
1027 1948 1045 2024 ἡ
1068 1947 1215 2024 ἌμπελσςΙ
1237 1948 1281 2008 σῦν
1303 1952 1350 2010 τοῦ
1372 1949 1550 2025 κλείσματος
1581 1977 1582 2010 ι

241 2071 288 2133 καὶ
315 2077 361 2133 τοῦ
388 2071 539 2148 κομματίου
565 2067 619 2132 τῶν
647 2069 771 2131 Ῥοὶδίιυν
799 2068 901 2146 μοδίων
917 2067 949 2141 ζ’.
981 2073 1074 2152 ἕτερον
1100 2075 1150 2146 τῆς
1177 2069 1341 2146 Ἀναβάσιας
1366 2071 1396 2130 τδ
1422 2070 1547 2148 πλησίον
1581 2089 1582 2138 ι

241 2193 378 2270 ἀμπελίσυ
401 2199 446 2254 τσῦ
468 2195 631 2274 Βαρυπράτη
655 2195 685 2253 τδ
713 2193 835 2253 κάτωθεν
857 2194 903 2252 τοῦ
925 2195 1044 2270 κρεμνσῦ
1066 2191 1168 2279 μσδίιυν
1184 2189 1222 2270 γ’.
1260 2195 1340 2274 ἕτερα
1362 2193 1485 2274 ἁρμαίκια
1508 2193 1545 2252 τὰ
1581 2213 1582 2250 ν

241 2312 364 2376 κάτωθεν
386 2320 432 2376 τοῦ
455 2289 591 2390 ἀμπελίου
618 2318 665 2376 τοῦ
680 2313 778 2394 Χσιδᾶ,
801 2315 894 2386 καθὼς
916 2313 1076 2388 ἀναβαίνουν
1100 2315 1183 2395 μέχρι
1204 2319 1254 2391 της
1270 2313 1334 2375 ὁδοῦ
1356 2314 1401 2374 σῦν
1424 2313 1471 2375 καί
1494 2318 1542 2374 τοῦ

242 2432 347 2499 ἄνωθεν
370 2441 420 2512 τῆς
442 2435 506 2496 ὁδοῦ
529 2436 631 2510 μοδίων
647 2435 674 2516 γ’
697 2437 731 2496 τὰ
754 2436 901 2516 ἀμφότερα.
927 2438 1019 2518 ἕτερον
1043 2435 1148 2512 ἀμπέλι
1171 2434 1212 2510 εἰς
1225 2437 1271 2496 τδν
1288 2439 1365 2517 ἅγιον
1382 2434 1541 2499 Θεὸδσυλσν

241 2560 270 2618 τδ
292 2559 446 2636 λεγομκνον
473 2561 520 2617 τοῦ
542 2557 629 2636 Δρυδς
655 2557 686 2618 τδ
708 2557 825 2634 πλησίον
847 2557 976 2636 λαχιδίου
998 2561 1044 2618 τοῦ
1067 2559 1155 2620 Χοιδοῑ
1178 2559 1224 2619 σῦν
1248 2556 1295 2619 καί
1316 2562 1363 2619 τοῦ
1384 2558 1540 2638 λαγγαδίου

241 2682 295 2751 ἕως
324 2682 370 2740 τσῦ
397 2680 528 2760 Γέροντος
558 2679 592 2738 τὰ
618 2679 759 2760 ἀμφότερα
789 2679 891 2754 μοδίιυν
907 2676 941 2740 ε’.
973 2681 1065 2761 ἕτερον
1093 2679 1229 2757 ἀμπέλιον
1258 2679 1298 2754 εἰς
1323 2679 1357 2740 τὰ
1385 2680 1466 2760 ἄγρια
1491 2685 1538 2740 τοῦ

240 2801 395 2882 λαγγαδίσυ
418 2803 447 2860 ιδ
470 2799 647 2862 ἀποκίτωθεν
671 2801 806 2877 ἀμπελίου
828 2805 875 2862 τοῦ
890 2803 1052 2882 Βαρυπράπη
1076 2800 1171 2878 μοδίου
1187 2798 1214 2862 α’
1248 2804 1341 2884 ἕτερον
1362 2799 1401 2876 είς
1415 2803 1445 2862 πδ
1460 2803 1536 2882 Βαρ-

242 2925 310 2998 δσίνη
334 2923 363 2982 rb
385 2921 501 2998 πλησίον
522 2919 570 2982 καί
592 2921 724 3002 σύνεγγυς
751 2921 887 2998 ἀμπελίσυ
909 2925 956 2983 τοῦ
978 2922 1137 3003 Μιχαλίτζη
1160 2922 1256 2999 μοδίου
1272 2921 1308 2984 α’.
1341 2926 1422 3004 ἕτερα
1444 2922 1482 2997 είς
1502 2925 1535 2984 τὰ

241 3047 333 3118 Βσίτζα
360 3044 394 3106 τὰ
418 3044 562 3123 λεγόμενα
589 3047 635 3104 τοῦ
656 3044 834 3126 Βελλεράτου
860 3047 1001 3121 κομμαίσια
1028 3045 1075 3106 δῦο
1098 3045 1201 3122 μοδίιυν
1216 3044 1255 3126 γ’,
1282 3046 1316 3106 τὰ
1339 3045 1465 3106 ἀποκάειν
1487 3052 1533 3124 τῆς

241 3165 343 3238 οἰκείας
372 3169 418 3227 τοῦ
440 3165 591 3248 Κονδίιλσυ,
622 3167 715 3239 καθὼς
743 3169 923 3248 κατέρχονται
953 3169 1036 3248 μέχρι
1065 3172 1112 3230 τοῦ
1142 3169 1345 3250 καταρχομένου
1377 3171 1529 3249 χειμάρρου.

242 3291 323 3370 ἕτερα
345 3292 399 3348 τῶν
415 3287 594 3368 Ἃλμυρίδων,
616 3283 709 3360 καθώς
732 3285 807 3372 εἰσιν,
831 3289 932 3364 μοδίιυν
945 3287 982 3369 γ’.
1008 3292 1090 3372 ἕτερα
1105 3289 1144 3361 είς
1159 3291 1207 3366 τὴν
1222 3289 1389 3366 Τζαλαμίδοι
1404 3291 1421 3366 ἡ
1437 3290 1531 3350 Φυλέα

240 3411 271 3470 τδ
294 3409 457 3468 ἀνατολικὸν
479 3411 525 3468 τοῦ
547 3411 681 3492 ποταμοῦ,
708 3411 771 3470 ὅσον
794 3407 841 3470 καί
864 3402 920 3470 οἷὸν
944 3409 1027 3490 ἐστιν,
1054 3407 1147 3482 καθώς
1171 3411 1226 3472 ἐστι
1248 3413 1457 3494 περιωρισμένον
1479 3433 1531 3486 μσ-

242 3531 306 3591 δίων
323 3527 410 3605 δ’ς”.
436 3531 528 3610 ἕτερον
551 3530 581 3590 τδ
604 3529 675 3590 κατὰ
698 3528 802 3606 δυσμὰς
823 3535 870 3592 τοῦ
893 3533 972 3592 αὐτοῦ
995 3533 1131 3610 ἀμπελίσυ
1154 3535 1184 3594 ιδ
1206 3534 1321 3611 πλησίον
1341 3533 1472 3610 ἀμπελίσυ
1486 3539 1529 3596 τοῦ

241 3653 340 3733 Κραοᾶ
362 3649 408 3712 καὶ
431 3655 476 3712 τοῦ
500 3651 669 3730 Ἀβαστιίγου
692 3651 788 3729 μοδίου
802 3649 851 3727 ς”.
871 3651 894 3715 δ’
906 3651 958 3728 ς”.
982 3657 1074 3735 ἕτερον
1097 3653 1136 3727 εἰς
1159 3657 1189 3715 τδ
1212 3656 1400 3736 Δρογγαρικδν
1421 3653 1528 3731 πλησίον

241 3772 378 3849 ἁμπελίσυ
399 3776 446 3833 τοῦ
469 3772 546 3852 ἁγίου
562 3769 680 3853 Ἔσδρας
701 3773 794 3848 μοδίου
811 3772 846 3836 α’.
871 3777 963 3856 ἕτερον
979 3775 1019 3848 εἰς
1032 3777 1067 3836 τὰ
1082 3777 1231 3858 Δαματερὰ
1244 3778 1329 3855 ἤγουν
1344 3783 1394 3853 τῆς
1410 3777 1526 3848 Παλαιᾶς

242 3897 410 3971 Ἐπισκσπῆς
437 3895 522 3975 ἤγουν
552 3900 601 3972 τῆς
625 3897 731 3978 Πετρδς
753 3896 799 3956 σῦν
821 3901 867 3958 τσῦ
889 3897 1067 3982 ἀποκάτιυθεν
1090 3897 1186 3974 μοδίου
1201 3896 1236 3960 α’.
1268 3902 1360 3980 ἕτερον
1383 3899 1412 3958 ιδ
1433 3900 1525 3960 σίνυῦεν

240 4022 288 4079 τοῦ
309 4017 446 4098 πηγαδίσυ
473 4017 504 4077 τ“ο
530 4015 577 4078 καί
603 4017 719 4094 πλησίον
747 4018 874 4095 ἀμπέλου
901 4026 947 4081 τοῦ
970 4022 1112 4102 Μαρκοῦρι
1135 4021 1238 4097 μσδίων
1254 4020 1280 4098 β’
1304 4021 1349 4082 σῦν
1371 4026 1424 4082 τῶν
1445 4021 1525 4082 ἐκεῖσε

241 4139 392 4216 ίσιαμένων
421 4139 547 4220 δένδρων.
580 4143 672 4222 ἕτερον
699 4139 740 4213 είς
765 4143 811 4202 τδν
838 4144 916 4222 ἅγιον
938 4142 1079 4204 Νικόλαον
1109 4141 1148 4216 εἰς
1175 4146 1220 4204 τδν
1243 4145 1342 4204 Σκινέα
1368 4145 1400 4204 εδ
1420 4143 1523 4220 πλησίον

240 4265 287 4321 τοῦ
308 4264 375 4320 ναοῦ
397 4259 500 4336 μοδίων
516 4260 552 4338 β’.
577 4265 669 4344 ἕτερον
692 4261 732 4336 εἰς
754 4263 799 4324 τδν
823 4265 902 4324 αίιιδν
917 4267 999 4325 τόπον
1013 4267 1044 4326 τδ
1060 4267 1131 4327 κατὰ
1147 4265 1250 4342 δυσμὰς
1266 4266 1368 4341 μοδίυν
1384 4265 1419 4341 β’.
1442 4269 1522 4347 ἕτερον

241 4381 282 4454 εἰς
310 4383 358 4458 τὴν
381 4383 539 4444 τοποθεσίαν
569 4387 615 4444 τοῦ
637 4385 729 4446 Λύκου
750 4387 781 4446 τδ
803 4383 850 4447 καί
872 4386 990 4464 πλησίον
1012 4393 1059 4450 τοῦ
1081 4388 1218 4465 ἀμπελίου
1240 4391 1287 4449 τοῦ
1309 4389 1520 4450 Κοπελοϊυιίννου

242 4503 344 4582 μσδίιυν
359 4502 387 4563 α’
399 4502 450 4578 ς”.
482 4507 574 4586 ἕτερον
603 4503 642 4578 εἰς
668 4509 699 4567 τδ
726 4507 864 4588 λαγγσίδιν
892 4511 922 4570 τ“ο
944 4509 1061 4587 πλησίον
1084 4507 1221 4588 ἀμπελίου
1242 4517 1289 4574 τοῦ
1312 4511 1435 4592 μεγάλου
1454 4509 1519 4572 οίκο-

240 4631 325 4704 νόμου
351 4627 382 4688 ιδ
404 4627 559 4707 λεγόμενον
583 4633 628 4690 τοῦ
651 4629 746 4711 Δρυὸς,
777 4632 839 4691 ὅσον
862 4630 908 4692 καί
931 4625 987 4692 οίὸν
1011 4632 1089 4695 ἐστιν.
1121 4629 1227 4710 ἀμπέλι
1250 4633 1289 4708 εἰς
1311 4636 1356 4698 τ’σν
1379 4634 1473 4696 Γελλδν
1493 4635 1518 4694 ιδ
