3486 5282
1374 333 1446 406 183Ι

143 536 244 616 ἐχούσῃ
264 535 312 610 τὴν
335 533 485 615 ύττεραγίαν
511 535 648 616 θεστόκον,
681 536 710 594 ἐν
740 534 772 594 θὲ
799 534 839 614 τῷ
871 537 956 615 ἑτέρῳ
977 537 1024 596 τόν
1045 537 1124 614 όγιον
1148 534 1293 618 θεόθωρον
1317 536 1434 613 ἐπεδόθη

139 659 202 730 τοῖς
221 663 352 735 μοναχοῖς
375 655 415 728 τίς
437 657 589 738 όσραλειαν
612 655 689 733 μηνί
712 656 885 736 όκτωβρίῳ
910 655 967 720 ίνθ.
991 653 1013 728 ζ’
1038 659 1133 730 ἔτους
1157 655 1274 741 ,ςχνβ’
1298 663 1323 736 †.

243 784 259 856 ή
281 779 316 838 ’0
338 779 482 856 εθτελὴς
506 779 689 854 ἐπίσκοπος
711 779 886 842 Ναυπλίου
908 777 964 840 καί
987 777 1126 860 Ἄργους
1149 780 1245 840 Λέων
1266 785 1293 858 †.

138 987 185 1050 11.
216 990 355 1050 Τυπικόν
385 995 444 1066 τῆς
471 988 569 1068 ἁγίας
597 994 700 1068 μονῆς
726 988 863 1064 ποιηθὲν
885 987 972 1068 παρὰ
994 992 1048 1048 τοῦ
1070 990 1230 1070 κτήτορος
1252 995 1311 1066 τῆς
1333 991 1434 1068 αὐτῆς

667 1110 766 1190 ἁγίας
788 1115 900 1186 μονῆς.

242 1268 388 1328 Τνπικόν
408 1272 463 1328 τοῦ
484 1272 641 1328 ταπεινοῦ
664 1269 813 1339 Λέοντος
834 1265 890 1328 καί
914 1266 1072 1340 εὐτελοῦς
1095 1267 1280 1328 ἐπισκόπου
1294 1267 1433 1352 Ἄργους

136 1388 195 1450 καί
218 1389 389 1450 Ναυπλίου
416 1387 469 1449 ἐπὶ
495 1395 533 1470 τῇ
560 1389 720 1473 γεγονυίᾳ
746 1389 822 1471 παρ’
835 1389 932 1451 αὺτοῦ
959 1389 1019 1454 ν,εά
1047 1395 1131 1473 μονῇ
1155 1389 1202 1450 ἐπ’
1215 1389 1354 1467 ὀνόματι
1375 1397 1434 1468 τῆς

135 1511 320 1593 ῦπεραγίας
343 1513 503 1573 θεοτόκου
525 1511 560 1573 ἐν
582 1517 621 1593 τῇ
646 1511 770 1594 Ἀρειᾳ.

241 1633 461 1714 Κνγαριστοῦμίν
490 1653 542 1714 σοι,
569 1634 679 1714 Χριστί,
712 1632 829 1708 βασιλεῦ
851 1631 944 1696 αίῶνιε
966 1631 1014 1696 καὶ
1035 1633 1206 1715 ῦπεραιῶνιε,
1241 1635 1341 1707 παντός
1365 1635 1433 1697 αίτιε

135 1755 183 1816 καί
207 1753 381 1837 τελεσιουργὲ
402 1753 450 1816 καί
470 1755 634 1836 πράγματος
654 1753 702 1816 καί
723 1757 870 1836 νοήματος,
903 1757 943 1817 ότι
964 1753 1011 1816 καί
1035 1753 1069 1816 δι’
1081 1755 1161 1833 ήμῶν
1182 1759 1237 1816 τῶν
1260 1757 1380 1818 εθτελῶν
1401 1779 1432 1820 τε

137 1877 184 1938 καί
208 1878 327 1939 ἀσθενῶν
348 1883 474 1956 συστῆναι
490 1878 576 1954 μονὴν
592 1875 667 1960 ἱερόν
683 1876 834 1954 εθόόκησας
850 1876 889 1950 τίς
905 1875 988 1952 δόξαν
1002 1881 1048 1938 τοῦ
1062 1875 1225 1954 πανεντίμου
1239 1877 1287 1938 καὶ
1302 1879 1431 1960 μεγαλο-

134 2003 256 2081 πρεποῦς
282 2001 417 2078 όνύματός
443 2019 491 2062 σου
516 1999 557 2072 εἰς
583 2003 791 2083 κατοικητήριον
819 2005 869 2078 τῆς
894 2003 1008 2082 χάριτος
1032 2005 1082 2078 τῆς
1110 2000 1177 2082 ὑπὲρ
1203 2004 1249 2062 νοῦ
1277 2000 1324 2062 καὶ
1346 2001 1433 2080 λόγου

135 2123 268 2200 τεκούσης
289 2143 322 2184 οε
338 2121 482 2200 δεσποίνης
496 2124 576 2200 ήμῶν
590 2122 637 2184 καὶ
653 2125 830 2204 θεομήτορσς,
853 2121 894 2197 είς
910 2123 1144 2204 ὲγγυμναστήρισν
1159 2121 1264 2203 ἀνδρῶν
1280 2123 1432 2184 ἀσκούντων

136 2243 181 2304 καὶ
211 2249 266 2305 οῶν
293 2244 459 2326 λατρευτῶν,
486 2245 585 2322 ταύτης
607 2243 639 2306 δὲ
662 2247 844 2327 θεραπόντων,
872 2244 972 2327 τἰρετής
993 2265 1024 2306 τε
1047 2243 1167 2326 ἐραστῶν
1188 2242 1235 2306 καὶ
1257 2250 1307 2322 τῆς
1329 2245 1432 2306 ἑαυτῶν

136 2365 270 2447 σωτηρίας
297 2366 457 2444 ἐπιμέλειαν
483 2368 661 2448 ποιουμένων,
690 2368 802 2444 θέλημα
827 2373 905 2428 τοῦτο
930 2373 981 2444 τῆς
1006 2367 1141 2448 όχρτίντου
1168 2387 1215 2428 σου
1245 2369 1357 2448 μητρός,
1386 2365 1434 2428 καὶ

136 2493 183 2566 τῆς
210 2494 262 2565 σῆς
290 2489 330 2562 ῶς
352 2489 465 2564 ἀληθῶς
487 2489 631 2566 δυνάμεως
653 2488 845 2566 ἀποτέλεσμα·
878 2493 929 2552 ποῦ
950 2488 1006 2570 γὰρ
1027 2491 1110 2566 ἡμεῖς
1131 2487 1178 2550 καί
1199 2495 1259 2563 πῶς
1281 2488 1328 2550 καί
1350 2490 1432 2550 πόθεν

137 2608 284 2690 ἰσχύσαμεν
312 2615 433 2672 τοιοῦτον
460 2611 541 2693 ἔργον
568 2611 696 2692 θεοφιλὲς
721 2611 892 2693 κατορθῶσαι
919 2611 967 2672 καὶ
994 2609 1204 2693 διαπρόξασθαι,
1235 2609 1258 2672 τί
1287 2612 1325 2688 μὴ
1352 2613 1371 2686 ἡ
1399 2612 1433 2687 σὴ

80 2701 81 2708 ¹
138 2733 347 2810 ταναλκεοτσῖτη
374 2736 436 2815 χεῖρ
461 2733 541 2811 ήμῶν
568 2733 750 2816 ἀντελάβετος
786 2735 824 2809 ῶς
851 2734 915 2796 ἄνευ
941 2733 995 2816 γθιρ
1022 2735 1119 2811 ταύτης
1148 2732 1207 2795 οὔτε
1237 2735 1252 2795 ό
1279 2732 1433 2811 οίκοθομῶν

140 2852 324 2935 οἰκοδομήσει,
348 2852 410 2916 οὔτε
431 2855 447 2913 ό
469 2855 609 2936 φυλάττων
632 2852 756 2936 φυλάξει.

239 2977 279 3039 α’.
309 2975 390 3058 Περὶ
418 2981 477 3054 τῆς
507 2975 599 3058 ίεροῑς
629 2976 820 3058 ὁμολογίας
848 2975 904 3039 καί
935 2983 994 3056 τῆς
1022 2979 1056 3038 ἐν
1082 2980 1154 3050 ταῖς
1180 2977 1327 3048 κέλλαις
1353 2976 1432 3038 ἀκο-

140 3098 290 3172 λουθίας.

239 3223 448 3300 Δισταττόμεθα
469 3222 608 3284 τελεῖσθαι
622 3227 711 3286 πεῖσαν
732 3223 862 3284 ἑκάστοτε
878 3219 1044 3301 θοξολογίαν
1059 3220 1272 3304 ἀπαραλείττως
1285 3219 1332 3282 καὶ
1349 3241 1432 3282 στου-

143 3344 222 3418 θαίως
243 3343 291 3406 καί
315 3345 385 3422 μετὰ
406 3351 456 3424 τῆς
479 3346 648 3425 ἁρμοζούσης
669 3351 810 3427 προσοχῆς
831 3365 862 3406 τε
884 3343 931 3406 καί
952 3347 1062 3424 νήψεως
1083 3343 1155 3406 κατὰ
1173 3340 1228 3431 [τό]
1247 3344 1433 3406 στουθιωτικόν

143 3465 295 3550 συναξόριον
325 3473 375 3545 τῆς
404 3467 634 3545 ἐκκλησιαστικῆς
664 3467 838 3546 ἀκολουθίας,
870 3466 938 3528 ἀλλ’
955 3467 1022 3544 αῦτη
1047 3465 1104 3544 μὲν
1134 3471 1212 3549 κοινῇ
1239 3467 1433 3544 τελεσθήσεται

143 3589 212 3670 παρὰ
236 3596 287 3667 τής
313 3589 501 3670 ἀδελφότητος
523 3591 641 3673 ἁπάσης,
667 3585 756 3674 ᾖααί
777 3590 792 3650 ό
815 3590 874 3667 βίος
896 3591 987 3662 κοινός
1010 3589 1093 3650 ἐστιν·
1129 3590 1148 3665 θ,
1171 3589 1204 3651 δὲ
1227 3589 1255 3648 ἐν
1277 3591 1335 3664 τοῖς
1357 3587 1434 3664 ἰδίοις

143 3711 261 3784 νελλίοις
276 3713 338 3774 καθ’
349 3713 466 3789 ἑκάστην
480 3715 634 3794 γενήσεται,
657 3711 751 3784 καθὼς
766 3715 799 3773 θν
815 3704 855 3786 εἷς
866 3707 985 3784 ’ἕκαστος
1000 3706 1154 3798 [βούλοιτο]
1169 3709 1216 3772 καί
1232 3709 1346 3791 δύνατο,
1369 3711 1434 3772 ἄνευ

146 3833 230 3906 μέντοι
252 3833 392 3912 σαββάτου
414 3834 462 3898 καί
483 3841 614 3918 κυριοοιής
636 3833 684 3897 καὶ
705 3841 760 3898 τῶν
781 3834 948 3897 δεσποτικῶν
962 3855 993 3896 τε
1007 3833 1055 3896 καὶ
1071 3833 1248 3896 θεσπσινικῶν
1264 3832 1380 3915 ἑορτῶν·
1405 3833 1434 3893 ἐν

146 3955 245 4031 τούτοις
267 3957 321 4038 γὰρ
342 3955 390 4018 καί
413 3959 510 4034 μόναις
530 3964 585 4020 τῶν
608 3958 761 4036 σίσκητικῶν
782 3956 903 4038 ίθρῶτων
924 3952 1084 4018 ἀνάπαυλαν
1100 3953 1213 4033 ἕξουσιν,
1237 3955 1384 4037 ῶγρυπνίαν
1402 3955 1434 4016 θὲ

148 4074 330 4158 ἑντελλόμεθα
357 4081 421 4142 καθ’
433 4080 550 4158 όκόστην
579 4080 710 4161 κυριακὴν
737 4080 858 4159 γίνεσθαι
882 4079 926 4160 ἄρ’
938 4080 1055 4161 ἑσπέρας
1081 4075 1130 4139 καί
1152 4078 1262 4150 ἐντοῖς
1289 4077 1433 4154 ἐπισήμοις

149 4197 245 4279 ἑορταῖς
264 4200 314 4262 καί
337 4201 430 4274 αθταῖς
451 4203 553 4275 πείσαις
574 4205 633 4275 ταῖς
656 4203 762 4282 ίορταῖς
784 4209 834 4279 τής
855 4203 993 4281 πανοίγνου
1015 4197 1063 4261 καὶ
1084 4201 1262 4278 θεομήτορος.

241 4323 279 4398 θ’.
311 4321 394 4405 Περὶ
423 4330 483 4402 τῆς
512 4323 606 4397 θείας
636 4323 829 4406 ἱερουργίας
859 4321 915 4385 καί
943 4321 1175 4404 φωταγωγίας,
1207 4320 1282 4403 περὶ
1311 4321 1433 4401 λυχνο-

149 4437 235 4518 κσίας
256 4449 312 4506 τοῦ
334 4446 425 4508 θείου
447 4451 526 4508 ναοῦ
547 4445 603 4508 καὶ
624 4452 687 4508 τῶν
710 4447 841 4528 ἑορτῶν.

242 4567 279 4628 Ἦ
301 4567 393 4644 μέντοι
421 4569 481 4630 θεία
508 4569 555 4631 καί
582 4569 738 4651 όνήμαρτσς
765 4569 842 4630 θυσία
870 4569 1034 4631 ἑκτελείσθω
1061 4569 1124 4630 καθ’
1137 4570 1252 4648 ἑκάστην
1280 4568 1433 4651 ἑβδομάδα,

154 4686 271 4772 ῦυθθότῳ
298 4689 349 4768 μίν
376 4689 424 4752 καὶ
452 4698 568 4777 κυριακῇ
597 4688 820 4775 θπαραλείπτως,
852 4693 881 4754 ἐν
910 4689 941 4753 δὲ
966 4695 1027 4766 ταῖς
1047 4691 1157 4764 λοιπαῖς
1179 4693 1304 4776 ἡμέραις,
1335 4690 1359 4753 εί
1382 4693 1433 4770 μὲν
