3486 5282
331 323 395 391 218

332 521 441 582 εἰθισται
470 523 527 594 τοῖς
555 523 745 602 παριαρχυιοῖς
773 522 853 598 ήμῶν
884 523 1128 603 οιαυροπηγιακοῖς
1159 522 1357 604 μοναοτηρίοις,
1388 521 1453 600 μηδ’
1476 523 1529 606 ἔχη
1559 524 1621 584 πστέ

332 645 427 705 ἀδειαν
442 645 458 702 δ
472 643 544 704 κατά
555 643 664 724 καιροθς
676 643 821 721 ἱερώτατος
833 641 1035 723 μητροπολίιης
1046 643 1239 725 Χαλκηδόνος,
1255 643 1321 721 μηδ’
1330 644 1420 717 οῖλλος
1431 665 1471 716 τις
1483 645 1620 706 δποιασοῦι

330 763 436 840 τάξεως
458 764 505 827 καί
528 767 644 845 βαθμοῦ,
667 764 816 846 ίερωμένσς
830 769 848 841 ἢ
863 765 960 837 λαιυάς
977 766 1135 847 ἐπηρεάσαι,
1160 765 1311 844 ἐνοχλῆσαί
1329 787 1360 826 τε
1374 764 1422 826 καὶ
1436 775 1622 843 καταπατῆσαι

311 889 379 964 ’τήν
403 889 513 948 ἐνοῦσαν
537 886 608 966 αίπῷ
631 887 869 967 οταυροπηγιακὴν
890 887 970 962 ἡμῶν
991 888 1072 967 χάριν
1095 885 1142 946 καὶ
1165 886 1322 966 ἐλευθερίαν
1344 891 1363 962 ἢ
1386 888 1461 962 ὅλως
1482 887 1621 965 ἀπαίτησίι

330 1031 390 1070 τινα
420 1008 530 1084 πολλὴν
559 1003 698 1086 ήδλίγην
729 1011 812 1089 μέχρι
841 1006 888 1068 καί
914 1015 960 1068 τοῦ
985 1008 1131 1088 ἐλαχίστου
1153 1009 1319 1088 προσβαλεῖν
1342 1013 1360 1086 ἢ
1383 1009 1445 1084 βίαν
1469 1010 1622 1088 ἐπενεγκεῖν

330 1135 386 1204 τοῖς
416 1131 445 1191 ἐν
477 1129 548 1209 αῦτῖρ
576 1132 800 1207 συναοκουμένοις
821 1132 936 1210 πατράσι
959 1128 1005 1191 καί
1027 1129 1154 1208 ἰδιώταις,
1186 1130 1227 1210 ἐφ’
1240 1129 1371 1214 σίᾳδήτινι
1392 1129 1465 1216 αἰτίᾳ
1486 1131 1533 1192 καί
1556 1155 1622 1213 προ-

331 1256 418 1332 φάσει.
464 1253 490 1314 σί
520 1252 551 1313 δὲ
582 1253 611 1313 ἐν
643 1251 715 1332 αῦτῷ
745 1253 953 1328 συνασκοῦμενοι
983 1255 1099 1332 πατέρες
1122 1251 1257 1332 ἀφειλουοι
1281 1253 1385 1334 διάγειν
1409 1254 1438 1314 ἐν
1462 1253 1556 1338 εἰρήνῃ
1579 1253 1621 1314 καί

330 1374 519 1435 πολιτεῦεσθαι
541 1377 678 1448 εὐτάκτως
700 1373 747 1434 καί
762 1375 896 1456 ῥυθμίζειν
910 1376 956 1436 τδν
972 1375 1075 1435 ἑαυτῶν
1091 1374 1148 1450 βίον
1163 1375 1235 1435 κατά
1248 1377 1279 1437 τδ
1295 1375 1441 1452 μοναδικδν
1459 1377 1623 1457 ἐπάγγελμα

331 1494 378 1557 καὶ
399 1498 467 1576 πρδς
489 1499 534 1558 τδν
557 1499 659 1558 κανόνα
680 1503 730 1572 τής
753 1496 935 1577 ὀφειλομένης
958 1493 1112 1574 ἀσκήσεως.
1140 1495 1188 1558 καὶ
1210 1497 1321 1558 ἐπειδάν
1344 1499 1374 1559 ἐν
1395 1499 1476 1580 χρείᾳ
1498 1520 1621 1578 χειροτο-

330 1617 389 1692 νίας
415 1623 434 1694 ἰή
464 1619 658 1700 ἀρχιερατικῆς
680 1619 851 1701 λειτουργίας
873 1617 920 1680 καί
943 1619 1114 1695 μνημοσθνσυ
1135 1620 1279 1700 γένωνται,
1307 1621 1400 1698 ἔχουσι
1420 1626 1510 1681 πᾶσαν
1535 1622 1622 1682 ἀδεισν

329 1735 505 1822 προσκαλεῖν,
534 1743 564 1801 δν
586 1741 620 1802 ἀν
643 1742 793 1816 βούλωνται
815 1747 869 1800 τῶν
893 1738 1053 1820 ἀρχιερέων,
1077 1741 1122 1800 διά
1144 1747 1342 1820 πατριαρχικῆς
1364 1743 1456 1818 μέντοι
1479 1743 1621 1819 ἐκδόσεως,

331 1862 374 1923 έπί
404 1862 444 1943 τῷ
474 1863 599 1924 ἐκτελεῖν
628 1863 678 1936 τοῖς
708 1858 900 1944 ἀρχιερατικάς
929 1861 1099 1943 λειτουργίας
1127 1861 1173 1922 καὶ
1200 1866 1359 1940 μνημόσυνα
1384 1862 1432 1923 καὶ
1456 1863 1622 1945 χειροτονίας

331 1987 417 2044 αῦτῶν
448 1985 518 2060 μετὰ
546 1987 635 2062 πάσης
664 1989 714 2060 τής
744 1991 890 2061 κανονικῆς
919 1987 1143 2064 παρατηρήσεως.
1191 1986 1230 2044 ἐτι
1257 1985 1289 2044 δέ
1311 1986 1326 2043 δ
1349 1985 1418 2045 καπά
1439 1987 1535 2066 καιρδν
1557 2006 1622 2066 προ·

329 2109 475 2182 ϊστάμενος
496 2110 543 2166 τοῦ
566 2109 645 2166 αὐτοῦ
668 2107 845 2197 μοναοιηρίου
867 2107 1067 2186 ήγουμενεῦων,
1091 2107 1130 2178 ῶς
1150 2106 1265 2186 γηραιὸς
1287 2104 1334 2166 καί
1353 2102 1439 2187 ἄξιος,
1464 2108 1517 2188 ἔχῃ
1534 2107 1622 2167 άδεισν

331 2228 455 2288 ἐκτελεῖν
477 2229 508 2288 τδ
531 2235 580 2304 τῆς
601 2236 786 2304 πνευματικῆς
808 2229 975 2308 πατρῦτητος
997 2227 1069 2309 ἰερδν
1091 2229 1278 2308 λειτούργημα
1299 2225 1346 2288 καί
1370 2224 1551 2307 ἐξομολογεῖν
1567 2229 1621 2300 τοῦς

329 2351 564 2429 προσερχομένους
588 2349 660 2428 αὐτῷ
683 2350 905 2428 συγκοινοβιάτας
919 2351 1040 2429 πατέρας
1054 2347 1101 2410 καί
1117 2349 1254 2428 μοναχοῦς
1269 2347 1315 2408 καί
1330 2349 1443 2422 λοιπσίις
1456 2351 1621 2430 χριστιανοῦς

329 2471 405 2543 ἐντδς
426 2475 472 2530 τοῦ
494 2470 566 2550 ἱεροῦ
590 2471 768 2552 μοναστηρίου
788 2469 836 2530 καί
859 2472 1002 2551 ἀνερευνοῖν
1025 2472 1059 2530 τὰ
1074 2467 1145 2547 βάθη
1160 2476 1214 2532 τῶν
1228 2471 1348 2550 καρδιῶν
1364 2473 1451 2531 αῦτῶν
1467 2471 1502 2532 δι’
1516 2472 1619 2546 ἐκκλη-

329 2597 463 2653 σιαστικοῦ
486 2593 577 2669 μέντοι
601 2592 832 2673 ἐνταλτηριῶδους
853 2599 1025 2673 γράμματος,
1049 2594 1088 2665 ῶς
1109 2596 1271 2668 νενόμισται.
1305 2593 1354 2666 τάς
1377 2593 1409 2653 δὲ
1432 2593 1556 2674 ἐκλογὰς
1577 2591 1618 2652 καί

329 2714 561 2787 ἀποκαταστάσεις
587 2719 641 2774 τῶν
669 2714 697 2773 ἐν
726 2713 798 2793 αὐτῷ
819 2717 1024 2794 προϊσταμένων
1052 2713 1097 2774 καί
1119 2710 1169 2786 τάς
1190 2714 1290 2788 λοιπάς
1313 2715 1531 2796 μοναστηριακάς
1554 2715 1618 2776 διοι-

328 2840 421 2911 κήσεις
451 2837 536 2914 ἔχωσι
564 2839 651 2896 ποιεῖν
679 2843 713 2918 τῇ
745 2833 848 2910 εἰδήσει
877 2835 925 2896 καὶ
951 2838 1049 2918 γνώμη
1078 2841 1131 2895 τῶν
1160 2837 1315 2915 πρωτίοτων
1336 2838 1462 2916 πατέρων
1483 2840 1531 2896 τοῦ
1552 2836 1617 2915 ἱεροῦ

329 2957 507 3039 μονασιηρίου
528 2961 575 3018 τοῦ
598 2958 734 3036 Μεγάλου
757 2955 908 3038 Σπηλαίου,
936 2957 1024 3033 μηδὲν
1046 2958 1204 3034 τολμῶντες
1227 2958 1256 3018 ἐν
1279 2956 1377 3036 μηδενὶ
1399 2959 1554 3038 παραβῆναι
1575 2953 1616 3016 καί

328 3076 458 3156 ἀθετήσαι
487 3079 535 3154 ι’ἠν
566 3079 811 3158 ἑπιχορηγηθεῖσαν
842 3078 914 3159 αὐτῷ
944 3080 1179 3159 σταυροπηγιοικὴν
1205 3083 1287 3160 χάριν
1313 3077 1360 3140 καί
1387 3079 1436 3157 τήν
1459 3081 1554 3140 ἕνωσιν
1575 3074 1615 3138 καί

327 3202 499 3280 προσήλωσιυ
527 3202 606 3261 αἰτοῦ
631 3203 699 3280 πρὸς
726 3202 756 3260 πδ
779 3199 850 3280 ἱερδν
874 3204 1059 3282 μοναοτήριυν·
1075 3205 1120 3261 τοῦ
1144 3201 1280 3279 Μεγάλου
1303 3201 1453 3278 Σπηλαίου.
1499 3199 1614 3274 δςδάν

327 3319 374 3382 καί
404 3323 496 3395 ὁποῖος
526 3322 686 3403 ἐπιχειρήσῃ
718 3321 854 3402 σίῳδήτινι
883 3324 974 3402 τροπῳ
1004 3322 1152 3402 ἀνατρέψαι
1182 3323 1304 3383 δπωσοῦν
1335 3323 1369 3382 τά
1400 3321 1490 3402 ἐντῷ
1512 3323 1614 3401 παρέντι

328 3444 476 3514 συνοδικῶς
497 3443 684 3522 ἀποφανθένπα
706 3442 752 3503 καὶ
776 3444 974 3524 ἐπικυρωθέντα
997 3442 1044 3504 καί
1067 3445 1117 3504 ῦπδ
1140 3445 1268 3504 δουλείαν
1291 3445 1407 3524 ἀγαγεῖν
1433 3443 1481 3506 καί
1496 3447 1574 3526 φόρον
1588 3442 1612 3499 τέ
1655 3465 1656 3488 ι

328 3566 562 3645 σταυροπηγιακδν
584 3565 663 3640 ήμῶν
684 3569 761 3625 τοῦτο
784 3567 962 3644 μοναοτήρισν
984 3569 1002 3640 ἢ
1026 3565 1179 3626 ἀποσπάσαι
1201 3569 1219 3639 ἡ
1243 3563 1415 3639 ἀποξενῶσαι
1438 3567 1493 3628 ἀπδ
1507 3571 1552 3627 τοῦ
1567 3565 1611 3644 ῥη-

328 3689 421 3759 θέντος
443 3686 515 3767 ἰεροῦ
537 3685 716 3766 μονασιηρίου
738 3691 784 3747 τοῦ
807 3687 942 3767 Μεγάλου
964 3687 1116 3766 Σπηλαίου,
1139 3688 1153 3747 ὁ
1172 3691 1300 3766 τοιοῦτος,
1324 3689 1419 3762 δποίας
1434 3691 1467 3748 ἀν
1483 3686 1503 3770 ᾖ
1518 3685 1612 3758 τάξεως

327 3807 374 3868 καί
397 3807 526 3886 βαθμοῦ,“
537 3808 721 3888 ἀφωρισμένος
743 3810 859 3890 ὑπάρχει
880 3809 955 3890 παρά
976 3815 1026 3886 τῆς
1048 3809 1129 3888 ἀγίας
1148 3808 1195 3870 καί
1211 3809 1352 3886 ὁμοουοίου
1366 3808 1414 3870 καὶ
1429 3813 1560 3881 ζωαποιοῦ
1572 3803 1611 3866 καὶ

327 3929 478 4009 ἀδιαιρέτου
502 3930 638 4010 μακαρίας
659 3929 778 4010 Τριάδος
798 3935 845 3990 τοῦ
868 3931 929 4002 ένδς
950 3937 983 4013 τῇ
1005 3931 1079 4010 φθσει
1102 3929 1149 3992 καί
1171 3935 1253 4006 μένου
1276 3933 1339 3992 θεοῦ
1360 3930 1406 3992 καί
1428 3932 1608 4013 κατηραμένοι

327 4049 373 4111 καί
396 4051 590 4131 ἀσυγχώρηιος
611 4049 658 4111 καί
680 4051 751 4126 μετά
773 4053 888 4112 θάνατον
911 4052 1010 4124 ἀλυπος
1032 4050 1078 4112 καί
1101 4055 1277 4128 πιμπανιαῖος
1298 4051 1345 4113 καί
1366 4055 1465 4124 πάσαις
1486 4056 1546 4124 ταῖς
1563 4071 1609 4110 πα-

327 4173 431 4253 τρικαῖς
457 4170 505 4232 καί
535 4173 686 4245 συνοδικαῖς
715 4174 794 4254 ἀραῖς
820 4175 962 4246 ὑπεύθυνος
988 4172 1035 4234 καί
1061 4175 1189 4248 ὑπόδικος
1214 4175 1253 4253 τῷ
1281 4173 1380 4253 αἰωνίῳ
1402 4175 1552 4250 ἀναθέματι
1571 4167 1608 4232 καί

328 4295 427 4372 ἔνοχος
448 4299 494 4354 τοῦ
516 4295 599 4376 πυρδς
620 4301 669 4372 τῆς
691 4299 815 4376 γεέννης.
860 4300 944 4355 ταῦτα
966 4301 1031 4375 γοῦν
1053 4297 1194 4376 ἀπεφάνθη
1214 4294 1261 4357 καί
1276 4299 1427 4377 κενάρωται
1442 4299 1514 4358 κατά
1529 4295 1608 4366 κοινήν

326 4419 440 4494 γνώμην
466 4414 513 4476 καί
541 4417 681 4492 συνοδικὴν
710 4417 863 4496 διάγνωσιν.
909 4416 949 4491 εἰς
971 4418 1003 4478 δέ
1025 4419 1074 4493 τὴν
1095 4417 1156 4500 περὶ
1178 4418 1278 4478 τοῦτων
1302 4415 1415 4492 ἔνδειξιν
1437 4418 1484 4480 καὶ
1508 4420 1606 4495 διηνεκῆ

327 4540 375 4614 τὴν
399 4535 549 4618 ἀσφάλειαν
572 4539 694 4616 ἀπελθθη
717 4537 763 4598 καὶ
785 4539 816 4597 τδ
838 4540 924 4618 παρδν
945 4541 1080 4619 ἡμέτερον
1102 4543 1296 4620 πατριαρχικδν
1312 4537 1358 4600 καί
1374 4541 1512 4602 συνοδικδν
1527 4539 1605 4618 σιγιλ·

327 4661 429 4732 λιῶδες
451 4663 567 4740 γράμμα
589 4659 776 4739 καταστρωθέν
800 4661 850 4720 κάν
872 4659 910 4740 τῷ
934 4660 998 4741 ἱερῷ
1021 4661 1127 4738 κῶδηκι
1148 4668 1198 4737 τῆς
1213 4663 1275 4722 καθ’
1284 4665 1359 4738 ἡμᾶς
1373 4667 1420 4724 τοῦ
1435 4663 1550 4742 Χριστοῦ
1563 4679 1606 4738 με·
