3194 5298
1271 361 1331 426 147

60 563 125 638 μέχρι
145 564 186 618 τού
208 559 304 632 Κάβου
327 565 375 632 τῆς
399 558 499 636 Ἁγίας,
523 560 537 616 ὁ
561 559 638 636 άγιος
662 559 802 636 Ἰωάννης,
826 562 844 635 ή
869 561 1032 636 Μάσκλενα,
1055 557 1216 634 ήΠαναγία
1231 559 1332 636 Μερα-

58 681 130 760 λίτζα,
152 683 165 740 ὁ
187 683 264 759 ἅγιος
287 680 429 752 Νικόλαος
452 679 491 750 είς
514 680 548 738 τά
570 679 697 758 Καμπία,
720 682 737 754 ἡ
764 680 889 758 Ιίοιναγία
913 685 958 740 τού
982 681 1085 758 Μύρου,
1109 681 1124 738 ὁ
1147 681 1225 758 ἅγιος
1244 677 1333 738 Νικέ-

57 804 114 874 λιος
136 811 181 879 τῆς
202 805 303 878 Συκῆς,
335 804 364 860 τὸ
387 803 540 882 Καρυὸἀκι,
571 804 589 876 ή
612 797 705 882 Σάρρα
736 800 783 862 καί
814 801 853 874 εἰς
875 808 920 864 τοῦ
944 803 1077 880 Μουζικά,
1100 803 1118 876 ή
1143 798 1272 880 Παναγία
1294 797 1333 870 εἰς

57 927 83 982 τὰ
106 925 218 1000 θλιζινά,
250 925 265 984 ὁ
297 926 376 1003 ἅγιος
403 925 616 1003 Κωνσταντῖνος,
647 927 662 982 ὁ
693 925 771 1002 ἅγιος
795 922 924 1000 Ἰωάννης
953 925 968 982 ὁ
995 925 1186 1004 Χρυσὸστομος
1215 920 1255 993 εἰς
1284 921 1334 992 τὰς

57 1048 164 1126 Ἐλαίας,
186 1046 233 1106 καὶ
257 1047 307 1106 ὅσα
331 1047 408 1107 οἰλλα
431 1047 654 1126 ἐμπεριέχονται·
680 1047 718 1105 ἐτι
742 1047 773 1105 δὲ
795 1048 863 1126 πρὸς
885 1047 987 1118 τούτοις
1003 1045 1049 1105 καὶ
1066 1048 1146 1127 ἕτερα
1161 1046 1332 1122 ύποστατικά,

58 1168 182 1248 οἰκήματα,
207 1170 341 1248 ἀμπέλια,
364 1173 477 1247 κήπους,
492 1169 675 1250 χωραφιαίους
690 1173 798 1248 τόπους,
814 1171 1053 1250 περικλεισθέντας
1068 1173 1156 1229 πάντα
1171 1168 1262 1249 ὁρίοις.
1286 1165 1334 1227 ναὶ

58 1291 189 1367 ἐδεήθησαν
212 1291 236 1352 οἱ
262 1292 290 1350 ἐν
313 1294 379 1372 αύτῆ
402 1299 435 1373 τῆ
459 1291 595 1372 σεβασμίᾳ
618 1298 688 1372 μονῇ
712 1291 904 1366 ἐνασκούμενοι
930 1291 977 1351 καὶ
999 1293 1108 1371 προσέτι
1130 1289 1178 1350 καὶ
1199 1293 1335 1370 ἡμετέρου

57 1419 230 1492 ,τατρισρχικοὸ
253 1413 446 1491 σιγιλλιώὸους
469 1416 633 1494 γράμματος
654 1414 789 1492 ἐπιτυχεῖν
805 1412 845 1485 εἰς
862 1413 1008 1487 βεβαίωσιν
1024 1412 1217 1473 τῶντοιούτων
1233 1412 1279 1472 καὶ
1295 1413 1335 1486 εἰς

57 1536 159 1610 παντελῆ
182 1535 383 1613 ἀνενοχλησίαν
405 1534 452 1594 καὶ
476 1533 627 1614 ἀσφάλειαν
643 1534 690 1595 καὶ
707 1533 746 1606 εἰς
762 1537 955 1611 ἀνακαινισμὸν
970 1533 1023 1594 τών
1038 1537 1216 1614 παλαιγενῶν
1231 1557 1334 1616 χρυσο-

57 1657 165 1730 ,ὁούλλων
187 1679 217 1718 τε
240 1655 288 1718 καὶ
307 1663 509 1737 πατριαρχικών
530 1659 712 1738 γραμμάτων,
735 1652 773 1718 ὧν
790 1657 913 1733 εἴπομεν.
937 1657 1029 1717 τούτου
1044 1661 1124 1738 χάριν
1141 1656 1188 1717 καὶ
1203 1659 1221 1732 ή
1239 1680 1334 1738 μετρι-

58 1783 107 1852 ότης
133 1781 209 1855 ήμών
237 1777 429 1855 ἀποδεξαμένη
457 1781 506 1853 τῆν
534 1779 637 1853 αἴτησιν
665 1781 751 1838 αύτῶν
781 1778 896 1858 εὔλογον
924 1779 1004 1839 ούσαν
1032 1779 1079 1839 καὶ
1106 1775 1261 1867 ριήλὸθεον]
1288 1779 1334 1841 καὶ

22 1975 23 1980 ¹
57 1897 167 1986 ήίικαίαν]
198 1904 337 1982 εὐεργετεῖ
363 1900 410 1961 καὶ
439 1901 601 1982 έπιχορηγεῖ
632 1898 744 1987 [αὺτοῖς]
776 1901 952 1980 σιγιλλιώδες
983 1903 1066 1978 αύπῆς
1094 1905 1210 1983 γράμμα
1236 1901 1335 1984 γνώμη

22 1997 23 2056 3
56 2031 118 2104 κοινῆ
141 2024 275 2105 σινοὸικῄ,
298 2025 430 2103 παρόντος
452 2023 499 2082 καὶ
518 2028 564 2082 τοῡ
580 2025 731 2100 άγιωτάτου
747 2027 913 2104 πατριάρχου
930 2024 1139 2105 Ἱεροσολύμων,
1162 2029 1243 2104 κυρού
1259 2023 1334 2086 Θεο-

58 2148 145 2224 ρίνους,
166 2149 212 2206 τού
237 2146 266 2205 ἐν
289 2147 359 2224 ἁγίῳ
381 2147 512 2220 πνεύματι
534 2147 722 2206 ποθεινοτάταν
746 2147 866 2226 ἀδελφοῦ
888 2145 935 2206 καὶ
958 2145 1168 2226 συλλειτουργού
1188 2149 1276 2228 ἡμῶν,
1299 2147 1335 2206 ’δι’

58 2259 122 2346 οὗπερ
144 2269 303 2348 ἐπικυρούσα
324 2266 372 2326 καὶ
395 2267 586 2342 ἐπιβεβαιοῦσα
608 2265 642 2328 τά
663 2271 850 2348 προγεγονὸτα
868 2273 1018 2348 γράμματα
1033 2269 1228 2354 χρυσὸβουλλά
1243 2289 1273 2328 τε
1288 2269 1335 2330 καί

57 2391 219 2470 πατριαρχικά
242 2391 273 2448 ἐν
296 2389 367 2469 ἁγίῳ
388 2391 607 2469 παρακελεύεται
627 2391 769 2470 πνεύματι,
794 2387 923 2452 εἶναικαὶ
940 2393 1174 2471 εύρίσκεσθαιτῆν
1191 2390 1337 2473 εἰρημένην

59 2512 186 2586 πβασμίαν
210 2513 297 2588 μονήν
321 2511 464 2586 βασιλικὴν
487 2511 534 2573 καὶ
555 2513 753 2593 πατριαρχικῆν
776 2517 821 2572 τοῦ
845 2513 917 2573 ὁσίου
938 2511 984 2572 καί
1000 2515 1127 2594 θεορέρου
1142 2517 1243 2594 πατρὸς
1258 2517 1337 2593 ήμῶν

22 2643 23 2726 ᾗ
59 2635 134 2692 θουκᾶ
153 2639 198 2694 τού
213 2635 367 2712 Στηριώτου
390 2635 435 2693 σύν
457 2638 514 2706 τοῖς
538 2635 675 2712 μετοχίσις
699 2635 781 2712 αθτῆς
803 2633 850 2694 καὶ
871 2639 928 2707 τοῖς
943 2635 1026 2715 ὁρίοις
1040 2639 1097 2708 τοῖς
1112 2657 1141 2695 τε
1157 2641 1202 2695 νύν
1219 2633 1275 2696 ούσι
1290 2637 1337 2698 καὶ

22 2737 24 2814 ί
58 2757 100 2822 τοῖς
120 2758 261 2828 μετέπειτα
284 2756 425 2830 ἐσομένοις
446 2755 493 2815 καί
517 2756 587 2832 μετὰ
609 2754 716 2815 πάντων
739 2762 791 2816 τῶν
814 2759 983 2836 πραγμάτων
1006 2763 1121 2834 κινητῶν
1141 2757 1187 2817 καὶ
1203 2759 1337 2834 ἀκινήτων

22 2841 24 2904 ί
59 2873 93 2932 καὶ
118 2879 294 2953 αύτοκινήτων
323 2880 471 2954 αύτὸνομσν
499 2877 546 2938 καὶ
569 2879 774 2964 αὐτοὸέσποτον,
809 2879 965 2940 ἀδούλωτον
988 2879 1035 2940 καὶ
1058 2881 1267 2954 ἀκαταπάτητον
1290 2881 1337 2940 καὶ

60 2996 118 3069 Ξλως
137 3001 337 3080 ἀνεπηρέαστον
358 3000 406 3060 καὶ
429 3001 615 3078 ἀνενὸχλητον
639 3001 672 3060 ἐκ
692 3003 793 3072 παντὸς
815 3005 969 3081 προσώπου,
994 3001 1181 3077 ὁιοικουμένην
1197 2999 1244 3062 καί
1260 2999 1335 3074 διεξ-

62 3123 177 3198 προμένην
206 3123 283 3203 παρὰ
305 3129 358 3181 τών
388 3123 594 3197 ἐναοκουμένων
619 3123 647 3181 ἐν
671 3124 736 3204 αύτῆ
765 3123 954 3202 ίερομοναὶχων
981 3123 1027 3182 καὶ
1056 3129 1197 3202 μονοχών,
1231 3131 1285 3185 τών
1307 3146 1338 3183 τε

60 3248 93 3296 νῦν
112 3243 187 3304 ὄντων
210 3243 258 3304 καὶ
280 3249 334 3303 τών
358 3244 494 3318 ἐσομένων
518 3225 588 3318 μετά
610 3249 693 3303 ταῦτα
715 3245 852 3321 ὁιαὸέχων
869 3247 965 3322 αύτών,
988 3247 1126 3324 τηρεῖσθαι
1143 3245 1174 3304 ὁὲ
1189 3247 1238 3320 τῆν
1255 3247 1338 3305 ἐλευ-

61 3361 133 3440 θερίαν
153 3369 251 3441 ταύτης
275 3365 318 3425 ἀεὶ
339 3365 386 3426 καὶ
410 3365 448 3437 εἰς
472 3369 502 3426 τ“ο
526 3367 660 3445 διηνεκές,
685 3369 738 3438 ἕως
762 3361 792 3424 ού
811 3368 826 3424 ὁ
845 3367 926 3442 ῆλιος
943 3369 1036 3450 ἐφορᾷ,
1061 3367 1179 3444 μηδενὸς
1194 3371 1338 3450 προσώπου

62 3483 107 3543 οθτε
126 3489 278 3572 Ιἱερωμένου
306 3488 366 3549 οὔτε
393 3491 491 3549 λαϊκού
518 3494 536 3563 ή
564 3489 677 3550 καὶτοῦ
706 3489 776 3548 κατὰ
799 3491 879 3548 τύπον
904 3491 1056 3570 ἀρχιερέως
1078 3491 1264 3566 τολμήσοντος
1287 3491 1338 3570 ὀψέ

63 3626 113 3666 ποτε
134 3611 281 3692 ἐπηρεάσαι
303 3615 321 3685 ἢ
347 3613 498 3689 ἐνοχλῆσαι
521 3613 618 3687 ταύτην
641 3613 690 3685 τὴν
713 3613 798 3686 μονήν
821 3615 839 3685 ῆ
862 3611 895 3670 τά
919 3615 1034 3690 μετὸχια
1051 3615 1133 3689 αὐτῆς
1149 3612 1195 3673 καὶ
1211 3616 1338 3688 κτήματα

63 3731 124 3799 ἠτά
148 3735 205 3812 ὁρια
233 3735 321 3792 αύτῶν
344 3740 533 3808 καταπατῆσαι
556 3738 573 3808 ή
596 3734 815 3812 παρευοαλεύσαι
840 3733 867 3791 ἐν
891 3733 973 3817 ἀργίᾳ
995 3733 1177 3814 ἀσυγγνώστῳ
1200 3734 1246 3794 καὶ
1270 3737 1338 3814 ἀρο-

65 3851 132 3928 ριτμῷ
153 3857 242 3934 ἀλύτῳ
264 3855 312 3914 καί
335 3855 434 3934 αἰωνίῳ
457 3857 601 3936 ρρικωδώς
618 3857 814 3935 ἐκρωνουμένῳ
830 3855 903 3936 παρὰ
919 3861 968 3930 τῆς
983 3859 1062 3932 ἡμῶν
1079 3861 1253 3936 μετριότητος
1268 3858 1338 3917 κατά

65 3975 144 4046 παντὸς
169 3980 314 4057 προσώπου
344 3983 389 4037 τοῦ
417 3979 603 4054 τολμήσοντος
626 3980 779 4037 κακωτινιὸν
803 3981 820 4051 ῆ
845 3977 982 4057 βλαβεράν
1007 3973 1051 4062 [τι]
1077 3977 1245 4050 ἐνδείξασθαι
1268 3980 1340 4038 κατά

22 4175 23 4180 ¹
66 4098 102 4164 ῑθς
124 4106 201 4174 μονῆς
228 4101 327 4173 ταύτης
355 4099 476 4158 καὶτῶν
501 4101 635 4178 μετοχίων
660 4101 742 4175 αὐτῆς
765 4099 886 4158 καὶτῶν
910 4101 1036 4178 συνὸρων.
1075 4101 1176 4175 ὁμοίως
1198 4099 1243 4159 καὶ
1267 4103 1339 4171 ὁστις

66 4222 107 4272 τών
126 4219 324 4297 ἐνασκουμένων
347 4223 378 4281 ού
400 4222 523 4302 φροντίζῃ
544 4227 593 4298 τῆς
609 4222 741 4296 διαμονῆς
756 4219 802 4280 καί
819 4223 971 4292 συστάσεως
986 4226 1032 4280 τοῦ
1048 4223 1237 4302 μοναστηρίου,
1262 4221 1340 4282 ἀλλά

68 4333 159 4412 ἀμελῶς
185 4343 317 4403 διάκειται
345 4345 467 4422 μ.οναχὸς
496 4348 534 4404 ὢν
561 4347 578 4416 ῆ
607 4343 796 4422 ἱερομὸναχος,
831 4346 848 4416 ή
877 4341 924 4401 καὶ
952 4345 1031 4414 αὺτὸς
1059 4345 1076 4414 Ιὁ
1098 4345 1251 4423 ἡγούμενος
1280 4347 1340 4416 ταῖς

70 4457 142 4532 ἕντοῖς
164 4465 240 4546 ἀραῖς
268 4467 337 4524 ἔστω
364 4465 504 4537 ύπύὸικος·
544 4465 621 4524 ἀλλά
648 4464 695 4524 καὶ
718 4467 763 4524 ὅτε
786 4464 867 4543 χρεία
889 4464 1059 4544 χειροτονίας
1081 4467 1152 4537 τινὸς
1176 4465 1229 4544 ε’ίη,
1265 4466 1339 4543 ἔχειν

70 4577 143 4642 Ἰίὸκαν
155 4587 213 4658 τούς
228 4588 442 4663 ἐνασκουμένους
456 4589 680 4666 προσκαλεῖσθαι,
704 4589 733 4646 ὁν
749 4591 782 4646 ἂν
799 4586 915 4646 ἐθέλωσι
930 4594 982 4645 τών
998 4587 1148 4666 ἀρχιερέων
1164 4587 1209 4647 καί
1225 4583 1340 4672 [τούτου]

71 4697 171 4766 ἐκτελεῖν
192 4709 239 4782 τῆν
261 4707 431 4789 χειροτονίαν
454 4707 501 4769 καί
523 4711 557 4769 τά
579 4705 663 4769 λοιπὰ
686 4709 863 4788 ἀρχιερατικὰ
885 4703 971 4789 χωρὶς
986 4717 1035 4784 τῆς
1050 4715 1095 4772 τοῦ
1111 4709 1183 4788 ἱεροῦ
1199 4712 1339 4787 συνθρένου

1085 4828 1132 4879 10*
