3240 5286
1322 355 1386 422 295

78 551 179 630 γνώμῃ
204 553 423 631 κεκρατημένος.
472 550 567 623 ἐπειδὴ
597 549 627 609 δέ
650 551 699 622 πἠν
722 547 951 628 ὑπερβάλλουσαν
974 552 1089 625 ἀβυσσον
1111 559 1160 627 της
1184 551 1389 632 ἀνυπερβλήτου

78 673 272 748 χρηστότητος
296 670 343 731 καὶ
367 670 569 750 φιλανθρωπίας
593 672 672 730 αὺτοῦ
696 669 736 742 είς
757 672 832 746 ἡμᾶς
855 670 976 745 μάλιστα
998 671 1060 744 τοῦς
1082 673 1263 754 ἁμαρτωλοὺς
1279 672 1388 733 ἐπεδεί-

79 787 156 871 ξατο,
182 791 234 852 καί
255 791 320 853 λίαν
342 791 533 868 κηδεμονικιῶς
556 793 616 870 ἔχει
637 791 708 872 προξ
727 793 775 867 την
800 792 933 872 σωτηρίαν
955 795 1044 875 ἡμῶν,
1067 795 1160 866 καθὼς
1182 795 1261 874 λόγῳ
1278 791 1387 866 ἐδίδαξε

78 911 126 972 καί
150 915 250 994 ἔργοις
271 911 434 996 παρέδειξεν
457 915 472 972 δ
493 919 547 973 τῶν
571 914 645 974 ὅλων
669 915 758 994 σωτὴρ
780 912 828 973 καί
849 915 940 994 κῦριος
963 916 1042 990 ἡμῶν
1067 917 1171 992 Ἰησοῦς
1194 917 1319 998 Χριστός,
1343 915 1388 975 διά
1427 957 1430 962 -

78 1038 165 1094 ταῦτα
190 1033 233 1108 εἰς
263 1039 388 1096 τοσοῦτον
418 1036 485 1114 ῦψος
507 1034 554 1096 καί
585 1035 694 1116 ἀπειρον
726 1037 846 1114 μέγεθος
867 1041 917 1112 τῆς
940 1037 1143 1118 φιλανθρωπίας
1167 1039 1246 1098 αὺτοῦ
1270 1036 1386 1116 ἀφορῶν,

78 1154 125 1214 καί
149 1156 194 1227 εἰς
218 1161 310 1219 τοῦτον
328 1150 417 1232 ’μόνον
438 1159 484 1218 τόν
507 1159 578 1218 θεῖον
603 1158 682 1217 αὺτοῦ
705 1156 751 1216 καὶ
779 1159 909 1238 σωτήριον
932 1158 1018 1236 λόγον
1046 1159 1266 1241 ἐπερειδόμενος,
1294 1159 1386 1218 καθότι

79 1281 212 1338 τοσοῦτον
234 1281 363 1358 ἠγάπησε
385 1281 431 1340 τδν
454 1279 557 1354 κόσμον
580 1279 595 1338 δ
617 1279 688 1358 θεός,
713 1281 783 1339 ῶοτε
805 1281 850 1338 τόν
867 1285 1004 1358 μονογενῆ
1020 1279 1074 1340 υἱον
1092 1283 1170 1341 αάτοῦ
1185 1282 1231 1340 τον
1247 1280 1386 1360 ἀγαπητόν

79 1399 182 1478 λίτρον
211 1400 277 1480 ῦπέρ
304 1403 385 1478 ἡμῶν
412 1399 519 1460 δέδωκε
540 1405 594 1460 τῶν
622 1400 805 1480 ἁμαρτωλῶν,
836 1400 880 1460 ἵνα
901 1405 956 1472 παῖς
979 1402 992 1460 δ
1015 1403 1145 1462 πιστεύων
1170 1400 1209 1474 είς
1231 1402 1311 1462 αἴνεον
1334 1403 1387 1483 ἔχῃ

82 1521 156 1594 ζωὴν
183 1519 303 1601 αίῶνιον,
333 1522 362 1582 ἐν
384 1523 469 1601 τούτῳ
492 1519 538 1581 καί
562 1523 642 1594 αὐτος
664 1522 712 1598 τὴν
736 1521 836 1582 ἐλπιδα
860 1541 911 1597 μου
933 1528 1022 1582 πεῖσαν
1046 1507 1190 1604 ἀνατιθείς,
1214 1523 1264 1583 οῦκ
1286 1523 1384 1602 ἀπογι-

79 1637 182 1702 νῶσκω
206 1644 254 1719 τἠν
287 1643 421 1722 σωτηρίαν
449 1665 511 1723 μου,
542 1641 623 1716 εἰδὼς
645 1643 775 1723 ἀκριβῶς,
807 1645 845 1703 δτι
871 1644 994 1719 μείζονος
1017 1644 1167 1721 καταδίκης
1189 1645 1387 1725 πεπείραταιδ

80 1762 292 1844 ἀπογινώσκων,
316 1762 364 1824 καὶ
385 1768 437 1845 ’πῦρ
459 1763 531 1824 κατὰ
552 1769 602 1840 τῆς
626 1765 720 1824 ἑαυτοῦ
735 1763 861 1842 κεφαλῆς
879 1764 1035 1844 ἐπανοίππει,
1058 1765 1183 1840 τοιαῦτ-ην
1198 1766 1268 1842 ῦλην
1285 1766 1387 1826 ἐπισω-

81 1885 169 1962 ρεῦων
203 1885 421 1962 ἀπονενοημένου
451 1885 599 1964 λογισμοῦ·
631 1887 661 1946 οῦ
689 1885 742 1964 γάρ
767 1886 837 1946 ἐστιν
868 1885 965 1946 οθδένα
977 1882 999 1969 ¹)
1022 1891 1076 1946 τῶν
1106 1888 1230 1946 ἀπάντων
1262 1888 1387 1966 ἐκφυγεῖν

81 2007 126 2064 τον
150 2000 185 2068 οῦ
214 2010 323 2068 πάντων
344 2009 363 2083 ἠ
385 2007 455 2083 πνοὴ
480 2007 509 2066 ἐν
531 2007 613 2088 χειρί,
643 2009 751 2066 πάντων
775 2007 805 2067 δὲ
836 2002 1022 2088 φοβερώτερόν
1045 2007 1144 2068 τεκαὶ
1175 2009 1385 2090 δυστυχέστερον

84 2128 114 2186 το
138 2127 271 2203 ἐμπεσεῖν
294 2126 334 2200 είς
356 2131 454 2208 χεῖρας
477 2129 539 2188 θεοῦ
562 2129 664 2199 ζῶντος
685 2131 753 2206 τινιί,
777 2129 815 2198 ὡς
839 2128 872 2188 ἐκ
895 2129 1039 2209 διαμέτρου
1061 2135 1111 2205 τῆς
1134 2127 1173 2200 εἰς
1195 2130 1257 2190 θεον
1275 2127 1387 2201 ἐλπίδος

82 2247 205 2326 καὶτῆς
228 2249 351 2310 ἐντεῦθεν
374 2249 508 2330 σωτηρίας
531 2251 688 2328 γενόμενον.
721 2244 758 2308 ῶν
781 2247 982 2308 ἁπάντωντῶν
1005 2249 1054 2322 τὰς
1076 2249 1193 2323 ἐλπίδας
1207 2253 1286 2330 λόγῳ
1302 2251 1385 2326 σβεν-

82 2371 186 2431 νίντων
208 2372 353 2450 λογισμῶν
376 2371 506 2451 ἀνώτεροι
529 2369 576 2430 καί
598 2372 680 2444 ἡμεῖς
701 2368 748 2429 καὶ
771 2367 855 2453 όσαί)
878 2376 927 2446 τῆς
950 2377 1000 2446 σῆς
1015 2371 1109 2452 χειρος
1123 2369 1170 2430 καί
1185 2367 1302 2444 πίστεως
1318 2373 1387 2452 ἔργα

83 2491 272 2573 καθίστανται,
303 2493 543 2574 συντηρηθείημεν,
577 2487 794 2572 ὦπανταρχικὴ
817 2489 864 2552 καὶ
888 2493 1014 2567 ομοοῦσιε
1037 2493 1132 2574 Τριάς,
1164 2493 1193 2564 ἐς
1216 2493 1268 2555 ἀεί.
1314 2495 1386 2555 ταῦτ’

84 2609 128 2673 οῦν
160 2613 283 2688 βεβαίως
304 2613 351 2674 καί
381 2614 494 2690 ἀληθῶς
524 2611 767 2692 ἀναλογιζόμενος,
798 2611 845 2672 καί
867 2613 916 2686 τὰς
936 2610 1145 2690 ιδιαθεξομένας
1170 2615 1274 2675 ἐκεῖθεν
1297 2613 1387 2694 λογο-

82 2731 175 2806 ποιίας
206 2734 246 2808 είς
275 2740 336 2794 νοῦν
365 2735 428 2794 καθ’
442 2735 559 2809 ἐκιίστην
589 2733 778 2810 βαλλόμενος,
809 2732 857 2792 καί
886 2735 916 2793 το
939 2740 988 2810 τῆς
1012 2734 1091 2810 δίκης
1115 2735 1229 2814 ἀφυκτον
1253 2736 1387 2813 διηνεκῶς

84 2856 277 2937 λογιζόμενος,
303 2854 342 2928 είς
365 2856 494 2935 ἐργασίαν
516 2857 588 2927 τινος
612 2855 819 2936 ἔργουάγαθοῦ
841 2856 1033 2936 προεθυμήθην
1058 2855 1158 2917 ἐλθεῖν.
1196 2858 1263 2938 προς
1288 2858 1386 2937 εῦαρέ-

86 2997 175 3053 πησιν
200 2977 299 3058 μικράν
321 2981 387 3058 γοῦν
409 2973 468 3037 τινὰ
490 2981 537 3038 τοῦ
559 2976 697 3049 πλουσίως
721 2977 761 3057 ἐφ’
774 2979 849 3053 τ’,μοῖς
873 2977 1019 3056 ἐκχέοντος
1042 2977 1087 3037 τδν
1111 2977 1191 3037 α’ντοῦ
1216 2977 1306 3056 ἔλεον,
1339 2976 1386 3038 καὶ

86 3098 137 3158 ἀπο
158 3105 210 3175 τῆς
232 3100 409 3178 ίνπηργμένης
432 3121 478 3174 μοι
501 3101 624 3173 κτησεως
646 3099 718 3158 κατὰ
739 3100 788 3174 την
809 3098 967 3160 τοποθεσίαν
983 3104 1032 3175 τῆς
1049 3099 1216 3180 Ῥαιδεστοῦ,
1239 3097 1277 3178 τῷ
1293 3098 1387 3177 ἀφάτῳ

86 3219 161 3281 ἐλέει
184 3221 265 3280 αῦτοῦ
293 3218 471 3296 οίκονομῆσαί
493 3241 517 3279 τι
541 3219 669 3298 δεόντως,
700 3219 747 3280 καί
770 3219 808 3292 ὡς
831 3218 903 3298 αὐτῷ
932 3220 1042 3300 ἀρεστόν
1065 3218 1165 3280 τεκαὶ
1193 3219 1385 3299 εῖναπδδεκτον,

85 3343 274 3422 πεπεισμένος,
305 3344 344 3402 δτι
375 3341 473 3421 μινρδιν
505 3341 629 3422 ἀφορμὴν
649 3331 753 3416 ’λαβῆς
775 3341 839 3422 παρ’
852 3341 931 3416 ἡμῶν
955 3343 1064 3418 ἐκζητεῖ
1086 3343 1100 3400 ό
1121 3341 1386 3420 πολυεῦσπλαγχνος

85 3463 129 3522 καὶ
150 3463 381 3544 πανυπεφαίγαθος
402 3464 481 3538 ἡμῶν
505 3464 578 3543 θεὸς,
601 3463 645 3521 ἵνα
667 3464 716 3538 τὴν
740 3463 808 3536 όλην
832 3464 911 3523 αθτοῦ
934 3466 1107 3542 χρηστότητα
1121 3463 1168 3524 καὶ
1184 3463 1385 3544 φιλανθρωπίαν

86 3583 124 3658 είς
145 3587 223 3663 ἡμᾶς
246 3582 414 3661 ἐπιδείξηται
436 3584 498 3657 τοῦς
521 3584 718 3664 ἁμαρτωλοὺς·
742 3584 839 3644 πολλὰ
861 3585 914 3664 γὰρ
937 3585 1002 3660 ἡμῖν
1025 3585 1059 3644 τά
1082 3584 1175 3664 ἀγαθὰ
1198 3584 1385 3664 ἐπηγγείλατο

85 3706 150 3788 ὑπὲρ
181 3707 282 3783 ποιότης
313 3708 398 3782 μόνης
424 3711 474 3782 τῆς
498 3707 568 3766 πάνυ
601 3705 722 3784 ἐλαφρᾶς
753 3707 832 3764 αὺτοῦ
863 3705 988 3785 ἐντολῆς,
1019 3702 1052 3764 ἵν’
1068 3705 1100 3766 ἐκ
1125 3710 1179 3766 τῶν
1207 3705 1317 3783 ἀγαθῶν
1347 3700 1385 3766 ὢν

86 3829 198 3910 ἔχομεν,
229 3829 339 3904 μᾶλλον
363 3826 394 3887 δέ
416 3832 471 3886 τῶν
495 3827 600 3886 ἐκείνου
623 3823 714 3908 (οὐδὲν
737 3825 790 3906 γὰρ
813 3823 913 3885 οἰκεῖον
935 3828 1012 3906 ἡμῖν,
1044 3828 1083 3886 δτι
1105 3824 1152 3886 καί
1174 3827 1205 3885 το
1229 3821 1299 3886 εἶναι
1320 3826 1385 3902 ἡμῖν

87 3951 117 4010 ἐκ
136 3949 224 4032 θεοῦ),
247 3949 416 4030 παρέχωμεν
431 3950 488 4021 τοῖς
505 3947 691 4022 ἐπιδεομένοις
706 3945 800 4022 ἡμῶν·
823 3946 863 4018 τίς
879 3946 932 4027 γὰρ
950 3947 1028 4018 ἐκτος
1044 3953 1092 4022 τῆς
1109 3945 1213 4007 ἐκείνου
1229 3947 1384 4028 φιλανθρω-

84 4072 146 4144 πίας
173 4071 293 4132 τοιοῦτόν
318 4091 343 4130 τι
366 4067 550 4148 προσεδέξατο
579 4069 665 4148 δῶρον
694 4067 739 4128 καὶ
763 4064 926 4147 ἀπεδέξατο,
957 4068 1001 4126 ἵνα
1022 4068 1056 4126 τὰ
1082 4068 1146 4148 παρ’
1161 4069 1255 4128 ἑαυτοῦ
1277 4066 1324 4128 καί
1346 4063 1384 4128 ὧν

86 4188 125 4278 [ἡ]
148 4197 247 4274 χρῆσις
270 4193 339 4267 μόνη
365 4185 603 4275 [παραχωρεῖται],
628 4191 665 4266 μὴ
690 4189 762 4249 δοσιν
784 4189 888 4249 ἐκείνου
910 4184 980 4274 [καί]
995 4192 1075 4270 χάριν
1090 4189 1222 4268 ἡγῆταιθ)
1238 4187 1284 4248 καὶ
1298 4207 1384 4269 προσ-

87 4315 197 4393 αγωγὴν
228 4311 393 4392 ἀλλοτρίαις
425 4311 508 4383 δντως
539 4311 640 4382 οῦδείς·
672 4313 738 4370 ὅπου
768 4331 802 4387 γε
832 4307 878 4368 καὶ
908 4309 1064 4390 ἀλλοτρίων
1092 4308 1292 4390 εἰσφερομένων
1319 4311 1384 4386 ἡμῖν

86 4489 291 4498 —-——-—-—·-

188 4601 207 4667 ¹)
226 4596 296 4650 οὐδέν
315 4599 341 4648 S.
412 4599 432 4663 ²)
452 4597 492 4647 καὶ
510 4592 568 4661 ῦσης
588 4598 626 4648 S.:
650 4597 725 4647 loeus
744 4601 891 4662 corruptus.
964 4595 984 4661 ³)
1003 4593 1042 4645 καὶ
1062 4586 1096 4644 ὧν
1114 4613 1155 4664 χρ.
1176 4592 1235 4664 μόνη
1255 4596 1296 4643 καί
1315 4593 1383 4652 θόοις

86 4695 171 4747 ἐκείνου
189 4694 263 4765 χάριν
281 4693 374 4761 ἡγεῖται
392 4693 418 4743 S.
