3194 5298
254 345 316 409 156

252 543 348 616 ἑαυτὴν
357 541 380 617 ¹)
404 541 521 601 ἐκαίνισε
543 543 662 618 πάντως,
686 541 774 620 ἀρχὴν
798 541 866 599 σύτω
889 541 1011 614 λαβόντα
1033 541 1186 616 καλλίστην
1209 543 1275 621 προς
1297 544 1342 601 τὀν
1367 539 1435 618 έξης
1460 544 1555 601 ἔπειτα

251 667 350 744 χρόνον
374 661 504 745 ἐνεργῆῖ)
528 662 694 722 δείκνυσθαι
724 662 793 722 ούτω
815 663 887 722 πολύ
909 665 1042 723 πάντοθεν
1067 664 1126 741 ἔχει
1148 665 1179 722 τ“ο
1202 665 1295 724 πεῖθον
1318 665 1384 740 αύιη
1409 664 1460 723 καὶ
1486 685 1554 723 κατ-

252 787 405 865 αναγκάζον
429 784 560 862 εὔλογον·
582 787 613 843 τύ
635 785 689 862 γὰρ
713 785 746 858 δὴ
769 784 841 843 κατὰ
862 785 911 859 τὴν
932 785 1141 860 Πελοπόννησον
1161 782 1330 865 περιώνυμον
1352 786 1416 846 ἄστυ
1433 787 1555 860 Μονεμ-

252 908 349 984 βασίας
376 901 433 968 ἐστί
459 907 510 982 μὲν
538 909 576 979 ὡς
604 907 717 982 ἀληθῶς
743 912 796 966 τῶν
824 909 885 967 κατ’
898 909 980 982 αὐτὴν
1009 907 1042 982 δὴ
1070 910 1178 968 πάντων
1187 906 1212 992 '¹)
1241 908 1339 988 μακρῷ
1360 911 1488 989 προέχον
1511 909 1557 968 καὶ

251 1031 284 1090 τὰ
306 1035 401 1111 πρῶτα
423 1029 457 1105 δὴ
481 1037 573 1108 σαφῶς
596 1032 721 1089 ἁπάντων
743 1033 901 1110 φερόμενον,
926 1033 964 1102 ὡς
987 1031 1094 1106 μηθένα
1117 1029 1213 1106 μηδενί
1236 1037 1288 1090 τῶν
1304 1032 1388 1111 ταύτῃ
1403 1053 1438 1110 γε
1457 1031 1556 1090 α’λλων

251 1149 329 1234 άλλη
355 1155 462 1212 πάντων
489 1154 576 1227 πάντη
603 1150 761 1211 καλλίστων
791 1150 930 1226 ἐπιδήλως
959 1151 1112 1232 ἐναρίθμιον
1139 1151 1186 1212 καὶ
1210 1153 1248 1230 μὴ
1271 1151 1386 1212 πολλῶν
1409 1153 1556 1212 λείπεσθαι

253 1272 456 1356 ξυγχωροῦνί)
488 1275 549 1333 νέον
573 1274 624 1348 μὲν
649 1273 775 1344 ἐπιεικῶς
797 1274 885 1348 ὄνομα
906 1271 954 1332 καὶ
975 1274 1061 1345 κλέος
1083 1273 1129 1334 καὶ
1152 1275 1182 1334 σύ
1203 1275 1342 1354 πόρρωθεν
1365 1283 1419 1334 τῶν
1443 1275 1556 1335 άπισθεν

252 1399 360 1478 χρόνων
382 1391 459 1474 ἧκον,
484 1394 581 1475 μυρίας
603 1393 635 1454 δὲ
657 1397 733 1470 ὅμως
755 1393 803 1454 καὶ
824 1398 984 1470 παμμήκεις
1006 1395 1056 1466 τὰς
1079 1393 1243 1476 εθρημίαςῧ)
1259 1395 1306 1455 καὶ
1321 1401 1466 1475 πανταχοῦ
1481 1418 1555 1470 πομ-

253 1523 346 1598 πεύον,
370 1520 408 1590 ὡς
431 1517 457 1577 εἴ
470 1539 493 1577 τι
502 1515 526 1599 ¹’)
549 1515 595 1576 καί
619 1517 693 1577 ἄλλο
715 1523 768 1576 τῶν
793 1516 927 1596 ἐπιφανῶν
951 1515 997 1576 καὶ
1019 1515 1169 1598 περιθύξων
1192 1517 1309 1593 ἀκούειν,
1335 1519 1385 1578 ούκ
1408 1517 1453 1578 ἐπὶ
1470 1521 1556 1594 μάνης

252 1647 302 1718 τῆς
326 1640 471 1716 βασιλικῆς
494 1637 645 1718 ἡγεμονίας
667 1645 716 1714 της
737 1641 885 1718 ἡμετέρας,
909 1637 1054 1698 ἀλλὰκαὶ
1078 1639 1179 1717 σχεδον
1202 1645 1252 1716 τῆς
1268 1639 1420 1720 ἀλλοτρίας
1436 1641 1554 1716 ἀπάσης.

253 1761 300 1824 καὶ
323 1763 376 1843 γὰρ
400 1762 434 1838 δὴ
457 1765 491 1822 τά
513 1783 543 1821 τε
566 1761 644 1822 ἀλλα
665 1763 763 1835 κοσμεῖ
784 1761 815 1820 το
839 1762 911 1832 οίσπυ,
936 1759 981 1819 καί
1002 1762 1105 1834 θέσεως
1121 1761 1243 1842 εὐκαιρία
1257 1759 1303 1821 καί
1318 1765 1386 1842 πρὶς
1402 1763 1556 1842 ἀσφάλειαν

254 1886 400 1966 ἐρυμνέτης
428 1881 475 1944 καί
501 1884 607 1959 πλῆθος
631 1883 752 1958 μάλιστα
775 1881 922 1962 οἰκητόρων
945 1879 992 1941 καὶ
1014 1883 1171 1958 πολυολβία
1193 1881 1240 1943 καί
1262 1884 1404 1957 πολιτείας
1427 1886 1557 1964 εὐγένεια

253 2007 299 2068 καὶ
322 2012 428 2084 τεχνῶν
452 2002 581 2080 ἀσκήσεις
602 2003 649 2064 καὶ
673 2005 776 2084 ἀγοράς
799 2003 930 2081 δαψίλεια
951 2006 1058 2064 πάντων
1080 2011 1163 2085 πάσα,
1188 2007 1411 2087 εύεμπορώτατύν
1430 2029 1463 2066 τε
1482 2005 1507 2066 εί
1524 2007 1554 2080 θη

253 2151 280 2190 τι
306 2127 353 2188 καὶ
382 2129 455 2189 άλλο
483 2129 603 2204 μάλιστα
629 2127 697 2207 προς
724 2129 829 2185 ἅπαντα
854 2127 941 2186 πλοῦν
963 2125 1009 2186 καὶ
1032 2127 1172 2203 θαλάσσης
1196 2129 1300 2188 ἃπαντα
1323 2131 1393 2208 μέρη
1416 2131 1555 2205 θέσεωςῖ]

254 2249 283 2312 εὖ
307 2252 386 2328 έχον·
421 2249 469 2311 καὶ
490 2249 576 2310 τοίνυν
598 2249 669 2309 πολύ
693 2250 790 2307 ποτῶν
806 2247 948 2308 οἰκούντων
967 2249 1081 2308 ἐνταῦθα
1097 2249 1260 2310 ἱκανύπλοον
1276 2250 1323 2310 καί
1339 2252 1554 2332 θαλαττουργὲν,

254 2372 448 2453 ρωμαλαιέτης
473 2370 571 2432 τεκαὶ
595 2374 719 2450 φρόνημα
743 2370 883 2449 δραστικύν
905 2391 935 2430 τε
958 2369 1004 2431 καί
1027 2371 1180 2451 ἐμπροίκιον
1201 2371 1247 2432 καὶ
1271 2371 1313 2455 (το
1334 2373 1487 2434 κάλλιστον
1503 2381 1555 2432 τῶν

254 2493 365 2578 ἄλλων)
389 2495 549 2570 μάλισταὴ
572 2497 639 2574 προς
661 2493 710 2567 τὴν
733 2492 876 2566 βασιλείαν
900 2515 951 2568 μου
975 2494 1086 2574 ἐνεργός
1108 2515 1138 2553 τε
1160 2493 1207 2553 καὶ
1231 2495 1362 2574 ἄτρεπτος
1385 2499 1554 2556 παντάπασιν

254 2614 344 2677 εύνοια
373 2614 419 2676 καί
446 2618 553 2695 ήπρύς
579 2617 610 2674 τύ
636 2617 717 2692 γένος
741 2615 861 2694 άναρορά
884 2635 914 2674 τε
937 2613 984 2674 καὶ
1006 2615 1133 2675 κοινωνία
1155 2619 1262 2676 πάντων
1285 2616 1429 2690 ἀνάλωτος
1451 2625 1553 2697 καιρῶν

253 2759 284 2798 τε
306 2737 352 2798 καὶ
374 2741 553 2818 πραγμάτων,
579 2735 607 2797 εύ
629 2757 659 2796 τε
682 2734 728 2796 καὶ
751 2737 850 2808 άλλως
874 2737 1003 2815 ἐχόντων,
1028 2737 1056 2798 ἐν
1078 2737 1197 2810 πολλοῖς
1218 2737 1272 2814 ἤδη
1288 2745 1341 2798 τῶν
1356 2741 1552 2819 προλαβόντων

253 2864 359 2942 χρόνων
382 2862 430 2936 τὴν
453 2863 549 2939 πεῖραν
573 2859 656 2919 δοῦσα
678 2858 725 2918 καὶ
747 2861 777 2919 τύ
799 2861 890 2920 πιοτον
914 2857 1042 2932 καθάπαξ
1066 2861 1186 2920 άσειστσν
1211 2861 1373 2940 ἐγγυωμένη
1384 2861 1420 2946 ¹),
1449 2861 1499 2924 καὶ
1521 2863 1552 2921 τὰ

254 2983 304 3059 μέν
325 2987 372 3043 τοῦ
389 2984 496 3082 άστεοςγ
519 2983 557 3055 ὡς
579 2982 607 3041 ἐν
623 2982 737 3062 ὀλίγοις,
762 2983 840 3062 ούτω,
865 2982 988 3061 φεύγοντι
1009 2980 1048 3060 τῷ
1064 2983 1143 3062 λόγῳ
1158 2985 1189 3042 τύ
1205 2989 1304 3060 μῆκος.
1328 2981 1550 3066 ξυλλαγχάνειθ]

255 3107 280 3166 δ’
294 3107 332 3166 ἔτι
360 3103 407 3165 καὶ
433 3109 511 3166 τοῦτο
539 3109 583 3164 νῦν
606 3099 676 3164 εἶναι
703 3107 851 3180 θαυμάσιον
875 3099 940 3182 οἷον,
971 3107 1009 3164 &tt
1036 3111 1085 3180 τῆς
1107 3107 1168 3164 κατ’
1182 3107 1245 3165 αθιύ
1267 3109 1376 3179 πάντως
1400 3109 1551 3186 ἁγιωτάτης

256 3228 407 3304 ἐκκλησίας
415 3227 453 3309 ¹⁰)
476 3227 624 3303 ποιμὴνίί)
647 3227 746 3308 ἀρτίως
767 3229 845 3288 πάντ’
859 3227 975 3309 ἄριστος,
999 3229 1085 3298 πολύς
1108 3232 1164 3301 τοῖς
1187 3229 1257 3288 κατὰ
1280 3231 1341 3289 θεον
1358 3231 1391 3289 ἐκ
1406 3232 1469 3290 νέου
1484 3234 1549 3290 πάνυ

252 3373 292 3410 τοι
317 3350 363 3412 καί
387 3349 426 3422 εἰς
448 3356 537 3432 γῆρας
559 3351 613 3426 ἤδη
638 3349 753 3434 βαθθίθ)
775 3353 862 3428 τοῦτο,
886 3355 930 3408 νῦν
953 3351 1007 3427 ἤδη
1031 3353 1165 3426 καμάτοις
1181 3351 1385 3434 ἐγκαρτερήσας
1400 3351 1449 3412 καὶ
1464 3374 1549 3413 κατα-

254 3475 463 3548 κεκοσμημένος
480 3471 519 3544 εἱς
536 3469 618 3552 άκρον
634 3479 683 3548 της
699 3475 833 3552 μονήρους
844 3473 878 3548 ¹³)
895 3475 977 3547 αύτῆς
994 3474 1096 3552 βιοτῆς,
1120 3473 1260 3554 ἀτρέπτως
1276 3473 1315 3546 είς
1325 3472 1361 3556 ¹¹)
1377 3481 1489 3536 τοσοῦτο
1505 3482 1550 3549 τῆς

255 3593 286 3667 ἐξ
308 3596 397 3676 ἀρχῆς
421 3595 571 3667 ἐνστάσεως
593 3593 640 3653 καί
661 3592 828 3654 παντάπασιν
852 3593 1012 3673 οἰνενέέτως,
1035 3594 1081 3656 καὶ
1105 3599 1195 3674 ὥσπερ
1219 3596 1245 3655 εί
1261 3618 1301 3668 τις
1317 3599 1378 3669 νέος
1393 3598 1548 3678 θερμιῦςίῦ)

254 3719 373 3792 ἅπτοιτο,
400 3715 447 3776 καί
474 3717 512 3792 μὴ
540 3717 613 3796 παρὰ
638 3722 748 3776 τοσοῦτο
771 3719 912 3798 προκύψας
933 3739 956 3777 τι
985 3717 1032 3778 καί
1053 3719 1212 3798 προηνυκὼς
1234 3717 1281 3778 καὶ
1305 3720 1354 3794 μέν
1367 3721 1401 3796 ¹¹¹)
1425 3721 1549 3781 πλεῖστον

253 3842 314 3900 ὅσον
346 3839 396 3898 ύπθ
426 3844 475 3913 τῆς
506 3840 574 3899 ούτω
603 3839 711 3918 χρονίου
741 3839 788 3899 καί
817 3842 965 3911 πολυετοῦς
994 3839 1041 3899 καὶ
1070 3835 1158 3914 βιαίου
1185 3839 1287 3920 σφόδρα
1314 3841 1384 3900 κατὰ
1412 3845 1458 3902 τὀν
1481 3845 1548 3904 θεῖον

255 4017 287 4022 --
293 4014 461 4022 ...ι---

359 4136 378 4202 ¹)
392 4133 475 4200 ἑαυτῆς
488 4135 515 4185 Ζ.
588 4137 608 4200 ²)
623 4133 658 4200 ἐφ’
671 4135 754 4200 ἑαυτῆς
774 4135 894 4202 κεκίνηκεν
914 4133 940 4185 ἂν
954 4137 968 4200 ἢ
983 4155 1007 4205 μ.
1023 4134 1129 4204 ἐναργῶς
1143 4135 1174 4185 δι’
1186 4135 1270 4201 ἑαυτῆς
1285 4138 1314 4188 Β.
1386 4138 1407 4204 ³)
1422 4137 1510 4202 ταύτην
1522 4141 1546 4188 Β,

252 4235 274 4296 ¹)
294 4233 342 4282 τῶν
361 4229 434 4300 ταύτῃ
454 4249 481 4299 γε
500 4225 584 4280 ἄλλων
603 4229 725 4281 λείπεσθαι
744 4230 762 4290 ξ,
783 4234 812 4284 Z.
825 4233 930 4298 reliqua
948 4235 1045 4283 omisit.
1118 4234 1142 4296 ⁵)
1158 4232 1270 4300 δεόμενον
1289 4231 1328 4281 καί
1346 4233 1492 4300 παμμήκους
1512 4237 1546 4296 τῆς

253 4327 303 4395 εύρ.
328 4328 368 4380 Pl.
388 4329 418 4378 B.
490 4327 511 4392 ¹)
531 4325 567 4392 ε’ίη
592 4330 621 4378 Β.
695 4329 714 4392 ¹)
734 4326 787 4386 θέσις
812 4331 840 4378 B.
913 4330 933 4394 ¹¹)
954 4326 1057 4395 καθάπερ
1081 4324 1168 4378 ἀ’λλοτε
1188 4327 1328 4397 ἐγνωσμίνη
1348 4331 1375 4380 Ζ.
1395 4331 1425 4380 R.
1446 4327 1546 4384 καθάπαξ

251 4421 359 4492 ἀσφαλές
379 4421 527 4492 ἐγγυουμένη
541 4425 570 4473 Β.
643 4425 663 4488 ¹¹)
683 4421 881 4492 Ευλλαγχάνσντα
899 4425 969 4473 τοῦτο
982 4425 1012 4474 B.
1085 4424 1115 4489 ¹¹¹)
1135 4427 1162 4493 τῇ
1178 4464 1183 4474 .
1197 4465 1223 4476 ..
1243 4421 1365 4492 ἁγιωτάτῃ
1380 4421 1497 4491 ἐκκλησίᾳ
1511 4424 1546 4476 Pl.

253 4521 284 4585 ¹¹)
304 4521 378 4571 deest
390 4521 418 4570 Z.
431 4519 462 4570 R.
536 4521 566 4585 ¹¹)
587 4518 609 4578 ἐς
626 4523 702 4586 γῆρας
720 4519 749 4583 ηδ
832 4521 905 4572 m).
923 4517 1011 4582 ἤθηίύ.
1086 4521 1116 4587 ¹¹)
1137 4518 1255 4588 μακαρίας
1275 4523 1302 4571 Ζ.
1322 4521 1353 4570 R.
1373 4522 1403 4571 B.
1479 4523 1510 4588 ¹¹)
1528 4519 1546 4576 ἐς

251 4618 278 4666 Z.
351 4615 381 4681 ¹⁵)
404 4609 458 4678 νηθς
486 4613 550 4682 ἱερᾶς
579 4616 653 4666 addit
676 4617 705 4665 B.
779 4616 809 4680 ¹¹)
834 4615 872 4664 καὶ
897 4613 929 4683 μὴ
959 4615 1023 4682 παρὰ
1047 4615 1085 4664 καί
1111 4613 1156 4684 μὴν
1181 4615 1294 4666 πλεῖστον
1318 4619 1348 4668 R.
1374 4619 1402 4669 Z.
1428 4617 1469 4667 καὶ

255 4707 388 4780 παράδοξον
407 4713 437 4762 B.
