3222 5284
1311 365 1374 430 379

66 561 101 618 τέ
125 559 193 640 περὶ
216 561 310 620 τοῦτου
332 561 573 640 κατασραλίζεται.
601 559 669 620 ἀλλ’
683 557 727 620 οῦν
744 559 788 619 ἐπὶ
803 559 842 640 τῷ
865 561 985 643 διαιρέτῃ
1010 561 1159 641 ἐγχορῆγῳ
1182 561 1267 638 τοίχῳ
1282 566 1331 635 τῆς
1345 579 1375 618 τε

67 679 124 754 ἐξω
160 683 252 759 αῦλῆς
279 679 326 742 καὶ
348 685 394 742 τοῦ
416 687 466 759 τῆς
496 688 583 758 μονῆς
611 681 770 760 περιβολίου
800 680 939 758 οἰκήματά
961 685 1060 758 τιναῆ
1090 683 1374 763 προσκολληθῆναιῆ

67 805 328 881 ἐποικοδομηθῆναι
359 804 429 880 μετὰ
451 803 500 880 τῆν
521 807 571 879 τῆς
600 803 744 880 βασιλείας
768 825 820 880 μου
844 804 876 864 ἐκ
897 809 943 866 τοῦ
973 807 1107 885 παρόντος
1131 803 1190 878 βίου
1214 805 1375 879 μετάστασιν

67 929 85 1002 ῆ
111 925 192 988 σῖλλο
215 947 240 986 τι
262 927 458 1006 νεαυργηθῆναι
480 928 511 986 τό
534 925 637 987 οἱονοῦν
661 926 892 1007 ἐκκεχωρημένον
917 928 1001 1009 ἐσται,
1031 925 1186 988 παντάπασι
1210 927 1241 988 δέ
1264 927 1375 1003 μᾶλλον

67 1049 280 1128 κεκωλυμένον,
300 1050 344 1121 ,ὡς
365 1047 412 1109 καὶ
434 1050 480 1108 τ’σν
503 1052 622 1110 τοιοῦτον
645 1053 737 1128 τοῖχον
761 1048 805 1109 ἐπὶ
827 1053 873 1110 τοῦ
896 1052 1041 1128 σχήματος
1063 1055 1109 1111 τοῦ
1132 1050 1214 1110 αθτοῦ
1237 1049 1375 1124 διαμένειν

67 1177 119 1246 τῆς
146 1169 294 1246 βασιλείας
316 1191 368 1247 μου
396 1170 567 1248 βουλομένης
589 1169 636 1231 καί
660 1170 704 1230 ἐπὶ
726 1177 776 1248 τῆς
799 1173 883 1249 αθιῆς
905 1175 1109 1248 καταστάσεως,
1140 1175 1174 1248 ῆν
1197 1175 1230 1232 ἂν
1254 1171 1375 1250 εὑρεθείη

68 1300 101 1374 τῇ
126 1295 224 1377 ῆμέρᾳ
245 1299 294 1370 τῆς
321 1295 389 1376 πρός
416 1295 479 1354 θεόν
508 1294 591 1371 α’πῆς
620 1292 756 1370 ἐκδημίας
783 1295 866 1375 ἔχων,
899 1293 946 1355 καὶ
974 1295 1041 1372 μηδ’
1057 1295 1199 1355 ὁποιανοῦν
1227 1293 1376 1354 ἀλλοίωσιν

69 1415 225 1490 ότεδῆπατε
249 1413 379 1488 δέξασθαι
401 1418 420 1492 ῆ
442 1415 513 1475 κατὰ
534 1417 690 1496 προσθῆκην
713 1420 731 1491 ῆ
753 1416 825 1476 κατὰ
846 1417 955 1496 ῦρεσιν.·

178 1539 259 1617 Κερ.
277 1535 332 1598 σε’.
357 1536 437 1620 Περὶ
460 1541 516 1598 τοῦ
539 1537 624 1614 μηδὲ
647 1539 779 1616 ψάλτας
801 1539 1045 1618 συγκαλεῖσθαι
1062 1539 1094 1597 ἐν
1110 1543 1148 1620 τῆ
1166 1539 1274 1620 έορτῄ,
1299 1537 1376 1598 ἀλλ’

70 1660 200 1734 ἄβατον
231 1655 318 1720 εἶναι
340 1659 396 1720 καί
425 1661 555 1732 τούτοις
576 1659 634 1735 τὴν
665 1663 777 1735 μονήν.
823 1659 948 1742 Ἀνδράσι
971 1660 1002 1720 δὲ
1032 1661 1081 1736 τὴν
1103 1662 1171 1740 πρός
1193 1662 1223 1720 τό
1250 1663 1376 1735 σεμνεῖον

70 1787 150 1843 τοῦτο
184 1781 343 1856 είσέλευσιν,
374 1783 413 1856 ὡς
435 1783 488 1860 ῆδη
518 1781 683 1861 δεδήλωται,
715 1782 849 1854 παντοίως
880 1782 1096 1863 ἀπαγορεύουσα,
1129 1781 1193 1842 οθδέ
1216 1781 1325 1859 ψάλτας
1348 1781 1376 1841 ἐν

71 1907 167 1988 ἡμέρᾳ
189 1906 271 1984 τυχόν
291 1905 397 1983 ἑορτῆς,
422 1903 477 1963 είτε
500 1905 678 1980 μνημοσῦνων
701 1903 871 1983 είσέρχεσθαι
891 1905 967 1976 όλως
987 1903 1123 1980 βούλομαι
1141 1903 1218 1984 ἐντῄ
1238 1905 1299 1963 κατ’
1313 1904 1376 1962 αθτό

73 2025 213 2108 ἐκκλησίᾳ
233 2028 311 2105 ποτέ,
343 2024 410 2086 ἀλλ’
424 2025 506 2097 αθτόις
528 2024 576 2085 καὶ
597 2027 659 2085 τότε
681 2028 827 2105 τυγχάνειν
849 2026 898 2098 τὰς
921 2027 1089 2101 μονοιζοθσας
1119 2027 1206 2101 μόνας
1235 2025 1376 2104 θμνῳδοθς

72 2149 147 2222 μετὰ
170 2145 218 2208 καὶ
239 2154 295 2208 τῶν
316 2149 490 2228 τεταγμένων
515 2147 543 2206 ἐν
565 2153 599 2229 τῆ
623 2153 694 2230 μονῇ
718 2145 845 2222 εῦλαβῶν
868 2146 974 2228 ἱερέων.
1006 2146 1053 2206 καὶ
1075 2148 1105 2207 τό
1130 2146 1325 2208 ἐπταπάπαδον
1345 2146 1376 2206 δὲ

72 2272 102 2329 τδ
127 2269 200 2330 κατὰ
222 2269 253 2330 τδ
284 2269 423 2344 σάββατον
446 2274 495 2346 τῆς
525 2269 669 2348 βαῖορόρσυ
700 2265 773 2342 ἅπαξ
794 2273 841 2329 τοῖν
869 2269 989 2330 ἐνιαυτοῦ
1012 2267 1108 2342 είωθδς
1130 2269 1268 2329 τελεῖσθαι
1291 2269 1376 2350 ἐντῆ

72 2393 145 2452 κατὰ
169 2395 199 2452 τό
222 2394 398 2472 κοιμητήριον
422 2391 567 2474 ἐκκλησίᾳ,
592 2391 678 2451 εἱτουν
703 2391 731 2450 ἐν
754 2391 792 2470 τῷ
814 2392 915 2472 ταρείῳ
939 2392 1089 2472 διορίζομαι
1111 2392 1233 2472 γίνεσθαι
1251 2389 1298 2451 καὶ
1313 2392 1376 2452 τοῦ-

74 2534 120 2573 του
144 2513 236 2574 ἐκεῖσε
258 2513 534 2596 τελεσιουργσυμένου
557 2515 605 2573 ἕνα
627 2518 681 2573 τῶν
705 2513 773 2573 ἑπτὰ
802 2512 899 2593 ἱερέων
922 2511 1031 2574 εἰσιέναι
1056 2514 1085 2574 ἐν
1107 2521 1141 2596 τῇ
1165 2517 1235 2596 μονῇ
1258 2512 1305 2573 καί
1328 2514 1376 2588 τήν

75 2634 118 2696 ἐπὶ
145 2643 179 2717 τῇ
207 2639 254 2696 τοῦ
285 2635 363 2716 ἁγίου
394 2635 488 2696 ἐλαίου
517 2637 607 2718 χρίσει
637 2635 722 2715 εὐχὴν
751 2640 877 2697 ποιοῦντα
900 2639 960 2709 ταῖς
990 2637 1179 2716 μοναζοθσαις,
1210 2637 1261 2696 κάν
1292 2637 1376 2714 τοῦτῳ

73 2759 174 2831 τιάτας
197 2755 344 2838 ἀλείροντα
367 2765 537 2839 παραχρῆμα
560 2755 675 2831 ἐξιέναι·
705 2757 752 2818 καί
775 2762 834 2831 ταῖς
855 2759 947 2832 λιταῖς
969 2759 1000 2819 δέ
1023 2763 1082 2832 ταῖς
1106 2759 1134 2818 ἐν
1157 2765 1190 2841 τῆ
1214 2763 1283 2840 μονῇ
1305 2757 1378 2818 κατὰ

73 2881 121 2954 τὴν
156 2880 386 2956 ἐκκλησιαστικῆν
416 2881 566 2960 παράδοσιν
597 2882 769 2961 όρειλοόσαις
799 2883 921 2960 γίνεσθαι
953 2883 1028 2964 παρὰ
1057 2888 1111 2942 τῶν
1143 2883 1316 2958 μοναζουσῶν
1346 2881 1376 2940 οῦ

75 3003 168 3082 μακρά
191 3023 231 3073 τις
257 3003 331 3062 ἔσται
360 3002 497 3084 περίοδος,
528 3003 595 3064 ἀλλ’
609 2997 664 3063 άπδ
686 3007 733 3064 τοῦ
755 3007 821 3063 ναοῦ
844 3003 889 3064 διὰ
911 3008 957 3064 τοῦ
986 3001 1104 3084 προνάου
1127 3001 1246 3078 καὶτῆς
1270 3003 1375 3062 ἐκεῖθεν

73 3126 140 3204 πρός
163 3125 194 3184 τό
219 3121 285 3200 ἑξῆς
308 3125 439 3206 ρερσῦσης
462 3125 526 3204 άχρι
548 3130 598 3200 τῆς
620 3128 779 3201 κοιμήσεως
794 3129 844 3202 τῆς
859 3127 1043 3205 ἱιπεραμώμσυ
1066 3127 1146 3202 ἡμῶν
1170 3125 1314 3200 δεσποίνης
1329 3121 1377 3182 καὶ

75 3247 243 3327 θεομῆτορος
274 3247 469 3308 ἀπελεύσονται
491 3253 541 3323 τῆς
564 3247 644 3319 έκτδς
667 3252 712 3308 τοῦ
735 3252 826 3309 κοινοῦ
853 3248 1028 3308 κοιτωνίσκου
1052 3249 1139 3307 αῦτιῦν
1162 3245 1233 3321 μετὰ
1255 3243 1302 3306 καὶ
1324 3250 1378 3304 τῶν

74 3373 121 3443 τῆς
153 3373 242 3446 μονῆς
272 3367 379 3450 ἱερέων,
408 3370 439 3428 τό
471 3370 548 3448 ἅγιον
579 3371 743 3449 εῦαγγέλιον
775 3370 976 3450 ἐπιφερομένων
1007 3370 1052 3429 σὶιν
1082 3367 1121 3448 τῷ
1150 3362 1231 3448 τιμίῳ
1261 3365 1377 3448 σταυρῷ,

75 3490 187 3550 κάκεῖσε
212 3491 319 3562 ταῦταις
346 3489 428 3566 λήξει
450 3492 468 3566 ῆ
491 3491 610 3573 πρόοδος
630 3497 680 3568 τῆς
701 3493 769 3572 πρθς
791 3491 826 3552 τά
847 3495 941 3572 πρόσω
963 3495 1057 3572 ρορᾶς,
1087 3495 1134 3551 τοῦ
1157 3509 1188 3550 τε
1211 3489 1307 3570 ἱερέως
1331 3489 1377 3548 ἐν-

75 3615 158 3672 ταῦθα
181 3613 230 3688 τήν
255 3611 352 3688 ἐκτενῆ
381 3616 543 3689 ποιουμένου
575 3614 659 3692 εῦχὴν
690 3613 937 3695 ἐπαναστρέψουσιν
971 3611 1046 3686 αὖθις
1067 3614 1134 3694 πρός
1156 3613 1202 3671 τδν
1225 3613 1299 3672 ναόν.
1346 3611 1375 3670 ἐν

76 3735 167 3806 μέντοι
190 3739 223 3816 τῇ
246 3739 296 3811 τῆς
319 3740 406 3811 μονῆς
429 3734 495 3818 άγίρι
516 3736 599 3818 ταότη
628 3735 763 3818 ἐκκλησίᾳ
786 3737 980 3816 (προστεθῆναι
1002 3735 1056 3815 γὰρ
1078 3732 1126 3794 καὶ
1148 3737 1225 3793 τοῦτο
1250 3732 1305 3792 δεῖν
1330 3751 1376 3807 μοι

76 3853 169 3934 ἐράνη,
195 3857 234 3928 ὡς
256 3855 318 3916 δέον
341 3855 538 3937 ἀποτραπῆναι,
562 3855 586 3916 εἰ
609 3858 656 3916 καί
677 3877 729 3918 που
751 3855 816 3928 ἴσως
838 3855 904 3918 τισὶν
921 3859 950 3917 οῦ
966 3857 1043 3918 δοκεῖ
1058 3851 1267 3937 ἀποτρόπαιον),
1292 3854 1376 3934 ἐργο-

75 3977 166 4057 χείρσυ
190 3977 262 4050 τινός
284 3978 399 4058 ἐργασία
423 3979 460 4054 μὴ
483 3979 664 4060 προβαινέτω,
688 3977 743 4040 είτε
760 3979 788 4039 ἐν
805 3979 942 4060 ῦμνῳδίτς
964 3977 1062 4060 καιρῷ,
1087 3977 1141 4038 εἴτε
1158 3977 1186 4037 ἐν
1211 3978 1375 4056 ἀναγνώσει,

77 4098 128 4158 εἴτε
152 4100 209 4174 μὴν
232 4097 337 4159 ἄλλοτέ
360 4119 436 4159 ποτε.

178 4222 259 4300 Κερ.
282 4219 345 4296 σς’.
380 4221 460 4303 Περὶ
481 4226 538 4282 τοῦ
560 4227 627 4294 πῶς
649 4243 684 4282 τε
707 4221 763 4282 καὶ
785 4227 845 4283 ποῦ
869 4223 921 4283 δεῖ
943 4223 1127 4282 θάπτεσθαι
1148 4221 1207 4292 τάς
1230 4217 1292 4280 ἀπό
1314 4225 1377 4280 τῶν

75 4342 201 4402 παίδων
230 4343 323 4418 ἡμῶν
345 4341 400 4403 καὶ
422 4349 484 4402 τῶν
516 4344 666 4424 ἐγγόνων
689 4344 723 4404 ἐν
744 4351 782 4427 τῇ
807 4349 891 4427 μονῇ
924 4343 1127 4423 αἱρουμένοις
1157 4349 1298 4422 ταφῆναι
1321 4340 1377 4402 καὶ

76 4471 140 4536 πῶς
162 4464 202 4523 τὰ
224 4464 346 4524 τούτων
375 4462 528 4544 γίνεσθαι
552 4468 757 4542 μνημόσυνα.
805 4465 841 4525 Εἱ
860 4487 927 4525 ποτε
950 4463 982 4524 δέ
1005 4465 1060 4544 οἱρα
1082 4487 1122 4537 τις
1144 4469 1197 4524 τῶν
1221 4466 1377 4544 θυγατέρων

76 4587 151 4660 ἡμῶν
175 4589 194 4661 ῆ
217 4585 265 4645 καὶ
287 4593 341 4647 τῶν
363 4595 482 4666 νυμφῶν,
507 4585 561 4646 εἴτε
584 4586 699 4647 καὶτῶν
725 4587 858 4668 ἐγγόνων,
882 4579 927 4660 αἱς
941 4588 959 4662 ῆ
975 4591 1025 4662 τῆς
1049 4593 1135 4662 μονῆς
1159 4585 1253 4666 ἐρορία
1271 4588 1377 4644 ’ἀνατέ-

77 4708 158 4768 θειται
181 4705 230 4768 καὶ
252 4709 269 4784 ῆ
292 4713 345 4768 τῶν
368 4709 609 4790 πολυτελεστέρων
633 4707 790 4786 οἰκημάτων
814 4715 921 4788 χρῆσις,
947 4707 975 4768 ἐν
998 4709 1081 4790 τοῦτη
1104 4713 1224 4790 τῇμονῆ
1247 4706 1376 4787 αἱρετὶσαι
