3208 5310
1299 347 1334 408 ll

67 541 99 597 τὶν
119 539 195 614 ζῆλον
217 541 336 616 κατέστη
360 539 406 598 καί
429 539 558 616 ζηλώσας
581 547 629 616 τῆς
653 539 797 615 βασιλείας
820 561 872 615 μου
888 541 989 614 ἐδεήθη
1012 547 1064 598 τῶν
1087 539 1151 598 ἴσων
1166 545 1222 611 τοῖς
1239 539 1339 611 σίλλοις

64 663 144 738 τυχεῖν,
166 663 234 720 ώστε
258 661 371 736 δηλαδὴ
395 661 439 722 διὰ
464 663 672 742 χρυσοβοὺλλου
694 669 743 738 τῆς
766 661 910 736 βασιλείας
933 682 984 736 μου
1007 662 1254 742 ἐπικυρωθῆναιτῆ
1277 662 1338 721 κατ’

66 781 125 839 ἱστόν
144 787 212 862 μονῇ
233 785 324 842 πάντα
346 783 380 841 τὰ
401 785 537 864 προσόντα
559 781 661 866 αθτῆῑ)
682 784 783 862 δίκαια,
807 785 847 856 ώς
870 779 925 868 [ἂν]
951 782 1144 860 άνενοχλήτως
1163 785 1246 841 ταῦτα
1268 803 1338 842 κατ-

65 903 104 983 έχῃ
121 901 164 962 καί
185 905 287 976 παντός
310 904 433 984 ἀνώτερα
455 904 619 982 διασεισμοῡ.
643 908 661 981 ή
685 905 812 980 βασιλεία
835 925 886 980 μου
908 903 996 965 τοίνυν
1018 905 1048 963 τό
1070 899 1146 978 ἄξιον
1165 906 1278 964 ποιοῦσα
1292 902 1339 963 καὶ

62 1025 89 1100 τῷ
108 1025 178 1104 ζήλῳ
199 1024 246 1086 καὶ
267 1031 302 1106 τῇ
324 1027 416 1086 τούτου
439 1026 529 1110 εὐνοίᾳ
551 1025 599 1086 καί
620 1033 654 1108 πῆ
676 1029 876 1106 πανυπεράγνῳ
899 1027 1044 1104 θεομήιορι
1063 1023 1110 1085 καὶ
1134 1025 1168 1085 δι’
1182 1022 1338 1106 άπάντωνέ)

63 1147 140 1204 κάτων
161 1145 198 1226 τῷ
221 1146 277 1225 θεῷ
301 1147 448 1226 ἀροοιοῡαα
471 1147 504 1207 τὰ
526 1149 693 1227 καθήκοντα,
715 1149 761 1208 τ’σν
788 1149 909 1226 παρόντα
930 1147 1137 1228 χρυσόβουλλσν
1158 1147 1244 1226 λόγον
1266 1144 1339 1225 αθτῷ

64 1267 210 1349 ἑτιχορηγεῑ,
234 1268 269 1328 δι’
283 1261 315 1328 οὗ
337 1267 384 1328 καὶ
407 1263 559 1349 διορίζεται,
587 1271 715 1347 κατέχειν
737 1271 787 1345 τὴν
811 1270 939 1350 ῥηθεῖσαν
962 1269 1037 1330 Νέαν
1061 1269 1157 1344 Μανῆν
1180 1275 1230 1346 τῆς
1251 1289 1338 1328 πανυ-

62 1392 176 1466 τεράγισυ
198 1391 367 1469 θεομήτορος
389 1389 436 1450 καί
451 1391 591 1462 δεσπόζειν
606 1393 678 1451 κατὰ
692 1394 836 1471 κυριότητα
850 1389 897 1451 καὶ
912 1391 1051 1451 αὺθεντίαν
1065 1391 1100 1450 τὰ
1113 1393 1340 1471 προσαρμόσαντα

64 1513 115 1591 αἀῆ
135 1509 223 1570 δίκαια
246 1512 412 1586 όθενδήπστε
435 1511 481 1572 καὶ
503 1513 680 1588 ὁπωσδήποτε
703 1511 749 1573 καὶ
772 1514 836 1593 παρ’
848 1513 1048 1588 όπσισυδήτινος
1056 1511 1081 1596 ³)
1094 1515 1238 1593 προσώπου
1252 1534 1340 1594 προο-

63 1632 197 1710 νυρωθέντα
222 1631 271 1692 καὶ
292 1634 358 1713 παρ’
371 1632 486 1717 αθτῆςί)
510 1633 697 1710 δεσποζόμενα
719 1632 766 1694 καὶ
787 1636 975 1712 κατεχόμενα·
1000 1635 1120 1714 ἐπικυροῐ
1141 1635 1195 1714 γὰρ
1217 1636 1235 1710 ή
1259 1634 1339 1706 βασι-

62 1753 112 1812 λεία
131 1773 180 1828 μου
200 1761 235 1834 τῇ
259 1751 375 1830 δυνάμει
396 1759 442 1815 τοῦ
462 1757 595 1836 παρόντος
610 1756 819 1834 χρυσοβσίιλλου
834 1756 921 1834 λόγου
937 1758 1019 1831 αἰπῆς
1036 1752 1079 1841 [τῆ
1096 1755 1275 1838 διαληρθείση
1291 1776 1339 1815 σε-

64 1877 148 1958 βασμία
168 1871 251 1960 μονῇ]
275 1879 364 1936 πάντα
385 1877 419 1936 τὰ
440 1879 574 1957 προσόντα
599 1871 688 1962 [αθπῆ]
704 1877 862 1955 παλαιγενῆ
877 1875 923 1937 καὶ
938 1879 1077 1958 πρόσφατα
1093 1877 1275 1956 δικαιώματα,
1299 1877 1339 1956 ἐφ’

64 1989 93 2064 οἷς
111 1999 234 2074 κέκτηται
256 2000 342 2058 άπασι
363 1997 411 2058 καὶ
434 1999 478 2058 διὰ
499 2000 598 2058 τούτων
622 2005 674 2058 τών
697 2002 844 2075 κτημάτων
867 2001 950 2075 αθτῆς
973 1997 1020 2059 καὶ
1038 2005 1091 2058 τών
1106 2002 1273 2079 πραγμάτων
1289 2020 1340 2059 κυ-

63 2117 108 2194 ρίαν
126 2118 170 2178 καί
191 2121 419 2201 ἀπαρασαλευτσν
442 2121 509 2203 συκῇ
531 2124 708 2202 περιποιεῖται
731 2122 779 2196 τῆν
803 2120 973 2199 δεσποτείαν,
1003 2118 1089 2180 δοιαὶ
1112 2122 1201 2200 ῥητῶς
1223 2119 1262 2199 τῷ
1284 2141 1340 2180 πα-

64 2243 118 2317 ρ’νπ
137 2243 335 2322 γρυσοβσόλλῳ
357 2243 435 2322 λόγῳ
457 2249 507 2318 τῆς
530 2242 673 2316 βασιλείας
696 2265 748 2318 μου
765 2243 1029 2323 ἐγκαταγράρονται·
1053 2240 1190 2318 οἰκήματα
1206 2243 1281 2314 ἐντός
1295 2246 1342 2302 τοῦ

64 2363 167 2441 κάπρου,
189 2363 347 2444 περιβόλια,
371 2365 554 2444 ἐρειποτόπια,
578 2365 680 2444 λοετρά
704 2363 760 2442 δίνο,
783 2364 830 2424 καὶ
855 2364 991 2438 ἐκκλησία
1012 2365 1114 2440 ήσθτω
1131 2385 1189 2434 πως
1204 2365 1341 2439 ὀνομαζο-

65 2486 118 2558 μένη
138 2486 165 2544 τό
182 2486 338 2546 Πολιτικόν.
364 2487 443 2565 ἑτέρα
467 2487 602 2561 ἐκκλησία
624 2487 871 2564 ήίίαντοδόναμος
894 2486 964 2561 μετὰ
987 2493 1037 2562 τῆς
1057 2491 1192 2567 περισχῆς
1208 2487 1300 2562 αὐτῆς.
1317 2489 1341 2545 ἑ-

65 2605 115 2683 τέρα
134 2606 270 2682 ἐκκλησία
284 2609 299 2666 ό
317 2609 413 2687 Ἄγιος
428 2607 570 2680 Νικόλαος
586 2607 657 2684 μετά
671 2614 720 2684 τῆς
735 2615 869 2688 περιοχῆς
885 2609 976 2684 αὐτῆς.
986 2609 1009 2685 ὁ)
1033 2608 1061 2666 αἱ
1076 2607 1213 2685 άπαθῆκαι
1229 2608 1257 2668 αί
1272 2608 1342 2685 πλη-

65 2725 107 2785 σίον
126 2727 198 2789 οὖσαι
212 2735 265 2804 τῆς
279 2729 422 2806 θαλάσσης
443 2727 491 2790 καί
513 2729 539 2790 οἱ
556 2729 602 2788 δίνσ
618 2729 874 2810 δουλευτσπάροικσι
888 2730 914 2789 οἱ
930 2730 1013 2808 ἐντῷ
1029 2729 1168 2810 Ἐμπορίῳ
1182 2732 1341 2808 προσκαθή-

65 2869 133 2930 μενοι,
154 2853 169 2912 ὃ
190 2873 222 2912 τε
244 2851 388 2923 Νικόλαος
411 2853 426 2910 ό
450 2851 621 2932 Ευρυπιώτης
643 2850 691 2912 καί
714 2853 733 2910 Γ
736 2855 851 2933 εώργιος
873 2854 888 2911 ό
911 2855 1055 2933 Κάμαρος.
1084 2853 1211 2930 μετόχιον
1235 2851 1275 2924 εἰς
1296 2853 1342 2911 τὀν

65 2969 163 3044 Κάμπον
184 2975 215 3034 τό
239 2971 281 3046 εἰς
295 2973 331 3032 τὰ
344 2974 479 3049 Νεώνητα
503 2973 675 3048 διακείμενον
698 2975 769 3050 μετὰ
782 2981 832 3050 τῆς
848 2975 891 3033 ὑπ’
901 2976 965 3034 οώτδ
981 2974 1110 3054 ἐρσσίμου
1125 2979 1178 3051 γῆς
1192 2979 1242 3049 τῆς
1258 2975 1341 3032 όπου-

65 3091 147 3166 δήποτε
168 3097 346 3170 διακειμένης
367 3093 414 3154 καί
436 3101 490 3156 τῶν
512 3096 692 3176 όπωρορόρων
709 3096 828 3176 δένδρων
845 3097 946 3156 ἐλαιῶν
961 3115 992 3154 τε
1007 3093 1053 3154 καὶ
1070 3093 1202 3156 ἀλλοίων.
1223 3100 1312 3170 κῆπος
1327 3096 1342 3153 ό

66 3213 199 3292 λεγόμενος
216 3218 373 3276 Πλατάνιον
390 3217 460 3292 μετὰ
473 3223 523 3293 τῆς
537 3217 581 3276 ὑπ’
591 3217 669 3276 αἰετόν
682 3219 798 3298 ὑπέργσυ
809 3223 862 3295 γῆς
873 3214 919 3276 καὶ
931 3214 1092 3291 νομαδιαίας
1103 3213 1149 3276 καὶ
1161 3221 1214 3275 τών
1225 3216 1341 3290 κλημα-

64 3340 164 3416 τσρόρων
179 3339 300 3418 δένδρων
315 3337 362 3398 καὶ
377 3345 430 3398 τῶν
447 3339 500 3399 ἀπό
515 3343 561 3398 τοῦ
572 3339 715 3420 Κοδράτου
733 3337 955 3415 ἐξωνηθέντωνῦ)
970 3337 1045 3418 παρὰ
1059 3345 1108 3414 τῆς
1124 3343 1211 3414 μονῆς
1225 3336 1272 3398 καὶ
1289 3346 1343 3398 τών

65 3455 137 3516 εκεὶσε
157 3461 391 3540 προσκαθημένων
414 3461 681 3542 δουλευτσπαρσίκων
703 3465 850 3542 τεσσάρων,
875 3463 920 3532 οθς
944 3459 1073 3538 ἔχεικαὶ
1097 3462 1142 3521 διὰ
1162 3463 1343 3541 πρακτικοϋή

66 3583 129 3654 ιιινή.
152 3583 242 3661 ἕτερον
266 3585 396 3660 μετόχιον
419 3583 444 3642 σί
458 3584 543 3660 Ἅγιοι
559 3584 770 3663 Τεσσαράκοντα
794 3583 864 3658 μετὰ
886 3589 935 3658 τῆς
949 3588 1082 3662 περιοχῆς
1098 3583 1179 3642 αὐτοῦ
1193 3586 1283 3660 πάσης
1298 3581 1345 3643 καὶ

68 3705 109 3756 τῶν
128 3704 326 3782 περιελθόντων
343 3703 409 3785 αθτῆ
432 3704 485 3764 ἀπὸ
506 3711 560 3764 τών
576 3704 732 3765 Χειλάδων.
749 3705 783 3764 τδι
796 3702 875 3785 πέριξ
889 3710 939 3780 τῆς
954 3711 1040 3780 μονῆς
1056 3704 1170 3785 οἰγρίδιαι
1180 3705 1265 3782 ήγουν
1279 3705 1313 3764 τὰ
1321 3707 1345 3782 ⁷)

68 3819 158 3900 ’.ίκρίτα
183 3827 256 3902 μετὰ
283 3828 374 3900 πάσης
395 3831 444 3901 τῆς
467 3826 588 3906 ἀρχῆθεν
611 3827 691 3886 αὐτοϋ
711 3833 845 3906 περιοχῆς
867 3825 914 3885 καί
937 3826 1149 3905 διακραιήσεως.
1175 3827 1266 3906 ἕτερον
1289 3847 1343 3902 με-

67 3945 176 4021 τόχιουή
201 3947 284 4026 Ἀχία
307 3947 392 4027 Τριὰς
415 3949 559 4022 μετὰτῶν
582 3947 626 4007 ὑπ’
639 3949 702 4008 αθιό
724 3951 841 4009 πάντων.
872 3949 963 4028 ἕτερον
987 3950 1114 4024 μετόχιον
1137 3949 1167 4006 τδ
1189 3948 1261 4007 κατὰ
1281 3948 1344 4030 τὀθ)

68 4061 82 4118 Γ
84 4071 201 4142 ερσντεῖον
225 4069 298 4145 μετὰ
318 4071 407 4144 πάσης
430 4075 478 4144 τῆς
500 4075 632 4148 περιοχῆς
656 4071 736 4129 αὺτοῦ
758 4067 805 4130 καί
828 4069 1032 4149 διακραπήσεως
1047 4067 1093 4128 καὶ
1109 4069 1190 4149 μέχρι
1205 4073 1258 4128 τών
1274 4069 1344 4128 Κω-

68 4187 143 4264 μάρων
168 4190 368 4266 διικνουμένης.
397 4192 489 4271 ἕτερον
517 4190 638 4272 άγρίδιον
664 4193 682 4266 ή
707 4191 853 4262 Ιίλάτανος
881 4191 951 4266 μετὰ
977 4197 1025 4265 τῆς
1048 4192 1126 4250 αὺτοῦ
1152 4189 1269 4271 όπέργσυ
1291 4197 1345 4269 γῆς

153 4407 173 4470 ¹)
191 4401 222 4456 τά
245 4402 306 4454 κατὰ
328 4403 371 4470 τήν
391 4403 465 4473 μονήν
489 4402 566 4456 πάντα
589 4401 618 4455 τά
640 4405 764 4472 προσόντα
786 4404 846 4474 αὐτῇ
874 4405 896 4457 δ.
915 4414 943 4458 et
970 4405 1075 4475 κατέχοι,
1102 4403 1225 4472 άνωτέρου
1252 4407 1345 4458 Sakol-

69 4491 205 4560 lion310etio
216 4508 309 4552 nostra
319 4506 360 4551 est
370 4502 468 4551 codicis
478 4501 535 4552 cod.
546 4502 608 4552 Ger.
680 4503 701 4567 ²)
712 4501 752 4552 διὰ
761 4499 856 4552 πάντων
867 4503 923 4552 cod.
935 4503 997 4554 Gor.
1069 4502 1091 4568 ³)
1101 4503 1178 4564 Quae
1187 4509 1345 4568 sequuntur,

69 4587 147 4644 desunt
159 4598 185 4646 in
196 4597 324 4648 eod.Gor.
396 4598 418 4659 ⁴)
437 4597 590 4648 emendavit
600 4599 661 4648 Sak.
669 4614 701 4648 ex
712 4596 792 4656 αὐτοῖς
863 4598 885 4663 θ)
904 4595 977 4647 αὐτοῦ
996 4598 1058 4648 Sak.
1130 4597 1151 4662 θ)
1171 4595 1346 4654 ἐξωνισθέντων

69 4685 117 4736 &ak
182 4691 203 4756 1)
222 4690 245 4741 τ’
265 4691 329 4741 Sak.
401 4691 422 4756 8)
441 4691 522 4741 Addit
540 4692 600 4742 Sak.
