3240 5286
1319 353 1380 420 291

83 541 160 617 τικὴν
191 539 329 616 ἀπόδειξιν
358 544 429 604 κατίι
450 545 481 604 τό
510 543 574 624 ύφος
597 551 650 604 τῶν
681 545 830 626 ἐπαρχιῶν,
859 543 906 606 καὶ
929 545 1014 618 ούτως
1045 547 1186 622 άναλαβδν
1214 550 1245 610 τό
1268 545 1383 630 ἀρχαῖον

82 666 201 744 γεραρόν
224 670 275 740 τῆς
297 671 534 746 σταυροπηγιακῇς
556 664 635 738 ἀξίας
656 668 801 746 προνόμιον
824 668 871 728 καί
894 667 991 740 καλῶς
1014 668 1209 750 διοικούμενον,
1233 672 1272 744 ὡς
1294 673 1383 748 μέλος

82 789 194 862 γνήσιον
209 791 256 848 τού
270 787 416 863 καθ’ἡμᾶς
431 789 582 865 ἀγιωπάτου
596 793 803 870 πατριαρχικού,
825 789 1008 850 ἀποστολικού
1023 789 1070 850 καί
1087 789 1273 868 οἰκουμενικού
1288 795 1383 874 θρόνου

83 908 98 966 δ
123 909 152 967 ἐν
176 907 249 987 αύτῷ
270 909 342 970 κατὰ
362 907 474 988 καιρούς
495 909 658 990 ἡγούμενος,
680 911 771 990 ὥσπερ
793 909 819 970 οἰ
841 911 989 992 ἀρχιερεῖς,
1013 913 1097 984 ούπως
1119 912 1165 972 καί
1190 915 1268 987 σούτδς
1290 917 1383 1000 γράφῃ

83 1030 196 1106 ἀμέσως
221 1030 290 1110 πρύς
315 1031 364 1106 τὴν
391 1031 453 1090 καθ’
469 1032 544 1106 ἡμᾶς
569 1035 616 1090 τού
638 1033 754 1110 Χριστοῦ
785 1031 914 1111 μεγάλην
945 1028 1096 1108 ἐκκλησίαν
1123 1033 1170 1094 καὶ
1200 1033 1312 1108 ἀξιῶται
1333 1041 1383 1113 τῆς

81 1153 271 1232 προσηκούσης
297 1127 502 1233 ύπερασπίσεως
526 1153 555 1212 ἐν
577 1155 637 1225 ταῖς
659 1153 868 1230 ουμβαινσύοαις
890 1154 997 1233 χρείαις
1019 1151 1067 1216 καί
1089 1156 1239 1218 ὑποθέσεσι.
1286 1157 1381 1237 τρίτον,

82 1273 314 1352 διαφυλάττονται
336 1277 591 1356 καταγεγραμμένα
615 1275 643 1335 ἐν
666 1274 705 1354 τῷ
726 1275 894 1356 διωρισμένη)
909 1277 1005 1338 κώδικι
1021 1284 1070 1354 τῆς
1086 1277 1214 1357 μεγάλης
1231 1278 1382 1355 ἐκκλησίας

82 1396 190 1456 ᾶπαντα
219 1395 253 1456 τὰ
283 1398 410 1472 κτήματα
431 1395 478 1458 καί
507 1397 683 1479 ἀφιερώματα
712 1399 798 1458 αύτῶν
821 1396 868 1458 καί
890 1398 924 1458 τὰ
946 1400 1016 1479 χρέη
1039 1398 1086 1458 καί
1109 1401 1139 1460 τδ
1162 1405 1207 1460 τοῦ
1228 1401 1382 1479 ἡγουμένου

82 1517 178 1594 όνομα.
225 1519 352 1599 τέταρτον
375 1517 407 1578 δέ
428 1520 459 1580 τδ
481 1517 618 1599 οιγίλλιον
640 1521 720 1580 αύτού
744 1521 796 1603 ἔχη
817 1522 908 1596 μένειν
919 1523 940 1598 ¹)
957 1521 1160 1602 ἀπαράτρεπτον
1175 1519 1255 1602 καίέ)
1272 1522 1381 1602 ἀπαρα-

33 1679 35 1682 -
82 1639 202 1720 βίαστον,
227 1641 266 1716 μὴ
282 1639 412 1716 δεόμενόν
427 1662 493 1701 ποτε
508 1641 688 1714 ἀνανεώσεως
702 1639 750 1702 καί
765 1643 956 1721 ἐπικυρώσεως
972 1642 1213 1720 ἐκκλησιαστικῆς.
1245 1644 1380 1726 πέμπτον,

82 1760 181 1836 μηδεὶς
201 1767 249 1822 τού
270 1763 368 1824 λοιποῦ
390 1763 514 1841 γίγνηται
536 1763 564 1824 ἐν
584 1763 656 1842 αύτῷ
676 1763 829 1842 ἡγούμενος
850 1762 914 1822 ἀνευ
933 1765 1097 1842 γράμματος
1116 1769 1312 1844 πατριαρχικού
1335 1767 1382 1826 καί

83 1883 232 1962 συναδικού,
256 1883 323 1944 ἀλλ’
337 1883 447 1944 ἐπειδάν
463 1883 581 1946 ἕλωνται
597 1885 675 1945 αύτδν
691 1887 789 1967 γνώμῃ
804 1889 882 1966 κοινῇ
897 1884 923 1944 οί
938 1885 1155 1962 συγκοινοβιαῖται
1171 1887 1297 1964 πατέρες,
1320 1887 1381 1946 τότε

81 2005 287 2081 ἀποατέλληται
313 2003 378 2086 παρ’
392 2009 479 2066 αἰτῶν
506 2007 584 2082 κοινη
613 2006 797 2086 ἐνυπόγραφος
818 2004 865 2065 καί
890 2005 1081 2087 ἐνσφράγιστος
1104 2006 1225 2086 ἀναφορὰ
1247 2006 1309 2088 περὶ
1332 2014 1381 2084 τῆς

80 2128 205 2204 ταυτότης
234 2127 355 2206 ἐκλογῆς
381 2130 449 2210 πρός
470 2130 516 2188 τόν
538 2123 610 2189 κατὰ
631 2129 741 2208 καιρούς
764 2125 950 2203 οἰκουμενικόν
973 2131 1152 2207 πατριάρχην,
1183 2125 1229 2188 καὶ
1252 2129 1321 2190 ούτω
1345 2130 1380 2190 δι’

81 2249 308 2325 ἐκκλησιαστικού
330 2252 493 2330 γράμματος
515 2251 727 2310 ἀποκαθιοτοῖται
749 2249 931 2328 όὴγούμενος
945 2252 991 2308 τοῦ
1007 2249 1185 2330 μοναστηρίου
1200 2249 1303 2330 τούτου,
1326 2272 1380 2328 ση-

81 2373 243 2447 μειουμέναυ
265 2370 313 2431 καί
334 2377 379 2434 τού
399 2372 532 2448 όνόματος
548 2373 627 2432 αύτού
643 2371 725 2449 ἐντῷ
741 2371 848 2451 ῥηθέντι
862 2371 969 2450 κὼδικι,
993 2369 1110 2450 ὀφείλων
1125 2371 1187 2430 κατ’
1197 2371 1258 2444 έτος
1275 2369 1379 2446 ἐξαπο-

81 2493 211 2554 στέλλειν
234 2493 333 2574 ἀκριβῆ
358 2493 541 2574 ἐνυπόγραφον
563 2492 610 2554 καὶ
634 2493 823 2574 ένοφράγιστον
845 2491 1022 2572 καταγραφὴν
1044 2497 1098 2552 τῶν
1121 2495 1167 2552 τού
1182 2492 1258 2565 ἔτους
1275 2494 1379 2555 ἐκείνου

31 2693 34 2700 ⁴
81 2621 306 2694 μονασσηριακιύν
333 2615 437 2676 ἐσόδων
459 2613 506 2676 καὶ
529 2611 642 2688 ἐξόδων.
689 2599 777 2694 ἕκτον,
808 2616 825 2690 ἡ
849 2612 962 2694 σφραγίς
983 2618 1029 2674 πού
1052 2612 1233 2696 μοναοτηρίου
1257 2614 1378 2699 διαιρεθῇ

81 2735 118 2808 εἰς
140 2739 274 2813 τμήματα
295 2740 423 2818 τέσσαρα,
446 2736 494 2798 καί
515 2739 533 2812 ἠ
557 2737 608 2812 μὲν
631 2737 706 2812 λαβὴ
729 2737 1019 2816 παρακατατεθειμένη
1040 2735 1151 2818 ὑπάρχῃ
1166 2735 1205 2815 τῷ
1220 2738 1377 2818 ἡγουμένῳ,

79 2859 112 2918 τὰ
134 2859 167 2919 δὲ
189 2861 308 2940 τέσσαρα
337 2862 468 2935 τμήματα
496 2860 623 2940 τέσσαρσι
649 2859 884 2936 ουγκοινοβιάταις
906 2859 1036 2938 πατράσιν
1061 2857 1258 2938 ἐκλεγομένοις
1280 2864 1378 2931 κοινῶς

80 2981 154 3062 παρά
175 2983 285 3040 πάντων
299 2987 352 3040 τῶν
369 2979 595 3060 ουγκοινοβιατῶν
610 2981 745 3060 πατέρων.
763 2947 906 3060 ’ἕβδομος
930 2978 955 3038 οἱ
971 2979 1197 3058 ἐπιτετραμμένοι
1212 2979 1246 3039 τά
1261 2981 1378 3060 τέσσαρα

80 3105 213 3178 τμήματα
234 3099 281 3162 καί
302 3102 351 3180 τὴν
373 3100 465 3175 λαβὴν
489 3101 528 3177 μὴ
552 3102 652 3179 έχωοιν
675 3097 770 3162 άδειαν
790 3099 974 3172 καθ’έοοιτοίις
990 3099 1143 3180 σφραγίζειν
1159 3101 1377 3180 μοναοτηριακὰς

79 3223 250 3304 γρεωστικύις
272 3223 434 3302 ὁμολογίας,
458 3220 526 3282 ἀλλ’
541 3221 585 3282 ἐπὶ
606 3223 737 3306 παρουσίᾳ
759 3227 812 3282 τῶν
835 3223 1057 3302 προκριτωτέρων
1074 3222 1103 3280 ἐν
1122 3227 1179 3292 τοῖς
1194 3221 1376 3295 κοινοβιάταις

80 3347 312 3426 ύπογραφομένων
341 3344 475 3406 κάκείνων
505 3342 585 3416 ἰδίαις
614 3345 718 3425 χερσίν,
749 3344 778 3404 αἱ
809 3345 840 3404 δέ
864 3345 903 3419 μὴ
934 3343 1005 3404 κατὰ
1026 3345 1073 3404 τδν
1107 3341 1250 3424 εἰρημένον
1278 3343 1376 3423 τρόπον

82 3469 275 3548 γεγραμμέναι
304 3465 351 3528 καί
375 3468 585 3548 ἐσφραγισμένοι
608 3465 754 3544 ὁμολογίαι
777 3465 938 3541 νομίζωνται
961 3466 1000 3542 μὴ
1022 3470 1068 3524 τού
1090 3463 1278 3545 μοναοτηρίου,
1308 3464 1376 3525 ἀλλ’

79 3589 144 3650 ἰδιαι
167 3595 222 3650 τῶν
243 3591 304 3668 κατ’
317 3587 387 3650 ἰδίαν
410 3591 621 3669 σφραγισάντων,
645 3587 691 3648 καί
715 3588 813 3649 ἐκεῖνοι
837 3583 868 3660 ἐξ
892 3586 964 3648 ἰδίων
989 3587 1168 3667 ἀποπληρῶοι
1191 3585 1239 3656 τὰς
1260 3585 1376 3666 ἐμπερι-

79 3713 196 3790 εχούσας
221 3711 250 3772 ἐν
272 3713 332 3782 ταῖς
358 3711 494 3783 τοιαύταις
521 3711 683 3788 ὁμολογίαις
710 3709 885 3790 χρηματικὰς
906 3711 1067 3792 ποσότητας,
1100 3701 1171 3768 οὗτοι
1195 3683 1245 3780 δέ,
1265 3706 1375 3784 δηλαδὴ

79 3834 93 3892 ό
113 3835 271 3912 ἡγούμενος
293 3833 364 3910 μετὰ
384 3838 438 3894 τῶν
460 3836 598 3914 τεσσάρων
620 3839 674 3894 τῶν
698 3833 935 3913 έπιτετραμμένων
958 3831 991 3892 τά
1006 3838 1056 3908 τῆς
1073 3831 1219 3912 σφραγῖδος
1233 3833 1374 3910 τμήματα,

81 3955 164 4034 ἔχωσι
186 3963 275 4017 πᾶσαν
305 3953 554 4038 πληρεξουσιότητα
575 3961 625 4032 τῆς
649 3955 800 4031 ἐκκλησίας
824 3955 957 4032 ἐπιτιμᾶν,
989 3953 1169 4034 σωφρονίζειν,
1202 3951 1375 4025 ἀποβάλλειν

80 4079 110 4138 ἐκ
138 4085 188 4154 τῆς
220 4084 306 4155 μονῆς
332 4079 394 4150 τούς
425 4079 605 4149 ἀτακτοῦντας
632 4075 679 4137 καί
705 4077 767 4148 τούς
798 4077 989 4157 ἐκνευρούντας
1011 4076 1073 4146 τούς
1103 4075 1322 4154 μετερχομένσυς
1344 4073 1375 4132 τό

80 4195 163 4261 ἆθλον
185 4207 235 4276 τῆς
258 4201 400 4277 ἀσκήσεως
422 4199 469 4261 καί
492 4201 531 4276 μὴ
553 4201 740 4277 πειθομένους,
764 4199 921 4258 τελευταῖον
945 4197 989 4256 διά
1011 4203 1104 4271 κοινῆς
1127 4198 1213 4256 αύτῶν
1237 4195 1375 4274 ἀναφορᾶς

80 4322 320 4406 ἰναγγέλλειντῇ
349 4323 494 4404 ἐκκλησίᾳ.
541 4321 649 4400 όγδοον,
681 4317 779 4397 μηδεὶς
800 4323 847 4379 τού
876 4317 1055 4398 μοναοτηρίου
1082 4319 1174 4378 τούτου
1197 4317 1305 4376 δύναται
1328 4320 1374 4376 τού

78 4445 173 4506 λοιποῦ
204 4445 308 4505 πωλεῖν
341 4446 556 4524 μοναοτηριακδν
587 4443 762 4504 ύποστατικδν
787 4441 849 4500 ἰνευ
871 4447 920 4516 τῆς
943 4441 1058 4516 νομίμου
1082 4439 1213 4514 είδήοεως
1235 4441 1281 4498 τοῦ
1306 4437 1374 4497 κατά

80 4600 284 4611 -.-ι---

181 4707 201 4772 ι)
221 4703 291 4774 μόνον
310 4705 342 4755 Κ.
416 4703 436 4770 ²)
455 4701 489 4757 ὠς
508 4703 540 4752 K.
