3240 5286
249 347 312 414 292

248 546 341 626 καιρὸν
372 542 557 618 οἰκουμενικοῡ
587 544 764 622 πατριάρχου,
797 539 820 602 εί
852 544 891 619 μὴ
920 545 1002 617 μόνον
1024 541 1073 615 τὰς
1096 541 1157 602 κατ’
1172 542 1230 614 ἐτος
1262 540 1423 622 ἐπικαρπίας
1449 537 1499 600 καί
1520 541 1550 598 τὰ

247 667 407 743 γεννήματα
434 663 481 724 καί
512 665 546 724 τά
579 665 782 744 μοναστηριακά
812 665 955 743 θρέμματα
987 664 1031 724 διὰ
1060 665 1109 736 τὰς
1140 661 1292 741 ἀναγκαίας
1322 665 1411 724 αυτῶν
1441 664 1548 742 χρείας.

249 788 368 866 ἔννατον,
393 787 502 846 ἐπειδάν
526 787 554 846 ἐν
577 787 659 867 χρείᾳ
680 787 849 866 χειροτονίας
872 789 1014 863 γένωνται,
1040 787 1139 864 ἔχωσιν
1164 786 1258 846 άδειαν
1277 785 1448 864 προσκαλεῖν
1467 782 1508 854 είς
1523 787 1550 842 τέ

249 910 481 988 σταυροπηγιακὸν
504 910 583 984 ήμῶν
606 912 683 967 τοῦτο
704 911 891 986 μοναοτήριον,
912 897 945 967 ’ὁν
963 911 994 966 ἂν
1011 908 1163 982 βούλωνται
1178 913 1231 968 τῶν
1249 907 1412 987 ἀρχιερέων,
1435 907 1551 986 φέροντα

250 1029 386 1109 ἔγγραφον
410 1027 506 1089 άδειαν
532 1031 730 1110 πατριαρχικὴν
754 1027 801 1088 καὶ
825 1028 965 1104 συνοδικὴν
989 1027 1032 1089 ἐπὶ
1055 1027 1094 1108 τῷ
1118 1029 1253 1089 ἐπιτελεῖν
1277 1027 1344 1088 αὺτὸι
1366 1028 1440 1103 μετὰ
1462 1029 1551 1102 πάσης

248 1158 298 1228 τῆς
321 1158 468 1227 καιονικῆς
490 1153 716 1231 παρατηρήσεως,
749 1147 864 1210 δέκατον
888 1150 988 1210 δὲκαὶ
1011 1152 1178 1226 τελευταῖον,
1201 1150 1351 1229 ὀφείλουσιν
1374 1149 1401 1210 οί
1425 1150 1457 1209 ἐν
1481 1149 1551 1225 σωτῷ

249 1273 459 1347 συνασκοίιμενοι
488 1267 630 1333 ὁσιώτατα
659 1273 778 1351 πατέρες
804 1272 946 1351 φυλάττειν
967 1273 1001 1332 τά
1024 1273 1053 1332 ἐν
1075 1272 1114 1350 τῷ
1136 1275 1247 1352 παρόντι
1270 1272 1417 1332 ἐκτεθέντα
1439 1271 1550 1350 ἀπαρά-

248 1415 350 1474 τρεπτα
372 1393 419 1454 καὶ
442 1394 605 1474 άπαράβατα
629 1394 674 1454 διά
696 1395 796 1465 παντὸς
818 1393 865 1452 καὶ
887 1393 1027 1454 πείθεσθαι
1049 1393 1088 1473 τῷ
1110 1393 1181 1453 κατά
1203 1393 1312 1474 καιροίις
1334 1394 1487 1472 ήγουμένιρ
1506 1391 1551 1450 καί

250 1516 354 1596 διάγειν
377 1525 495 1596 σεμνῶς,
519 1515 660 1596 εἰρηνικῶς
682 1515 729 1576 καί
752 1516 903 1591 ἀμέμπτως
923 1516 993 1576 κατά
1008 1518 1053 1576 τὸν
1067 1517 1148 1576 τύπον
1163 1519 1209 1576 τοῦ
1225 1519 1443 1595 μοναστηριακοῦ
1460 1515 1549 1591 ἐπαγ-

249 1637 402 1717 γέλματος,
434 1639 587 1718 ἀφορῶντες
615 1638 683 1719 πρὸς
713 1639 760 1712 τήν
791 1641 958 1714 κοσμιότητα
981 1640 1067 1698 οώτῶν
1090 1636 1136 1698 καί
1159 1637 1207 1711 τὴν
1230 1636 1300 1696 κατὰ
1322 1637 1385 1696 θεὸν
1409 1636 1550 1714 διαγωγήν

249 1759 295 1819 καί
318 1759 459 1820 πολιτείαν
482 1758 528 1819 καί
551 1760 618 1840 πρὸς
640 1760 688 1834 τήν
712 1759 855 1834 βελτίωσιν
878 1758 925 1819 καὶ
948 1757 1060 1836 αὔξησιν
1079 1763 1126 1820 τοῦ
1140 1758 1214 1838 ἱεροῦ
1228 1759 1307 1833 ήμῶν
1323 1757 1418 1818 τούτου
1433 1777 1549 1836 σταυρο-

249 1885 385 1960 πηγιακοῦ
408 1881 597 1962 μοναστηρίου,
621 1883 750 1958 ἑπόμενοι
771 1881 810 1960 τῷ
832 1883 954 1961 θεοφιλεῖ
976 1882 1070 1960 σκοπῷ
1092 1888 1141 1958 τῆς
1164 1881 1314 1957 ἐκκλησίας
1336 1887 1385 1956 τῆς
1406 1880 1550 1961 άγρθπνως

248 2003 415 2083 προνοοὸσης
443 2002 505 2082 περὶ
534 2009 583 2078 της
614 2002 772 2075 εὐσταθείας
801 2009 854 2063 τῶν
885 2005 1070 2079 ὑποκειμένων
1099 2004 1166 2086 αῐιτῇ
1196 2007 1439 2084 σταυροπηγιακῶν
1471 2001 1549 2082 ίερῶν

250 2123 436 2204 μοναστηρίων
458 2123 505 2184 καὶ
530 2125 557 2184 ἐν
580 2127 640 2196 ταῖς
662 2123 748 2206 ἱεραῖς
771 2124 945 2197 ἀκολουθίαις
969 2125 1156 2205 διαφυλάττειν
1179 2125 1227 2200 τὴν
1250 2124 1367 2204 ἀρχαίαν
1389 2121 1549 2184 διατιῗπωσιν

251 2245 468 2326 ἀπαράτρεπτον.
500 2248 572 2317 ὁστις
596 2246 628 2306 δὲ
651 2245 697 2306 καί
720 2247 812 2318 ὁποῖος
827 2253 881 2307 τῶν
896 2253 1067 2328 χριστιανῶν,
1092 2246 1240 2327 ἱερωμένος
1258 2249 1276 2320 ἢ
1293 2245 1391 2318 λαϊκὸς
1406 2246 1549 2306 ὁποιασοῦν

249 2363 355 2439 τάξεως
377 2366 423 2427 καί
446 2368 562 2447 βαθμοῦ,
585 2369 718 2444 τολμήσει
741 2368 897 2447 παραβῆναι
920 2369 1041 2428 ὁπωσοῦν
1064 2369 1098 2426 τά
1122 2368 1149 2426 έν
1172 2367 1210 2447 τῷ
1233 2371 1344 2446 παρόντι
1361 2366 1488 2443 νομίμως
1503 2363 1547 2424 καί

237 2494 402 2570 Ικανονικῶς
425 2489 613 2568 άποφανθέντα
634 2488 680 2550 καί
704 2489 853 2570 ἀνατρέψαι
876 2510 899 2550 τι
922 2496 976 2550 τῶν
1000 2491 1127 2571 ἀνωτέρω
1150 2491 1435 2570 καταγεγραμμένων,
1458 2489 1474 2547 ὁ
1494 2508 1549 2546 τοι-

251 2613 327 2682 οῦτος
350 2609 536 2690 άφωρισμένος
559 2609 602 2686 εἴη
625 2609 672 2670 καὶ
686 2613 879 2690 κατηραμένος
894 2609 940 2671 καί
956 2607 1152 2699 άσυγχώρητος
1167 2609 1214 2672 καὶ
1230 2609 1300 2687 μετά
1316 2612 1433 2670 θάνατον
1449 2609 1548 2679 άλυτος
1603 2589 1604 2610 ¹

250 2729 296 2791 καί
318 2733 419 2804 πάσαις
440 2735 501 2804 ταῖς
522 2733 667 2813 πατρικαῖς
688 2731 736 2792 καὶ
758 2733 911 2805 συνοδικαίς
931 2733 1010 2813 άραϊς
1025 2734 1168 2806 ὑπεύθυνος
1183 2731 1230 2792 καί
1244 2731 1374 2804 ὑπόδικος
1389 2730 1437 2792 καὶ
1452 2733 1549 2808 ἔνοχος

249 2849 288 2931 τῷ
311 2852 411 2933 αἰωνίῳ
433 2852 494 2934 πυρί
516 2859 565 2930 της
588 2857 712 2934 γεέννης.
745 2855 806 2914 ὁθεν
830 2853 868 2926 είς
892 2851 1007 2927 ἔνδειξιν
1030 2854 1076 2914 καὶ
1099 2853 1211 2931 διηνεκῆ
1235 2854 1284 2928 τὴν
1308 2853 1460 2932 ἀσφάλειαν
1484 2855 1547 2930 ἐγέ-

250 2995 312 3036 νετο
334 2977 365 3035 τὸ
384 2977 470 3056 παρὸν
485 2977 619 3058 ήμέτερον
634 2977 829 3056 πατριαρχικὸν
845 2976 983 3036 συνοδικὸν
999 2975 1176 3056 σιγιλλιῶδες
1192 2976 1220 3036 ἐν
1236 2976 1409 3056 μεμβράναις
1424 2977 1546 3056 γράμμα,

251 3098 443 3178 καταστρωθέν
469 3098 521 3158 κάν
543 3097 582 3176 τῷ
606 3097 671 3178 ἱερῷ
697 3097 796 3158 κῶδικι
819 3104 867 3174 τῆς
889 3099 951 3158 καθ’
964 3099 1040 3174 ήμάς
1063 3097 1091 3157 ἐν
1116 3097 1223 3178 Χριστῷ
1246 3097 1375 3178 μεγάλης
1400 3096 1547 3171 ἐκκλησίας

251 3217 289 3298 τῷ
303 3219 355 3315 ,ἐπ’
370 3218 442 3297 αίιτῷ
465 3221 549 3300 τοὺτῳ
566 3221 732 3302 ὁιορισθέντι,
756 3219 802 3281 καί
820 3221 901 3296 ἐδόθη
918 3219 958 3291 είς
973 3222 1003 3280 τὸ
1019 3221 1101 3300 ρηθέν
1116 3221 1295 3300 μονασιήριον
1311 3219 1344 3279 ἐν
1362 3219 1431 3280 ἔτει
1446 3239 1546 3292 σωτη-

252 3340 310 3420 ρίῳ
333 3339 499 3419 χιλιοστῷ
523 3342 770 3422 έπτακοσιοστῷ
795 3341 1021 3420 ἐννενηκοστῷ
1045 3341 1177 3420 ἑβδόμῳ
1200 3343 1282 3402 κατά
1306 3347 1394 3419 μῆνα
1413 3345 1546 3422 μάρτιον
1601 3421 1602 3428 φ

252 3462 484 3538 ἐπινεμήσεως
505 3465 638 3544 πρώτης
660 3469 686 3542 †.

356 3585 586 3664 ήΓρηγὸριος,
619 3585 718 3646 ἐλέου
749 3587 826 3646 θεοῦ
857 3585 1121 3666 άρχιεπίσκοπος
1152 3584 1545 3659 Κωνσταντινουπὸλεως,

252 3703 343 3775 Νέας
365 3707 506 3787 Ῥώμης,
530 3705 585 3768 καί
609 3705 842 3782 οίκουμενικδς
863 3709 1072 3788 πατριάρχης
1094 3711 1119 3783 †.

361 3833 435 3906 Oriq.
458 3837 565 3890 membr.
587 3837 615 3889 ιἰι
636 3835 773 3891 tabulam
793 3837 951 3892 monasterii
969 3855 1028 3891 τιιιτι
1048 3835 1124 3889 bulla
1139 3835 1269 3904 plumbea
1284 3835 1422 3904 pendenti.
1456 3833 1546 3890 Edidit

253 3938 416 4007 Ευιὸμιιιίιιι
429 3939 588 3994 Καοιοτσὸάιι
600 3941 629 3994 ιἰι
640 3941 724 3994 libro:
738 3935 854 3994 Ἀττικὸν
869 3935 1056 4014 ήμερολὸγιον
1068 3936 1114 3994 τοῦ
1127 3933 1201 4002 ἔτους
1216 3928 1308 3994 1885.
1325 3939 1446 3994 Athenis.
1459 3941 1543 3994 1884.

249 4055 280 4108 ρ.
304 4043 373 4096 356.
395 4061 454 4097 cum
476 4044 664 4098 αάιιοιαιίοιιει
696 4039 804 4098 ἕπονται
836 4039 935 4098 ένδεκα
964 4037 1116 4119 ὑπογραφαὶ
1147 4037 1303 4114 συναδικῶν,
1337 4035 1384 4096 καί
1414 4039 1458 4096 ὁπ’
1472 4037 1545 4104 αὐτὸς

178 4209 180 4214 ,
253 4146 434 4221 προοαρτάται
459 4141 487 4200 ἐν
510 4147 542 4222 τη
566 4140 712 4224 μεμβράνη
736 4142 886 4217 μολυβδίνη
911 4143 1065 4222 οτρογγίλη
1088 4140 1163 4214 πλάξ
1185 4143 1329 4221 διαμέτρου
1351 4138 1406 4222 0,5
1428 4163 1456 4218 γ.
1474 4163 1501 4215 μ.

254 4242 315 4315 ἐνὸς
337 4247 453 4324 φέρουσα
477 4243 569 4306 εἰκόνα
592 4251 641 4323 τῆς
663 4247 832 4327 θεομήτορος
860 4247 888 4306 ἐν
912 4245 1050 4322 άγκάλαις
1075 4247 1191 4324 ἐχούσης
1214 4247 1258 4305 τὸν
1282 4247 1397 4326 Χριοτὸν
1420 4245 1467 4306 καὶ
1490 4245 1544 4304 ἐπι·
1579 4323 1582 4330 Ι

253 4351 372 4426 γραφήν·
397 4335 451 4408 θῙΡ
474 4336 536 4430 ίλῨη
569 4348 599 4422 ἐξ
624 4351 716 4430 ἐτέρου
740 4351 841 4424 δὲτὴν
865 4351 1015 4430 ἐπιγραφήν
1038 4351 1131 4424 τήνδε·
1166 4351 1360 4430 ήΓρηγόριος,
1393 4351 1467 4430 ἐλέῳ
1489 4351 1543 4408 θεοῦ

254 4449 467 4528 άρχιεπίσκοπος
493 4455 818 4534 Κωνσταντινουπὸλεως,
850 4455 925 4527 Νέας
948 4455 1070 4534 Ῥώμης,
1100 4454 1147 4514 καί
1175 4453 1361 4530 οίκουμενικὸς
1383 4458 1543 4534 πατριάρχης

255 4553 358 4632 ,αψῑνζ’
374 4561 398 4630 ή.
423 4564 471 4632 τῆς
495 4558 657 4635 μεμβράνης
680 4562 708 4618 τ“ο
732 4565 821 4636 μῆκος
844 4555 914 4618 εἶναι
935 4555 1011 4639 0,80
1033 4557 1078 4618 καί
1101 4559 1131 4616 τ“ο
1149 4561 1255 4632 πλάτος
1271 4557 1346 4634 0,50
1360 4561 1427 4637 γαλ.
1446 4563 1541 4640 μέτρου.

757 4804 1058 4812 ————-——-—.
