3246 5288
1320 343 1383 406 411

63 540 219 614 γελισμού
247 541 354 611 ταύταις
383 540 533 621 συνδράμῃ,
563 543 614 598 κάν
647 539 697 614 μὲν
710 537 729 620 ¹)
752 545 785 620 τῇ
816 539 882 618 ἁγίᾳ
904 537 950 598 καί
981 536 1095 619 μεγάλῃ
1124 539 1246 618 πέμπτη,
1277 541 1384 618 κάντή

66 663 198 744 μεγάλῃ
221 668 389 743 παρασκευῇ,
419 665 471 721 κάν
495 657 601 742 αύτῷί)
625 663 701 739 μόνῳ
722 659 761 739 τῷ
784 661 855 738 ἁγίῳ
877 659 924 718 καί
947 658 1065 738 μεγάλῳ
1093 659 1234 737 σαββάτῳ,
1265 660 1315 718 ούκ
1337 656 1384 736 ίχ-

66 785 163 862 θύων,
199 783 268 843 ἀλλ’
286 781 400 863 όσπρίων
426 781 473 842 καί
503 783 637 859 λαχάνων
668 787 853 861 μαγιιρευτών
884 780 979 840 ἐλαίου
1009 781 1135 858 μετόχων
1166 767 1385 857 μεταληψόμεθα

65 903 123 964 καί
150 904 225 966 οἴνου
247 905 373 980 πιιύμεθα
396 905 467 980 μετά
488 907 534 964 τού
557 904 686 980 συνήθους
708 902 901 983 κρασοβολίου,
924 901 972 962 καί
986 901 1021 962 τδι
1037 901 1177 984 είκύτατή
1194 902 1273 983 ἑορτή
1295 903 1385 961 πάντα

68 1030 254 1102 ποιήσωμεν.
285 1033 318 1109 τῇ
341 1027 426 1086 τοίνυν
450 1027 516 1108 άγίᾳ
537 1026 648 1108 πέμπτῃ
669 1024 740 1084 κατὰ
754 1011 804 1097 τάς
828 1020 1041 1100 ἀπολελυμένας
1062 1025 1170 1102 ἡμέρας
1184 1029 1234 1098 τῆς
1249 1043 1384 1103 τεσσαρα-

70 1155 187 1224 κοστῆς
209 1151 227 1223 ή
252 1149 367 1220 ἑστίασις
391 1149 464 1208 ἔσται
487 1149 548 1223 ύμῖν
572 1149 600 1207 ἐν
623 1168 652 1206 τε
673 1149 731 1219 τοῖς
755 1145 884 1222 ἐδέσμασι
906 1144 953 1206 καὶ
975 1145 1014 1226 τῷ
1037 1145 1110 1226 οίνῳ.
1148 1151 1182 1227 τῇ
1206 1148 1298 1221 μέντοι
1320 1145 1386 1226 ἀγίφ

69 1276 245 1352 παρασκευῇ
261 1268 322 1330 ούτε
345 1271 547 1348 μαγειρευτέον,
572 1267 633 1328 ούτε
648 1269 784 1347 τραπέζης
799 1270 979 1348 φροντιστέον,
1003 1267 1064 1328 ούτε
1080 1269 1200 1347 βρωτέον
1214 1269 1246 1326 τδ
1260 1267 1384 1343 σύνολον,

72 1392 161 1452 ἀλλά
190 1395 297 1466 νήστεις
320 1391 425 1468 διάγειν
448 1393 552 1461 πάντας
576 1388 660 1462 εἰκός,
692 1391 721 1450 ἐν
745 1389 776 1450 δὲ
798 1389 837 1467 τῷ
861 1389 931 1469 άγίῳ
954 1388 1084 1468 σαββάτῳ
1108 1392 1192 1464 μόνος
1215 1388 1387 1462 διακλασμδς

73 1515 202 1590 γινέσθω
230 1513 300 1588 μετά
321 1514 370 1588 τήν
393 1519 443 1588 τής
470 1511 545 1586 θείας
572 1512 725 1592 ἱερουργίας
752 1512 884 1572 ἀπόλυσιν
908 1512 997 1592 ἐντῷ
1026 1513 1141 1592 νάρθηκι
1163 1510 1225 1592 περὶ
1255 1511 1345 1591 τρίτην
1368 1513 1386 1586 η

72 1638 213 1714 τετάρτην
243 1635 367 1713 φυλακὴν
397 1640 447 1710 τῆς
475 1635 570 1706 νυκτός
599 1635 761 1714 ὀφειλούσης
790 1633 937 1694 τελεῖσθαι.
991 1635 1008 1708 ή
1040 1634 1070 1694 δὲ
1100 1641 1150 1711 τής
1180 1633 1310 1712 μεγάλης
1340 1631 1387 1691 καί

73 1757 279 1836 λαμπροφύρου
302 1756 383 1834 άγίας
405 1761 537 1837 κυριακῆς
559 1754 709 1816 ἀκολουθία
723 1760 798 1814 πᾶσα
813 1755 885 1815 κατά
899 1755 948 1830 τήν
963 1760 1010 1816 τού
1024 1759 1134 1816 τυπικού
1158 1751 1278 1827 διάταξιν
1300 1755 1385 1814 τελε·
1452 1789 1456 1796 -

75 1880 222 1954 σθήσεται.
268 1881 360 1938 τοῦτον
383 1878 434 1953 μὲν
457 1877 491 1952 δή
514 1879 560 1936 τόν
590 1878 689 1956 τρόπον
711 1879 729 1954 ἡ
754 1877 838 1958 ἐντή
869 1876 935 1958 ἁγίᾳ
964 1875 1010 1936 καὶ
1041 1877 1154 1957 μεγάλῃ
1184 1881 1387 1956 τεσσαρακοστῇ

77 2000 175 2059 δίαιτα
197 2004 251 2058 τῶν
273 1997 377 2079 τροφῶν
402 1998 500 2078 ἐχέτω,
530 2004 580 2074 τής
601 1997 663 2078 περὶ
684 1997 738 2057 τῶν
761 1998 943 2058 ἀσθενούντων
966 1997 1105 2076 φροντίδος
1126 2004 1159 2079 τῇ
1184 1996 1318 2077 διακρίσει
1340 2001 1387 2057 τού

76 2125 255 2200 προεστῶτος
284 2122 476 2197 ἀνακειμένης.
522 2119 593 2179 κατά
623 2119 654 2180 δέ
684 2141 718 2200 γε
740 2122 789 2195 τὴν
816 2127 865 2194 τῆς
896 2119 1103 2195 διακαινηοίμου
1134 2118 1280 2194 ἑβδομάδα
1308 2119 1386 2199 τυρόν

77 2241 127 2301 καί
151 2242 196 2300 ὡά
211 2240 259 2302 καί
273 2243 350 2320 γάλα
373 2241 493 2322 βρωτέσν
514 2242 706 2316 καθ’ἑκάστην
729 2242 921 2322 ἀπαραιτήτως
943 2239 990 2301 καί
1005 2240 1077 2302 οἴνου
1100 2241 1302 2317 μεταληπτέον.
1334 2241 1387 2301 ἀπό

79 2366 177 2440 μέντοι
200 2369 250 2439 τῆς
273 2363 401 2444 δευτέρας
422 2367 470 2423 τοῦ
492 2361 570 2442 ἀγίου
597 2363 750 2424 ἀποστόλου
773 2362 864 2438 Θωμά
887 2364 916 2424 ἐν
940 2365 990 2439 μὲν
1013 2366 1071 2435 ταῖς
1093 2366 1201 2444 τετράσι
1223 2361 1270 2423 καὶ
1293 2385 1386 2444 παρα-

80 2488 197 2558 σκευαῖς
219 2484 265 2544 καὶ
292 2484 392 2565 τρίταις
415 2483 482 2564 φημί
512 2489 591 2565 τυρού
612 2483 659 2544 καί
682 2486 744 2545 ὠῶν
767 2484 813 2545 καί
842 2485 985 2564 γάλακτος
1015 2485 1109 2561 ἐπίσης
1140 2485 1292 2564 ἀπέχεσθαι
1321 2487 1387 2565 χρή,

81 2609 181 2668 ἔλαιον
205 2607 237 2668 δέ
268 2607 363 2668 ἐσθίειν
386 2604 433 2668 καί
456 2601 529 2668 οίνον
559 2606 643 2666 πίνειν
667 2605 751 2686 εἰκός,
781 2607 859 2668 ἀλλά
883 2607 991 2683 μήκαὶ
1015 2606 1198 2688 ίχθυοφαγείν,
1228 2609 1290 2667 καθ’
1303 2609 1333 2666 όν
1357 2606 1388 2667 δὲ

82 2731 300 2790 Παλαιστινόθεν
322 2729 519 2810 παρελάβομεν
541 2730 622 2790 τύπον
638 2729 709 2804 μετὰ
722 2730 771 2804 τὴν
792 2729 912 2807 ἐσχάτην
932 2729 1076 2806 ἑβδομάδα
1098 2735 1188 2790 πᾶσαν
1211 2735 1261 2805 τῆς
1283 2749 1387 2804 πεντη-

80 2857 187 2928 κοστής
208 2851 269 2927 ήτοι
291 2854 337 2912 τού
360 2851 438 2931 ἀγίου
459 2852 613 2926 πνεύματος
634 2849 681 2910 καί
705 2852 734 2910 ἐν
757 2851 824 2932 αὐτῇ
842 2846 897 2936 [τη]
908 2847 933 2934 ³)
949 2857 999 2927 τῆς
1022 2849 1225 2928 διακαινηοίμου
1247 2854 1326 2930 τυροῦ
1340 2848 1388 2908 καὶ

80 2975 228 3050 γάλακτος
249 2972 296 3032 καί
319 2972 391 3033 οίνου
414 2971 639 3048 μεταλαμβάνειν
662 2971 820 3052 δφειλομεν.

192 3091 241 3168 ις’.
266 3095 379 3170 Ῥητέον
403 3091 448 3154 ούν
463 3091 510 3154 καί
525 3092 588 3174 περὶ
606 3099 657 3169 τῆς
671 3099 725 3154 τῶν
748 3094 834 3174 άγίων
856 3093 1016 3154 ἀποστόλων
1039 3095 1166 3170 νηστείας
1180 3092 1227 3154 καί
1244 3094 1272 3154 ἐν
1286 3096 1388 3166 πάσαις

81 3220 145 3289 ταῖς
169 3216 306 3296 δευτέραις
329 3214 375 3276 καί
397 3219 505 3298 τετράσι
527 3213 574 3276 καί
595 3218 790 3296 παρασκευαῖς,
818 3217 857 3275 ότι
879 3217 910 3276 τό
933 3217 1018 3296 ,,θεδς
1039 3217 1152 3298 κύριοςιι
1176 3216 1206 3276 ού
1228 3215 1386 3296 βάλλομεν,

82 3337 147 3397 δι’δ
169 3336 216 3398 καί
239 3337 309 3412 μετὰ
323 3337 355 3396 τό
377 3337 541 3412 τελεσθῆναι
563 3337 612 3413 τὴν
630 3342 720 3396 πᾶσαν
735 3343 785 3413 τῆς
800 3338 907 3417 ἡμέρας
930 3337 1105 3417 ἀκολουθίαν,
1128 3340 1177 3412 τήν
1191 3359 1222 3397 τε
1237 3342 1291 3396 τῶν
1308 3340 1386 3417 ὡρῶν

82 3459 131 3520 καί
154 3464 201 3520 τού
224 3461 373 3540 ἑστερινσύ,
404 3459 496 3530 καθὼς
518 3457 565 3520 καί
587 3461 618 3528 τό,
640 3465 690 3534 τῆς
713 3458 864 3536 ἐκκλησίας
892 3457 1000 3532 διέξεισι
1023 3461 1141 3538 τυπικόν,
1170 3458 1293 3520 καλείτω
1316 3459 1388 3534 ύμάς

82 3585 100 3656 ή
124 3583 247 3662 τράπεζα
268 3581 340 3641 κατὰ
361 3584 407 3641 τόν
430 3581 559 3662 ἀνωτέρω
582 3581 747 3658 διαταγέντα
768 3583 858 3658 τύπον,
887 3581 1010 3658 ἑβδόμης
1032 3584 1107 3662 ὥρας
1128 3587 1177 3657 τής
1199 3583 1306 3662 ἡμέρας
1330 3582 1388 3641 ἐνι-

84 3705 237 3780 σταμένης·
261 3705 290 3763 ἐν
312 3703 421 3774 ταύταις
443 3704 497 3784 γάρ
520 3702 581 3764 οὔτε
604 3709 790 3783 μαγειρευτῶν
812 3725 894 3784 τινος,
918 3702 979 3764 οὔτε
1003 3704 1107 3784 ἐλαίου,
1131 3702 1192 3763 οὔτε
1207 3702 1279 3764 οἴνου
1296 3723 1386 3778 μετα-

83 3827 217 3905 ληπτέον,
240 3823 308 3886 ἀλλ“
322 3824 437 3906 δσπρίων
461 3823 548 3904 ἑφθῶν
570 3823 617 3885 καί
640 3825 772 3903 λαχάνων
796 3825 881 3900 ἀμῶν
902 3824 949 3886 καί
965 3831 1019 3885 τῶν
1039 3827 1111 3886 κατὰ
1124 3827 1173 3901 τὴν
1195 3827 1302 3906 ἡμέραν
1322 3825 1388 3898 ἴσως

84 3949 202 4028 όπωρῶν
217 3945 264 4006 καί
278 3947 387 4018 ύδατος.
418 3947 447 4006 ἐν
471 3946 502 4006 δέ
524 3967 558 4024 γε
580 3949 640 4017 ταῖς
662 3947 762 4028 τρίταις
784 3945 831 4006 καί
853 3949 990 4023 πέμπταις
1013 3947 1059 4008 δύο
1084 3945 1223 4023 ἐδέσματα
1239 3947 1284 4006 οίιν
1302 3947 1388 4027 ἐλαίῳ

85 4067 178 4147 ἐψητῷ
206 4069 267 4144 ὑμῖν
291 4069 470 4128 ἐσθιέσθωσαν
493 4067 539 4129 καὶ
563 4067 634 4130 οἴνου
656 4071 755 4129 πινέτω
779 4071 894 4140 ἕκαστος
910 4068 955 4128 διά
974 4073 1021 4129 τού
1041 4071 1169 4145 συνήθους
1191 4068 1386 4149 κρασοβολίου,

84 4190 163 4250 ἀλλὰ
178 4187 225 4250 καί
240 4190 348 4263 δεῖπνος
371 4192 386 4249 ό
409 4192 526 4266 συνήθης
548 4191 747 4270 παρατιθέσθω,
772 4191 851 4270 ἄρτου
866 4189 891 4250 τὶ
913 4192 1010 4271 τρύφος
1024 4189 1072 4251 καί
1095 4189 1237 4270 όλιγοσταὶ
1259 4191 1386 4264 ἐλαῖαιή

85 4311 188 4391 όπῶραι
211 4310 250 4389 τῷ
264 4309 351 4392 καιρῷ
374 4313 517 4392 πρόσφοροι
525 4309 551 4396 ⁴)
575 4311 621 4372 καί
637 4307 710 4384 σίνος
731 4313 849 4373 πινέσθω
870 4312 941 4388 μετά
955 4317 1001 4374 τού
1025 4313 1171 4386 ἐλάττονος
1193 4311 1384 4392 κρασοβολίου,

85 4433 216 4504 ὡσαύτως
227 4432 279 4492 κάν
291 4435 348 4503 τοῖς
363 4432 511 4508 σαββάτοις
522 4432 569 4492 καί
580 4435 639 4504 ταῖς
653 4435 805 4513 κυριακοιίς,
823 4433 851 4492 ἐν
864 4425 908 4504 αἶς
921 4433 954 4508 δὴ
966 4431 1014 4493 καί
1024 4433 1107 4515 τρισίν
1124 4433 1271 4510 ἐδέσμασιν
1283 4455 1387 4514 μαγει-

90 4591 272 4600 ——--.-

193 4693 211 4760 ¹)
231 4689 254 4742 ἐν
272 4692 303 4744 Ε,
376 4693 397 4758 ²)
417 4689 440 4742 ἐν
459 4689 525 4760 αύτῷ
544 4693 575 4744 E.
646 4692 668 4759 ³)
688 4692 885 4761 supplevimus.
958 4693 979 4760 ι)
998 4692 1136 4760 πρόσροραι
1154 4694 1186 4745 E.
