3194 5298
1284 365 1345 430 169

48 570 101 621 τῶν
125 567 221 640 ψαχῶν
242 569 297 622 τῶν
321 563 411 622 ἐκεῖσε
433 565 568 642 παρέντων
590 564 695 624 παίδων
717 569 766 638 τῆς
790 562 932 634 βασιλείας
955 583 1016 640 μου,
1040 564 1079 634 ῶς
1101 561 1147 620 καὶ
1171 565 1246 620 όνῦν
1262 561 1343 642 ίερὼ-

49 706 131 755 τπος
164 685 367 766 μητροπολίτης
394 685 602 762 θίονεμβασίας,
633 686 777 764 ῦπέρτιμισς
800 681 848 743 καί
871 680 990 762 ἔξαρχος
1011 685 1101 758 πάσης
1125 683 1345 764 Πελοποννήσου,

48 808 141 884 κύριος
158 805 295 878 Ἀκάκισς,
321 805 401 878 ἔταξε
420 807 491 868 κατὰ
506 808 553 882 τῆν
573 807 719 886 περίληψιν
734 810 779 866 τοῦ
796 804 840 864 ἐπὶ
856 805 940 884 τούτῳ
954 805 1106 884 προβάντος
1121 805 1345 886 ἀργυροβούλλου

48 934 93 988 τσῦ
108 930 291 1009 περιποθήτου
308 929 475 1008 αὐταδέλρου
490 935 539 1006 τῆς
555 929 698 1003 βασιλείας
714 949 775 1006 μου,
797 929 1047 1006 πανευτυχεστάτου
1062 927 1191 988 δεσπότου
1205 933 1251 988 τοῦ
1268 929 1343 1008 Πορ-

47 1054 247 1130 ηυρσγεννῆτσυ
274 1055 325 1131 κῦρ
347 1049 493 1130 θεοδῶρσυ
520 1056 565 1110 τοῦ
590 1051 800 1129 Παλαιολόγσυ·
839 1049 999 1128 ἐπιχορηγεῖ
1027 1050 1093 1124 αῦτη
1122 1048 1165 1108 ἐπὶ
1191 1051 1344 1130 τούτῳκαὶ

43 1170 226 1252 Ιἐπιβραβεύει
252 1173 298 1232 τόν
325 1175 445 1252 παρόντα
471 1171 680 1253 χρυσόβονλλον
703 1171 789 1249 λόγον
813 1173 905 1249 αὐτῆς,
933 1168 967 1230 δι’
980 1165 1010 1231 ού
1033 1170 1149 1250 εύδοκεῖ,
1176 1170 1344 1252 προστάσσει,

48 1295 168 1368 θεσπίζει
194 1293 242 1354 καί
269 1295 421 1375 διορίζεται,
449 1295 492 1354 ἵνα
518 1298 549 1356 τό
577 1294 720 1376 εἰρημένον
748 1293 971 1374 ἀργυρόβουλλσν
997 1299 1043 1354 τοῦ
1070 1295 1250 1374 περιποθήτου
1278 1295 1344 1354 αύτ-

48 1418 171 1496 αδὲλρτυ
192 1423 242 1494 τῆς
266 1417 408 1491 βασιλείας
431 1439 492 1497 μου,
515 1419 762 1496 πανευτυχεστάτου
786 1417 915 1478 δεσπότου
937 1421 983 1476 τοῦ
1004 1417 1268 1498 Ιίορρυρογεννῆτου,
1292 1418 1345 1498 ἔχη

48 1541 76 1597 τό
99 1542 224 1619 στέργον,
255 1540 286 1598 τδ
308 1544 389 1620 κῦρος
411 1539 457 1600 καί
481 1539 607 1616 βέβαιον,
647 1537 694 1598 καί
716 1541 824 1621 κατέχῃ
847 1539 900 1597 ἀπό
923 1543 969 1598 τοῦ
991 1543 1035 1598 νῦν
1058 1537 1105 1598 καί
1128 1537 1166 1610 εἰς
1188 1541 1219 1598 τό
1240 1536 1304 1616 ἑξῆς
1327 1541 1344 1614 ῆ

49 1663 188 1739 άγιωτάτη
219 1660 389 1741 μητρόπολις
412 1661 610 1738 Μονεμβασίας
633 1663 681 1736 τῆν
704 1659 850 1741 εἰρημένην
872 1663 967 1740 χώραν
989 1665 1035 1720 τοῦ
1059 1660 1252 1734 Ἐλικσβσυνοῦ
1276 1662 1345 1735 μετὰ

48 1787 93 1841 τοῦ
118 1784 149 1842 ἐν
172 1783 239 1864 αἰτῇ
262 1783 363 1864 πύργου
385 1780 432 1842 καὶ
453 1785 542 1860 πάσης
556 1790 606 1858 τῆς
621 1789 753 1863 περιοχῆς
770 1783 853 1859 αύτῆς
870 1783 1055 1864 άναραιρέτως
1069 1781 1116 1844 καὶ
1132 1779 1344 1856 ἀναποσπάστως

48 1905 120 1963 κατὰ
150 1905 198 1980 τῆν
229 1903 375 1985 περίληψιν
402 1901 450 1964 καὶ
478 1903 551 1983 ἰσχύν
581 1904 627 1965 καί
656 1906 766 1981 δύναμιν
793 1909 839 1965 τοῦ
869 1903 1011 1985 εἰρημένου
1035 1903 1267 1985 ἀργυροβούλλου,
1297 1903 1344 1964 καί

49 2027 142 2099 καθὼς
173 2025 298 2103 εὐλόγως
326 2027 475 2092 δικαιοῦται
503 2028 545 2088 ἐπ’
563 2025 634 2105 οἰστῷ
662 2029 700 2104 μὴ
729 2029 885 2108 εύρίσκσυσα
911 2030 991 2107 χάριν
1018 2029 1110 2088 τούτου
1137 2029 1185 2102 τῆν
1212 2031 1344 2107 τυχοῦσαν

52 2149 192 2228 ἐπήρειαν,
220 2150 383 2229 όρειλόντων
405 2150 551 2210 τῶνκατόι
572 2153 683 2230 καιρούς
707 2150 904 2231 ἀρχιερατικῶς
926 2152 1128 2230 προϊσταμένων
1150 2151 1200 2225 τῆς
1221 2152 1345 2226 τοιαύτης

52 2271 250 2352 μητροπόλεως
275 2270 398 2332 ἐκτελεῖν
420 2271 467 2332 καί
489 2276 576 2334 ποιεῖν
598 2274 793 2349 καθ’ἑκάστην
818 2272 960 2347 ἑβδομάδα
988 2271 1023 2332 δι’
1036 2271 1102 2332 όλου
1117 2277 1163 2332 τοῦ
1179 2272 1300 2332 ἐνιαυτοῦ
1316 2273 1345 2332 ἐν

51 2396 108 2466 ταῖς
130 2400 180 2470 τῆς
201 2391 333 2474 τετράδος
353 2391 401 2454 καί
423 2399 468 2456 τοῦ
491 2396 629 2471 σαββάτου
650 2397 768 2475 ῆμέραις
789 2395 962 2474 λειτουργίας
985 2393 1032 2454 δύο
1047 2393 1180 2470 διηνεκῶς
1195 2393 1242 2454 καί
1258 2394 1344 2454 ἀνελ-

52 2514 138 2588 λιπῶς
165 2516 232 2595 ὑπὲρ
258 2521 312 2574 τῶν
339 2521 433 2595 ψυχῶν
455 2525 509 2578 τῶν
533 2517 621 2578 ἐκεῖσε
644 2519 780 2597 ταρέντων
802 2515 908 2577 παίδων
929 2524 979 2594 τῆς
1002 2516 1145 2592 βασιλείας
1168 2538 1229 2596 μου,
1252 2517 1346 2589 καθίσς

53 2637 96 2696 καί
118 2644 163 2699 νῦν
186 2642 201 2700 ό
224 2639 370 2720 ἱερώτατος
392 2639 595 2719 μητροπολίιης
617 2647 666 2716 τῆς
690 2643 772 2716 αύτῆς
796 2640 957 2718 ἐκκλησίας,
988 2640 1132 2720 ύπέρτιμος
1152 2637 1200 2698 καί
1227 2637 1345 2717 ἔξαρχος

53 2762 138 2836 πάσης
154 2761 379 2841 Πελοποννήσου,
402 2763 493 2843 κύριος
509 2764 646 2841 Ἀκάκιος,
672 2760 751 2835 ἔταξε
773 2767 850 2824 τοῦτο
867 2763 1009 2833 ἀπαύστως
1023 2765 1117 2822 ποιεῖν.
1146 2767 1179 2843 τῆ
1194 2765 1259 2838 γοῦν
1275 2759 1345 2838 ἰσχύι

54 2879 96 2940 καί
123 2881 236 2959 δυνάμει
262 2887 309 2946 τοῦ
335 2887 467 2964 παρόντος
492 2885 699 2964 χρυσοβούλλου
725 2885 811 2963 λόγου
833 2891 882 2960 τῆς
905 2882 1049 2958 βασιλείας
1071 2903 1122 2958 μου
1145 2879 1201 2954 ἔξει
1224 2882 1277 2942 άπδ
1299 2887 1345 2943 τοῦ

54 3006 94 3062 νῖν
116 3002 163 3064 καί
186 3003 226 3078 είς
252 3007 283 3066 τδ
306 3003 372 3083 ἑξῆς
394 3007 424 3066 τό
448 3005 589 3086 εἰρημένον
613 3006 835 3086 ἀργυρόβουλλον
857 3009 903 3068 τοῦ
918 3007 1096 3084 περιποθήτου
1113 3003 1280 3083 αύταδέλρου
1294 3011 1345 3080 τῆς

55 3124 195 3200 βασιλείας
217 3148 280 3206 μου,
303 3131 552 3206 πανευτυχεστοίτου
575 3127 705 3188 δεσπότου
726 3131 773 3188 τοῦ
789 3128 1044 3208 Πορρνρογεννῆτου
1065 3131 1114 3206 κύρ
1130 3124 1276 3206 Θεοδώρου
1297 3131 1343 3186 τοῦ

56 3247 258 3330 Παλαιολόγου,
281 3251 311 3312 τδ
334 3251 456 3330 στέργον,
479 3249 510 3309 τό
531 3254 612 3330 κῦρος
634 3248 680 3310 καὶ
704 3249 826 3329 βέβαιον,
848 3248 895 3309 καί
918 3245 1029 3321 καθέξει
1049 3250 1066 3324 ῆ
1083 3233 1240 3325 δηλωθεῖόα
1256 3249 1343 3328 άγιω-

55 3373 115 3448 τότε,
143 3373 313 3453 μητρόπολις
336 3371 534 3449 Μονεμβασίας
562 3372 609 3448 τῆν
637 3370 782 3452 εἰρημένην
804 3375 899 3452 χῶραν
920 3375 967 3432 τοῦ
991 3372 1185 3447 Ἑλικοβουνοϋ
1208 3371 1277 3447 μετὰ
1299 3375 1345 3432 τοῦ

56 3490 81 3550 ἐν
106 3497 173 3576 αῦτῆ
201 3495 303 3574 πύργου
330 3493 376 3554 καί
403 3497 493 3571 πάσης
519 3502 568 3572 τῆς
594 3500 727 3576 περιοχῆς
750 3497 833 3570 αύτῆς
856 3495 1041 3575 ἀναφαιρέτως
1062 3490 1110 3554 καί
1132 3493 1345 3566 ἐναπσσττάστιυς

56 3616 119 3674 κατὰ
147 3616 197 3692 τῆν
226 3616 372 3698 περίληψιν
401 3615 448 3676 καὶ
478 3615 552 3694 ἰσχύν
580 3616 628 3676 καί
655 3617 767 3692 δύναμιν
789 3621 834 3678 τοῦ
864 3615 1006 3698 εἰρημένου
1035 3614 1268 3696 ἀργυροβούλλου,
1298 3613 1345 3676 καί

56 3737 141 3809 καθὼς
169 3739 296 3816 εὐλόγως
323 3738 472 3800 δικαιοῦται
500 3736 542 3800 ἐπ’
557 3738 637 3818 αύτῷ,
669 3740 707 3815 μὴ
732 3740 889 3819 εύρίοκσυσα
911 3741 992 3818 χάριν
1018 3739 1110 3799 τούτου
1138 3738 1186 3812 τἠν
1214 3742 1346 3816 τυχοῦσαν

58 3855 188 3941 ἐπήρειαν,
216 3857 378 3938 δρειλόντων
405 3867 459 3921 τῶν
481 3860 553 3924 κατὰ
574 3862 684 3942 καιρούς
707 3862 905 3943 ἁρχιερατικῶς
927 3863 1129 3942 προϊσταμένων
1151 3868 1200 3938 τῆς
1221 3861 1346 3937 τοιαύτης

58 3983 246 4062 μητροπόλεως
274 3983 398 4044 ἐκτελεῖν
425 3982 471 4044 καί
498 3987 583 4044 ποιεῖν
610 3985 673 4044 καθ’
691 3985 807 4059 ἑκάστην
836 3983 981 4059 ἑβδομάδα
1008 3982 1042 4042 δι’
1055 3983 1122 4044 όλου
1148 3987 1194 4044 τοῦ
1224 3983 1343 4044 ἐνιαυτοῦ

58 4100 162 4177 ἐντοῖς
190 4111 241 4180 τῆς
267 4105 397 4186 τετράδος
423 4105 470 4166 καί
495 4111 542 4166 τοῦ
569 4105 707 4181 σαββάτου
730 4107 847 4185 ἡμέραις
874 4105 1046 4188 λειτουργίας
1070 4105 1116 4164 δύο
1140 4105 1274 4182 διηνεκῶς
1297 4105 1343 4164 καὶ

58 4221 207 4300 ἂνελλιπῶς
229 4227 295 4308 ὑπὲρ
317 4235 371 4288 τῶν
387 4232 480 4306 ψυχῶν
495 4235 548 4288 τῶν
566 4229 655 4290 ἐκεῖσε
670 4229 806 4308 ταρέντων
821 4227 926 4290 παίδων
941 4235 991 4306 τῆς
1007 4227 1149 4300 βασιλείας
1165 4247 1226 4308 μου,
1249 4227 1343 4300 καθὼς

59 4345 96 4406 καί
121 4349 135 4408 ό
160 4353 206 4409 νῦν
229 4347 375 4430 ἱερώτατος
402 4349 604 4430 μητροπολίτης
626 4359 675 4426 τῆς
699 4353 781 4427 οιῦτῆς
805 4349 965 4428 ἐκκλησίας,
989 4351 1133 4429 ύπέρτιμος
1156 4348 1202 4410 καί
1227 4347 1345 4429 ἔξαρχος

59 4469 134 4546 πάσης
157 4471 380 4552 Πελοποννήσου,
402 4473 492 4551 κύριος
515 4473 651 4548 Ἀνίκιος,
676 4469 756 4545 ἔταξε
779 4477 856 4532 τοῦτο
880 4473 1022 4543 ἀπαύστως
1044 4474 1139 4532 ποιεῖν.
1174 4473 1266 4532 τούτου
1289 4473 1343 4552 γόιρ

59 4593 127 4670 χάριν
155 4593 266 4674 ἐγένετο
293 4593 341 4654 καί
368 4595 498 4676 όπαρύιν
526 4594 734 4674 χρυσόβονλλσς
756 4595 843 4672 λόγος
865 4601 913 4670 τῆς
937 4593 1079 4672 βασιλείας
1103 4615 1164 4674 μου,
1199 4591 1344 4666 ἀπολυθείς

65 4715 138 4778 κατὰ
160 4723 247 4802 μῆνα
271 4719 498 4802 σεπτέμβρισν
520 4727 578 4804 τῆς
601 4719 819 4801 ἐνισταμένης
843 4717 880 4782 ιδ’
902 4717 961 4787 ἰνδ,
976 4722 1031 4780 τοῦ
1054 4715 1346 4804 ἔξακισχιλιοστσύ
