3246 5288
237 365 300 430 438

237 559 323 636 λόγον
347 557 391 618 διὰ
413 557 499 636 λόγου
521 557 592 617 κατὰ
607 559 693 636 σάρκα
716 556 846 630 τεκούσης
861 575 893 613 σε
914 557 1105 634 πανοιχράντου
1127 552 1269 626 δεσποίνης
1290 554 1369 628 ἡμῶν
1389 551 1545 628 θεοτόκου,

239 683 318 740 αίποῦ
341 679 375 755 δὴ
397 682 444 739 τοῦ
467 678 540 738 θείου
564 678 724 758 Προδρόμου
745 675 793 738 καὶ
808 678 960 738 Βαπτιστοῦ
982 675 1028 736 καὶ
1051 678 1159 735 πάντων
1182 695 1228 736 σου
1249 679 1304 735 τῶν
1327 672 1422 752 άγίων,
1445 673 1543 748 ἀμήν.

642 885 721 968 Περὶ
744 887 862 968 έρόρου
884 884 941 946 καὶ
962 888 1131 966 κτήτορος.

294 1029 296 1036 ’
342 1044 439 1117 Οῦτως
465 1041 511 1105 οὖν
539 1045 612 1123 ἔχων
638 1041 685 1104 καὶ
712 1042 773 1123 περὶ
794 1043 886 1102 τοίιτου
908 1041 1052 1122 φροντίζων
1074 1039 1121 1101 καί
1144 1044 1189 1102 τοῦ
1212 1042 1274 1100 θεοῦ
1298 1040 1429 1114 δεόμενος
1452 1032 1541 1117 εὗρον

238 1167 283 1226 τόν
298 1168 477 1247 περιπόθητον
500 1165 626 1244 γαμβρόν
648 1169 694 1226 τοῦ
717 1169 846 1245 κραταιοῦ
867 1163 914 1224 καὶ
930 1164 1007 1243 ἁγίου
1023 1183 1074 1239 μου
1097 1163 1223 1223 αῦθέντου
1244 1161 1291 1222 καί
1316 1161 1463 1239 βασιλέως,
1492 1162 1540 1220 τδν

238 1289 329 1368 κίιριον
352 1307 403 1364 μου
425 1289 471 1347 τδν
494 1289 582 1365 μέγαν
610 1287 768 1363 δομέστικον
793 1281 852 1371 [κῦρ
879 1285 1005 1379 Ἰωάννην
1027 1286 1072 1344 τόν
1095 1279 1331 1369 Καντακουζηνόν]
1341 1283 1374 1362 ¹),
1398 1285 1428 1344 οίι
1450 1285 1540 1358 μόνον

240 1409 303 1470 όντσι
332 1405 586 1489 γριστιανικιιίτατον
616 1407 663 1469 καὶ
692 1411 782 1485 πάσης
813 1408 988 1487 ἀγαθωσύνης
1017 1406 1245 1486 πεπληρωμένον,
1275 1405 1342 1464 ἀλλ’
1359 1405 1399 1465 δτι
1425 1403 1473 1464 καὶ
1505 1405 1540 1464 ἐκ

241 1534 382 1610 προγόνων
409 1529 455 1591 καί
477 1533 582 1611 γονέων
605 1529 723 1607 εθσεβῶν
746 1529 793 1590 καί
814 1535 915 1590 πιστῶν
937 1529 1086 1608 προῆλθεν,
1114 1531 1206 1608 ῶσπερ
1228 1529 1269 1600 τις
1291 1529 1406 1606 εδγενὴς
1427 1527 1539 1598 κλάδος

241 1651 272 1725 έξ
299 1653 425 1732 εῦγενοῦς
448 1653 523 1733 ῥίζης
545 1651 592 1712 καί
615 1653 731 1732 ἀγαθῆς.
769 1655 859 1732 ῶσπερ
883 1647 928 1712 οὖν
950 1653 965 1710 ό
989 1651 1140 1731 μακαρίτης
1163 1651 1277 1730 ἐκεῖνος,
1300 1651 1315 1708 ό
1339 1649 1406 1726 έμδς
1431 1653 1537 1728 πατὴρ,

239 1774 288 1850 πἠν
314 1775 437 1850 τοιαθτην
461 1759 615 1849 Ισεβοιομίαίι
642 1775 728 1848 μονὴν
753 1771 814 1849 ἐμοὶ
837 1774 1020 1852 προοανέθετο
1042 1770 1090 1831 καὶ
1113 1769 1202 1843 οῦδείς
1225 1770 1313 1842 ἀλλος
1335 1768 1482 1849 κῦριοςῆν
1508 1771 1538 1830 ἐν

241 1898 318 1978 αὕτη,
342 1897 427 1968 οὓτως
451 1895 507 1975 ἐγὼ
529 1893 576 1955 καὶ
598 1893 701 1976 όμάςδ)
724 1891 771 1954 καὶ
785 1889 819 1954 τά
833 1901 884 1971 τῆς
907 1899 993 1970 μονῆς
1016 1895 1122 1953 ἅπαντα
1143 1895 1293 1973 πράγματα
1315 1891 1354 1972 τῷ
1375 1892 1458 1972 κυρίῳ
1482 1913 1538 1968 μου

241 2017 280 2096 τῷ
310 2019 428 2097 μεγάλῳ
456 2016 608 2095 δομεστίκιρ
634 2016 777 2097 παραδίδω
803 2015 850 2075 καί
875 2011 1019 2092 ἀνατίθημι
1041 2013 1088 2076 καί
1109 2016 1199 2096 κθριον
1227 2015 1305 2074 αῦτδν
1327 2019 1398 2075 ποιῶ
1421 1999 1466 2074 διὰ
1488 2018 1538 2073 τοῦ

240 2142 374 2220 παρόντος
401 2160 453 2215 μου
480 2139 665 2217 διατάγματος
691 2137 737 2198 καὶ
765 2139 803 2211 ὡς
830 2140 948 2218 κτητορα
976 2139 1054 2198 αῦτδν
1077 2139 1137 2213 ὑμῖν
1167 2137 1351 2219 παραδίδωμι,
1382 2139 1472 2216 ῶσπερ
1502 2139 1537 2194 ἀν

242 2259 265 2321 εἰ
288 2256 366 2333 οὗτος
387 2259 437 2321 καὶ·
456 2261 505 2334 τάς
528 2260 574 2322 διἰο
598 2261 684 2336 μονάς
707 2260 835 2340 ἀνήγειρέ
856 2277 887 2319 τε
908 2258 956 2319 καί
978 2263 1167 2335 συνεστήσατο.
1206 2257 1253 2320 καί
1275 2259 1306 2320 οίι
1329 2259 1411 2335 μόνον
1435 2257 1479 2318 διὰ
1501 2258 1534 2316 τό
1618 2299 1619 2344 γ

242 2382 402 2461 ριλευσεβές
429 2384 508 2443 οιύτοῦ
532 2382 579 2442 καί
601 2383 773 2462 ριλόχρισιον
795 2380 842 2442 καὶ
864 2381 913 2456 τὴν
937 2381 1028 2457 ἀλλην
1051 2383 1157 2442 ἅπασαν
1180 2381 1260 2441 αὺτοῦ
1282 2379 1534 2457 κοιλογνωμοοῦνην
1618 2453 1619 2468 γ

242 2507 319 2564 τοῦτο
333 2509 412 2584 ποιῶ,
436 2500 514 2564 ἀλλά
529 2502 575 2564 καὶ
598 2503 632 2564 δι’
644 2507 678 2580 ἢν
698 2497 775 2582 είχον
792 2503 824 2562 έκ
846 2501 954 2563 πολλοῦ
976 2505 1022 2562 τοῦ
1043 2503 1143 2582 χρόνου
1164 2503 1232 2582 πρδς
1253 2501 1316 2573 τοὶις
1338 2501 1432 2580 ἁγίους
1454 2501 1535 2560 οιίτοῦ
1618 2569 1619 2577 ,

242 2626 390 2707 προγόνους
411 2623 508 2685 τεκαὶ
530 2627 650 2706 πατέρας
671 2625 854 2700 πνευματικὴν
877 2623 995 2684 διάθεσιν
1017 2621 1064 2684 καὶ
1087 2624 1205 2706 ἀγάπην,
1229 2623 1326 2696 οἵτινες
1347 2621 1395 2682 καί
1419 2621 1463 2683 διὰ
1483 2623 1535 2696 τὴν

242 2751 392 2829 προσοῦσαν
423 2746 513 2819 αὺτοῖς
543 2746 683 2820 εὐσέβειάν
709 2767 739 2806 τε
765 2745 812 2807 καί
840 2747 938 2825 ἀρετὴν
964 2751 1014 2822 τῆς
1044 2744 1166 2826 μερίδος,
1197 2747 1235 2819 ῶς
1263 2743 1320 2826 ἐγὼ
1348 2744 1449 2824 οἴομαι,
1478 2749 1535 2803 τῶν

242 2871 405 2947 σωζομένων
435 2865 651 2944 κατηξιώθησαν.
698 2869 770 2947 έχων
801 2865 847 2928 οὖν
878 2867 935 2946 ἐγὼ
964 2866 1025 2947 περὶ
1055 2871 1101 2928 τοῦ
1129 2868 1220 2948 κυρίου
1251 2887 1302 2943 μου
1331 2871 1378 2928 τοῦ
1409 2865 1535 2944 μεγάλου

244 2992 403 3067 δομεστίκου
429 2989 552 3072 χρηστὰς
577 2991 627 3064 τὰς
654 2989 769 3062 ἐλπίδας
795 2987 841 3050 καί
868 2991 908 3048 ότι
933 2994 1007 3050 πᾶσα
1033 2989 1151 3068 ἀνάγκη,
1178 2987 1225 3049 καὶ
1252 2990 1267 3048 ό
1294 2989 1408 3068 εθγενὴς
1430 2989 1534 3061 κλάδος

242 3111 439 3190 έξομσιωθῆνοιι
466 3119 499 3196 τῇ
527 3114 596 3194 ῥίζῃ,
627 3115 666 3185 ῶς
692 3133 769 3192 φησιν
796 3113 811 3172 ό
837 3113 937 3192 κίιριος,
969 3112 1024 3192 ,,έκ
1049 3115 1096 3173 τοῦ
1121 3115 1226 3192 καρποῦ
1252 3111 1283 3172 τδ
1310 3111 1423 3191 δένδρον
1448 3113 1533 3190 γινιίι-

243 3237 384 3315 σκεσθαίί,
409 3237 458 3295 οῦκ
473 3236 512 3295 ἔτι
526 3233 588 3316 περὶ
603 3235 695 3295 τοῦτου
711 3235 852 3314 ένδοιάζω,
876 3233 943 3294 ἀλλ’
956 3233 1079 3315 ἀρροντίς
1103 3231 1158 3309 είμι
1178 3231 1225 3292 καί
1248 3233 1406 3315 ἀμέριμνος,
1429 3235 1533 3314 θαρρῶν

242 3355 281 3427 είς
303 3357 334 3416 τδ
362 3359 436 3435 μέγα
460 3356 540 3428 ἔλεος
563 3359 609 3416 τοῦ
631 3359 694 3417 θεοῦ
715 3353 761 3415 καὶ
785 3353 824 3426 εἰς
846 3356 895 3430 τὴν
918 3355 998 3415 αὺτοῦ
1020 3355 1204 3436 χριστιανικὴν
1227 3357 1398 3436 κατάποσιν,
1427 3357 1466 3416 ότι
1486 3354 1534 3416 καί

242 3477 357 3538 πλείονα
384 3483 433 3554 τῆς
462 3477 532 3554 ἐμῆς
562 3476 722 3553 ἐπιμελείας
751 3478 830 3550 αδτδς
851 3477 901 3552 τὴν
930 3477 1090 3554 ἐπιμέλειαν
1115 3480 1222 3552 ποιήσει
1243 3476 1291 3537 καί
1317 3475 1450 3557 ρροντίσει
1473 3476 1533 3558 περὶ

243 3601 327 3678 ὑμῶν,
355 3599 385 3659 οθ
413 3601 495 3674 μόνον
518 3599 580 3659 ὅσον
603 3597 756 3673 ἀποβλέπει
779 3596 819 3670 είς
841 3597 940 3680 ἀρετὴν
962 3597 1010 3658 καὶ
1032 3598 1179 3673 εθλάβειαν
1201 3598 1247 3659 καί
1270 3598 1310 3672 εἰς
1331 3605 1420 3659 πᾶσαν
1444 3599 1532 3674 ἀλλην

242 3723 404 3782 κατάστασιν
431 3726 480 3796 τῆς
511 3726 665 3800 μοναχικῆς
691 3717 827 3800 εὐταξίας,
858 3721 935 3781 ἀλλά
961 3719 1008 3781 καὶ
1036 3719 1075 3794 είς
1101 3721 1135 3780 τὰ
1162 3721 1303 3797 σωματικά
1328 3719 1375 3781 καὶ
1401 3721 1530 3802 γρειῶδη,

244 3845 320 3904 ἀτινα
336 3841 375 3916 εἰς
397 3842 555 3924 κυβέρνησιν
570 3841 617 3903 καί
640 3842 804 3923 ζωοτρορίαν
819 3843 894 3918 ὑμῶν
910 3842 1051 3924 ἀφορῶσιν.
1083 3843 1161 3903 ἀλλὰ
1182 3843 1206 3902 τί
1229 3843 1283 3924 χρὴ
1306 3843 1402 3903 πολλὰ
1426 3842 1531 3922 λέγεινς

244 3966 313 4027 οθτω
340 3963 372 4025 δὲ
397 3967 465 4045 πρδς
492 3966 571 4026 αῦτδν
598 3962 645 4025 καὶ
671 3964 741 4042 ὑμᾶς
768 3962 815 4024 καὶ
840 3964 875 4024 τά
900 3968 947 4025 τοῦ
974 3963 1153 4045 μονοιστηρίου
1179 3965 1329 4044 πράγματα
1350 3964 1529 4046 παραδίδωμι,

244 4090 281 4160 ῶς
304 4085 382 4147 αῦτδν
405 4087 470 4148 όντα
492 4087 553 4166 ἐμέ,
576 4085 623 4147 καὶ
646 4087 714 4148 οθτω
736 4084 782 4146 καὶ
805 4087 882 4162 ὑμεῖς
906 4085 976 4164 αθτῷ
999 4086 1123 4166 όρείλετε
1145 4087 1298 4166 ιἰπακοθειν,
1322 4087 1360 4159 ὡς
1382 4088 1467 4169 κυρίῳ
1486 4087 1528 4147 καί

243 4213 353 4290 κτητορι
380 4211 464 4288 ὑμῶν,
491 4207 539 4269 καί
562 4207 590 4268 ἐν
619 4205 728 4291 εῦταξίᾳ
750 4207 797 4268 καί
818 4215 986 4290 πνευματικῇ
1009 4211 1172 4268 καταστάσει
1200 4208 1273 4284 βιοῦν
1295 4205 1343 4267 καί
1365 4209 1529 4290 θερμοτέρως

245 4330 373 4410 εὔχεσθαι
387 4331 453 4410 ίιπέρ
469 4330 557 4412 αίιτοῦ,
580 4329 624 4390 ἵνα
640 4330 669 4390 έν
683 4331 776 4412 ἡμέρᾳ
789 4330 905 4410 κρίσεως
921 4329 1118 4411 ἀπηρτισμένου
1133 4327 1180 4390 καί
1195 4330 1350 4411 ὁλόκληρον
1373 4331 1528 4408 ἀπολάβητε

351 4617 369 4676 ¹)
389 4616 577 4681 Supplevimus
600 4631 631 4664 ex
651 4616 708 4666 doe.
733 4617 778 4666 XI.
796 4633 820 4681 p.
841 4619 887 4665 101
909 4623 936 4666 et
956 4618 988 4667 X.
1006 4635 1030 4683 p.
1052 4619 1099 4667 102
1118 4617 1262 4667 voluminis
1281 4635 1304 4668 ν.
1325 4617 1420 4669 sathan
1439 4637 1463 4684 p.
1476 4621 1525 4669 202.

246 4713 266 4776 θ
286 4713 347 4780 ἡμᾶς
367 4715 391 4762 S·
487 4729 492 4740 ·
