3246 5288
1315 323 1381 386 423

39 513 209 572 στέλλειν
237 513 329 572 ἔκτοτε
354 513 567 592 ἐγχειρήματος,
595 516 634 585 ῶς
658 513 765 573 ἐναντία
788 513 1017 594 διαπραττόμενον
1039 512 1076 592 τῷ
1099 521 1148 591 τῆς
1172 521 1258 590 μονῆς
1279 519 1383 596 κανόνι,

40 633 130 713 Ξπερ
161 635 178 692 ό
208 635 299 713 μέγας
322 634 372 713 ἐφη
395 633 554 712 Βασιλειος,
584 636 720 714 περιέχων
748 635 838 714 ρητῶς
865 635 984 702 οὑτωσί,
1007 635 1055 716 ,,εί
1074 656 1115 708 τις
1140 638 1270 711 κέκτηται
1294 635 1384 714 ἐντῷ

45 755 254 836 μοναστηρίῳ
276 777 311 834 τι,
336 754 389 816 εἴτε
413 756 493 828 ἐκτός
515 759 562 816 τοῦ
584 755 773 836 μονασσηρίου,
799 756 867 816 ἔστω
891 752 1104 833 ἀκοινῶνητοςίί.
1152 757 1219 818 ἀλλ’
1232 757 1382 836 ἀναγκαῖόν

49 896 109 948 μοι
137 877 195 938 καὶ
220 877 317 938 σίλλων
342 878 539 954 ἐπιμνησθῆναι
560 880 682 937 κανόνων
697 883 750 937 τῶν
761 875 782 960 ¹)
798 882 844 938 τοῦ
868 879 994 958 μεγάλου
1015 879 1119 960 πατρός
1140 881 1219 954 ἡμῶν
1235 879 1382 940 Βασιλείου

54 990 108 1056 ἐπί
128 1001 199 1070 τοῖς
214 1000 259 1060 τὀν
273 999 429 1086 μοναδικόν
453 1000 669 1081 ἐπανῃρημένοις
692 997 750 1075 βίον
775 998 974 1075 ἐκτεθημένων.
1005 1001 1041 1081 ,,ό
1064 1001 1240 1080 συνεγνωκὼς
1263 999 1382 1080 ἀδελφόν

54 1119 113 1193 τὴν
145 1119 186 1179 ἐκ
209 1125 255 1180 τοῦ
278 1119 457 1200 μοναστηρίου
481 1118 576 1194 ἐξοδόν
600 1119 646 1181 καί
668 1125 686 1197 ἢ
709 1121 894 1197 συνομιλήσας
916 1125 934 1196 ἢ
959 1120 1156 1198 συνευδοκήσας
1179 1119 1225 1182 καί
1241 1123 1279 1198 μὴ
1295 1129 1380 1203 πρόσ-

58 1239 230 1320 αγγείλας,
261 1243 425 1323 ἀφοριζέοθω
449 1241 503 1315 ἔξω
525 1248 575 1318 της
598 1241 750 1319 ἐκκλησίας
774 1242 918 1319 ἑβδομάδα
941 1243 1006 1318 μίαν
1030 1243 1110 1324 οίρτου
1133 1241 1180 1303 καί
1202 1243 1311 1315 ὓδατος.
1357 1243 1384 1304 εἴ

57 1383 104 1434 τις
144 1359 255 1444 ἐξέλθῃ
285 1372 333 1438 τῆς
356 1369 443 1440 μονῆς
472 1362 559 1444 χωρίς
588 1365 768 1444 παραθέσεως
790 1369 836 1424 τοῦ
865 1371 1045 1445 προεστῶτος,
1078 1364 1205 1424 ποιείσθω
1237 1364 1382 1440 μετανοίας

61 1484 177 1542 ἑκατόν
202 1483 250 1543 καί
273 1482 437 1564 ξηροφαγίαν
460 1486 566 1565 ἡμέρας
588 1487 670 1564 τρεῖς.
705 1485 733 1544 εί
752 1507 793 1558 τις
809 1485 838 1546 ἐν
860 1491 893 1567 τῇ
916 1488 1036 1568 τραπέζῃ
1061 1485 1157 1546 ἐσθίων
1179 1486 1294 1567 φλυαρεῖ
1316 1481 1381 1561 ἢέξ

62 1603 248 1683 ἐπροσεξίας
274 1608 380 1682 ποιησει
406 1627 431 1666 τι
459 1607 497 1682 μὴ
529 1606 653 1688 ἀρέσκον,
686 1607 832 1688 ἐγειφέσθω
859 1605 906 1667 καί
935 1607 1070 1686 ψαλλέτω
1101 1607 1172 1668 κατὰ
1193 1608 1224 1667 τδ
1242 1588 1380 1683 σύνηθες·

64 1725 222 1804 ,,ἐλεήσόν
239 1747 274 1802 με
297 1727 420 1808 δθεόςίί,
443 1727 490 1787 καὶ
513 1725 620 1788 αἰτείτω)
643 1731 824 1808 σογχῶρησιν.
856 1729 883 1788 εί
896 1749 936 1802 τις
952 1729 990 1804 μὴ
1013 1729 1110 1804 λαβὼν
1134 1729 1263 1808 εῦλογίαν
1288 1729 1380 1810 ἐσθίει,

64 1847 190 1908 ποιείτω
215 1849 360 1923 μετανοίας
382 1849 588 1931 πεντήκονταέ)
621 1849 704 1922 εἴτις
727 1849 947 1926 ἀπολιμπάνεται
969 1857 1019 1926 της
1041 1853 1151 1930 πρώτης
1173 1853 1317 1932 τραπέζης,
1341 1857 1380 1926 μὴ

67 1968 198 2049 είρηκῶς
223 1971 270 2045 τἠν
298 1965 395 2050 αἰτίαν,
426 1972 531 2046 μενέτω
562 1972 652 2042 όίσιτος
675 1973 729 2044 ἕως
759 1972 885 2052 ἑσπέρας,
933 1971 1018 2044 εἴτις
1041 1972 1071 2032 οδ
1101 1973 1196 2050 φθοίσει
1225 1973 1274 2048 τήν
1296 1973 1381 2049 εῦχίην

68 2096 131 2150 τῶν
156 2089 342 2168 ἀπσδείπνων,
374 2093 490 2167 βάλλων
512 2093 561 2168 τὴν
584 2095 706 2168 συνήθως
729 2095 873 2168 μετάνοιαν
896 2094 1031 2170 ψαλλέτω
1053 2094 1101 2170 τὴν
1126 2095 1235 2154 ἅπασαν
1258 2093 1380 2153 ἀκολου-

70 2213 137 2271 θίαν
161 2210 211 2272 καί
232 2214 342 2273 ποιείτω
369 2216 515 2289 μετανοίας
537 2211 570 2276 ν’.
616 2215 701 2287 εἴτις
723 2221 777 2274 τῶν
801 2213 928 2295 ἀδελφῶν
960 2215 1081 2296 ἀκαίρως
1112 2213 1264 2295 εἰσέρχεται
1288 2214 1327 2288 είς
1350 2218 1380 2275 τδ

74 2337 227 2416 έψηιηριον
249 2336 377 2416 φλυαρῶν
399 2336 446 2398 καί
477 2338 686 2412 διαταττόμενος
712 2335 799 2416 χωρίς
821 2343 875 2396 τῶν
899 2337 1065 2412 διακονητῶν
1088 2336 1203 2396 καὶτοῦ
1226 2335 1380 2416 οἰκονόμου,

74 2452 190 2516 ποιείτω
213 2458 360 2532 μετανοίας
381 2457 420 2518 λ’.
467 2458 495 2542 εί
512 2479 553 2531 τις
575 2457 645 2533 μετὰ
668 2461 716 2534 τἠν
740 2461 885 2534 μετάνοιαν
900 2458 1005 2540 ,εὑρεθῇ
1028 2459 1134 2533 ὁμιλῶν
1150 2461 1167 2533 ἡ
1185 2456 1293 2529 ίδιοίζων
1310 2461 1380 2532 μετοί

75 2599 164 2658 τινος,
187 2579 296 2640 ποιείτω
320 2579 466 2656 μετανοίας
490 2578 523 2642 ν’.
555 2580 583 2640 εί
594 2602 635 2652 τις
656 2579 743 2661 χωρὶς
767 2581 913 2660 ἐπιτροπῆς
935 2583 953 2656 ἢ
976 2581 1074 2660 χρείας
1097 2580 1250 2658 ἀναγκαίας
1270 2577 1380 2662 εἰσέλθῃ

79 2699 121 2772 είς
140 2701 255 2761 κελλίον
280 2702 378 2780 ἀλλον,
402 2706 419 2778 θ,
443 2703 561 2784 κοιμηθῇ
584 2706 602 2776 ἢ
625 2705 714 2762 πισίοει
736 2703 905 2783 ἐργόχειφον,
928 2703 1094 2782 ἀφοριζέσθω
1116 2703 1223 2782 ἡμέρας
1237 2705 1309 2780 τρεῖς
1326 2696 1380 2772 ἔξω

79 2829 131 2897 τῆς
154 2823 303 2898 ἐκκλησίας
326 2821 445 2898 καὶτῆς
467 2823 612 2904 τραπέζης,
636 2822 683 2883 καί
706 2821 938 2905 ξηροφαγείτω3).
970 2822 1056 2894 εἴτις
1079 2823 1175 2904 εὑρεθῇ
1198 2824 1308 2902 γράφων
1331 2821 1380 2882 τινί

80 2949 99 3017 ἡ
124 2945 274 3022 δεχόμενος
296 2946 413 3024 γράμμα
434 2943 521 3023 χωρίς
543 2949 588 3004 τοῦ
611 2943 695 3024 όββοῖ,
728 2942 916 3023 ξηροφαγείτω
939 2946 1046 3022 ἡμέρας
1068 2946 1151 3022 τρεῖς,
1182 2944 1310 3014 ῶσαῦτως
1333 2942 1380 3003 καί

84 3065 99 3122 ό
122 3065 273 3139 λαμβάνων
293 3063 340 3124 καὶ
360 3067 374 3123 ό
398 3064 479 3124 δίδων
501 3063 588 3145 χωρίς
609 3069 655 3124 τοῦ
679 3064 843 3146 οἰκονόμου,Ι
855 3065 1030 3146 ἀφοριζέσθω.
1062 3065 1089 3123 εί
1106 3086 1146 3137 τις
1164 3071 1218 3124 τῶν
1237 3066 1381 3143 γεηπόνων

84 3192 103 3262 ἢ
125 3192 176 3246 τῶν
198 3192 340 3266 κηπουρῶν
362 3189 380 3260 ἡ
405 3185 566 3261 ἀμπελικῶν
589 3189 607 3261 ἢ
629 3189 767 3261 ποιμένων
790 3186 877 3267 χωρίς
891 3190 938 3246 τοῦ
961 3185 1154 3265 εῦλογισθῆναι
1168 3185 1218 3258 τὰς
1237 3186 1379 3245 ὁποιασοῦν

87 3310 193 3388 δπῶρας
207 3305 254 3366 καί
268 3308 429 3390 καταλύσει,
444 3308 555 3368 ποιείτω
571 3308 716 3383 μετανοίας
731 3311 900 3382 πεντήκοντα
907 3309 941 3387 ⁴),
957 3307 1004 3367 καί
1020 3304 1207 3388 ξηροφαγείτω
1223 3308 1330 3386 ἡμέρας
1346 3305 1379 3366 ε’.

89 3429 115 3488 εἴ
134 3450 172 3502 τις
193 3427 277 3510 χωρίς
301 3429 446 3510 ἐπιτροπῆς
468 3429 516 3490 καὶ
536 3430 621 3508 είχῆς
636 3433 681 3490 τοῦ
698 3430 773 3506 ἀββοῖ
789 3433 868 3506 τεμεῖ
883 3429 975 3510 φλέβα
989 3433 1008 3505 ἢ
1024 3427 1218 3510 γηροκομεῑὸ),
1241 3432 1259 3502 ἢ
1276 3427 1380 3504 ίμοίτισν

89 3554 106 3623 ἢ
129 3549 248 3626 ὑπόδημα
271 3553 390 3630 φορέσει,
413 3550 523 3610 ποιείτω
547 3551 692 3625 μετανοίας
715 3549 748 3610 ν’.
780 3550 808 3610 εί
820 3572 860 3623 τις
875 3551 928 3634 οίρῃ
950 3551 1055 3631 καρπόν
1072 3550 1125 3608 ἀπό
1149 3547 1270 3628 δένδρου,
1293 3547 1381 3629 χωρίς

91 3675 134 3730 τοῦ
155 3671 329 3748 φυλάττοντος
351 3675 369 3748 ἢ
391 3677 437 3732 τοῦ
458 3677 605 3754 κηπουροῦ,
629 3671 738 3733 ποιείτω
762 3673 908 3748 μετανοίας
930 3671 982 3732 κε’.
1015 3670 1151 3751 ὀφείλουσι
1167 3668 1260 3730 δὲκαὶ
1276 3669 1301 3731 οἱ
1317 3670 1379 3730 δια-

93 3792 194 3869 κονηταί
214 3793 261 3854 καί
283 3793 433 3874 φροντισταὶ
455 3801 509 3854 τῶν
531 3795 635 3855 λοιπῶν
659 3797 772 3855 ἁπασῶν
794 3801 896 3875 χρειῶν
920 3795 1061 3870 ἐπιμελῶς
1083 3791 1145 3872 περί
1167 3795 1275 3852 πάντων
1297 3813 1380 3874 φρον-

94 3915 175 3990 τίζειν,
203 3915 245 3974 ἵνα
268 3916 307 3992 μὴ
330 3915 368 3994 τῷ
391 3914 500 3994 κρίματι
523 3922 573 3992 τῆς
596 3916 731 3992 ἀμελείας
759 3916 920 3976 ι’κποπέσωσι.
968 3915 1030 3974 δέον
1053 3915 1114 3986 τοῦς
1140 3917 1380 3994 παραγενομένους

96 4041 223 4117 συγγενεῖς
244 4043 298 4097 τῶν
321 4038 392 4097 κατὰ
407 4039 454 4115 τὴν
478 4037 565 4114 μονὴν
588 4037 715 4117 ἀδελφῶν
736 4033 782 4098 διὰ
800 4042 846 4098 τοῦ
867 4031 911 4097 ἐπί
930 4044 980 4113 τῆς
1002 4037 1092 4114 πύλης
1116 4037 1319 4108 ἐπιστατοῦντος
1341 4035 1380 4114 τῷ

97 4161 228 4239 ἡγουμένῳ
255 4161 441 4236 καταμηνὺοαι
464 4158 511 4219 καί
537 4165 644 4240 πρῶτον
668 4160 718 4234 μὲν
741 4165 790 4236 τῆς
813 4161 905 4219 τοῦτον
928 4155 1118 4236 καταξιοῦσθαι
1142 4160 1217 4237 θέας,
1248 4153 1298 4216 εἶθ’
1312 4158 1380 4216 οὓτω
1466 4171 1468 4176 “

99 4282 129 4341 δι’
142 4282 277 4364 ἐπιτροπῆς
300 4285 379 4342 αὑτοῦ
402 4284 449 4342 καί
470 4282 508 4362 τῷ
531 4283 602 4342 κατὰ
627 4284 784 4362 συγγένειαν
808 4283 979 4360 όπτοίνεσθαι,
1004 4283 1041 4352 ῶς
1065 4283 1097 4340 ἂν
1119 4278 1166 4339 καί
1188 4281 1267 4354 ἡτοῦ
1289 4279 1380 4354 καθη-

191 4569 208 4632 ¹)
235 4564 314 4616 αίτῶν
337 4567 368 4618 Ε.
441 4565 462 4630 ²)
491 4565 592 4632 πενηντα
614 4567 646 4618 Ε.
718 4568 738 4634 ³)
767 4563 877 4616 εἰσέλθοι.
906 4562 1048 4634 ξηροφαγῶν
1070 4565 1100 4615 F.
1173 4564 1194 4630 ⁴)
1217 4563 1327 4629 πενηντα,
1350 4569 1381 4614 ut

102 4679 170 4731 supra
185 4664 212 4714 E.
285 4665 305 4729 ί)
325 4662 459 4731 κηροκομεῖ
473 4663 504 4714 Ε.
