3240 5286
1288 372 1349 438 251

54 576 162 652 ασφαλῆ
197 578 288 650 μένειν
317 579 544 654 παρασκευάσειε,
574 577 636 648 τοῦς
666 576 697 636 δὲ
719 578 750 636 τδ
778 577 907 656 πρότερον
931 576 1012 647 αῦτάς
1035 575 1215 651 δειμαμένους
1237 569 1352 633 κάκεῖνα

53 697 162 768 ταίπαις
198 697 400 777 ἀφιερῶσαντας
427 696 467 770 είς
498 699 635 774 ἐγκῶμιον
666 697 715 758 οῦκ
745 698 867 757 ἔλαττον.
894 699 940 758 ὀἱ
963 697 1013 771 μὲν
1035 697 1089 777 γὰρ
1111 694 1249 776 πρσοῆξαν
1271 699 1354 766 αῦτάς

53 816 89 894 τῷ
119 816 190 896 θεῷ,
221 817 248 878 οἱ
271 817 302 878 δὲ
324 820 373 894 τὴν
400 819 551 899 ἀσφάλειαν
574 820 674 880 τοῦτων
697 819 964 900 ἐπραγματεύσαντο.
1009 820 1077 898 ὅπερ
1105 819 1154 878 οῦκ
1176 821 1208 876 ἀν
1232 817 1354 878 ἄλλοθέν

53 961 102 1020 περ
124 941 247 1021 γένοιτο,
269 943 288 1016 ἢ
312 940 345 1001 ἐκ
365 941 581 1022 χρυσοβοῦλλων
603 939 697 1022 λόγων
719 940 766 1002 καὶ
788 945 991 1022 πατριαρχικῶν
1015 939 1168 1020 σιγιλλίων,
1197 940 1353 1016 δυναμένων

53 1062 153 1142 πολλῷ
177 1084 213 1142 γε
227 1062 274 1149 ’τῷ
295 1064 422 1144 περιιόντι
444 1058 493 1134 τάς
516 1063 604 1141 δρμάς
625 1069 680 1123 τῶν
701 1065 876 1124 πλεονεκτῶν
898 1061 1078 1123 ἀναστέλλειν
1099 1060 1147 1124 καὶ
1168 1062 1217 1137 τὴν
1238 1062 1353 1122 ἐλευθε-

54 1185 111 1262 ρίαν
133 1187 232 1258 αῦταῖς
254 1185 397 1264 παρέχειν,
420 1185 459 1256 ῶς
481 1186 499 1260 ἡ
521 1185 649 1264 πρόθεσις
668 1181 701 1262 ἢν
726 1183 756 1258 ἐξ
776 1185 865 1265 ἀρχῆς
880 1190 934 1244 τῶν
949 1184 1032 1258 αῦτάς
1047 1185 1230 1263 δειμαμένων,
1255 1186 1285 1246 οῦ
1301 1184 1354 1260 μὴν

55 1308 130 1368 ἀλλὰ
152 1307 203 1368 καί
224 1306 310 1382 τιμιῖιν
333 1313 522 1382 πνευματικῶν
545 1302 682 1379 ἀξιοῦσθαι
705 1306 747 1366 δεῖ
767 1309 833 1388 παρ’
843 1309 933 1388 ἡμῶν,
957 1309 1004 1367 ἀτε
1026 1313 1076 1382 τῆς
1095 1309 1163 1386 πρδς
1179 1306 1260 1378 αῦτάς
1275 1313 1355 1384 τιμῆς

55 1428 97 1490 ἐπὶ
125 1432 175 1490 τδν
206 1428 316 1508 κτίτορα
345 1429 445 1490 τσθτων
473 1429 706 1510 παραπεμπούσης
735 1431 781 1489 τδν
811 1431 931 1510 ἔπαινον,
962 1426 994 1503 ἐξ
1015 1424 1053 1489 ὧν
1075 1431 1124 1505 τήν
1147 1449 1176 1490 τε
1205 1429 1354 1510 προθυμίαν

56 1551 141 1610 αῦτιῖιν
171 1551 243 1612 ἐστιν
265 1548 415 1628 ἐπαυξῆσαι
437 1549 484 1611 καὶ
508 1551 613 1624 ἀλλους
633 1551 701 1632 πρδς
723 1552 769 1612 τδν
791 1551 885 1628 ἀμοιον
908 1552 993 1630 ζῆλον
1016 1551 1170 1634 διερεθῖοαι.
1216 1549 1255 1624 είς
1277 1555 1354 1613 τοῦτο

57 1673 85 1732 δὲ
107 1667 193 1734 τείνει
213 1672 249 1733 τὰ
270 1677 316 1734 τοῦ
346 1678 455 1734 σκοποῦ.
503 1673 599 1749 ἐπειδὴ
625 1672 712 1735 τοίνυν
738 1671 786 1734 καὶ
812 1674 828 1732 ό
850 1671 950 1747 οἰκεῖος
970 1677 1016 1734 τοῦ
1038 1673 1179 1754 κρατίστου
1206 1671 1253 1734 καί
1275 1673 1354 1754 άγίου

57 1816 105 1870 μου
128 1795 273 1870 βασιλέως
295 1793 342 1855 καί
364 1792 561 1876 αῦτοκράτορος
583 1795 673 1875 κυρίου
689 1779 842 1877 Νικηφόρον
864 1799 910 1856 τοῦ
933 1797 1034 1875 Φωκῦ,
1056 1800 1102 1856 τοῦ
1126 1795 1155 1855 ἐν
1178 1794 1249 1876 άγίῳ
1271 1797 1354 1856 πνεῦ-

57 1938 119 1990 ματι
141 1919 336 1979 ποθεινοτάταν
358 1917 413 1976 υίοῦ
435 1922 484 1992 τῆς
505 1919 585 1992 ἡμῶν
608 1920 792 1999 μετριότητος,
819 1919 910 1998 κῦριος
933 1915 1065 1994 Ἰωάννης
1088 1917 1355 1999 Λαμπαρδόπουλος,

58 2039 212 2120 φιλόσοφος,
242 2040 477 2120 πρωπσσυκρητης,
509 2039 556 2098 ότε
586 2039 689 2119 φθοεως
718 2043 756 2099 ῶν
788 2039 894 2119 ἀγαθῆς
926 2038 972 2100 καί
1001 2039 1112 2114 πολλὴν
1141 2039 1203 2121 περὶ
1233 2039 1267 2100 εά
1296 2041 1357 2101 θεῖα

57 2163 218 2237 πεισόμενος
244 2163 294 2236 την
316 2161 452 2241 φροντίδα,
482 2161 566 2237 ζῆλόν
589 2181 619 2221 τε
642 2154 790 2236 ἀναλαβὼν
813 2162 905 2222 ἔνθεον
927 2160 974 2222 καί
997 2161 1123 2242 διάπυρον
1147 2163 1244 2244 ἔρωτα,
1275 2163 1355 2242 φιλο-

58 2282 125 2362 τίμῳ
155 2286 334 2363 χρησάμενος
363 2284 444 2364 χειρί,
473 2284 616 2366 ἀνήγειρεν
640 2285 673 2344 ὲκ
695 2285 803 2366 βάθρων
826 2287 912 2360 μονὴν
935 2284 1008 2366 ῖεράν
1033 2285 1062 2345 ἑν
1084 2291 1118 2368 τῇ
1142 2287 1356 2367 Πελοποννήσῳ,

59 2411 90 2484 τῇ
114 2405 237 2488 ἐπαρχίᾳ
258 2410 309 2482 τῆς
331 2406 529 2486 μητροπόλεως
545 2407 677 2466 Παλαιῶν
694 2408 818 2488 Πατρῶν,
841 2407 912 2467 κατά
934 2409 982 2483 τὴν
1007 2407 1113 2488 ἑνορίαν
1135 2413 1182 2484 τῆς
1207 2408 1357 2484 ἐπισκοπῆς

61 2528 292 2606 Αακεδαιμσνίας,
314 2528 430 2603 πλησίον
451 2531 547 2608 χώρας
562 2530 756 2609 Δημηστάνης,
780 2531 809 2590 έν
831 2537 865 2610 τῇ
886 2529 1034 2612 τοποθεσίφι
1051 2536 1101 2606 πῖις
1117 2531 1288 2612 Μονοπόρου,
1313 2531 1356 2591 ἐπ’

62 2651 170 2726 ἀνόμοιοι
199 2652 357 2726 τιμωμένην
389 2657 438 2726 τῆς
467 2650 618 2731 ῦπεραγίας
651 2651 794 2727 δεσποίνης
823 2654 903 2728 ἡμῶν
933 2651 1071 2713 Θεαιόκου
1102 2651 1148 2712 καὶ
1181 2654 1357 2733 ἀειπαρθένσυ

63 2773 181 2854 Μαρίας,
203 2775 238 2848 ἣν
261 2771 306 2832 διά
327 2773 375 2850 τὴν
397 2777 444 2833 τοῦ
466 2772 611 2852 φιλοσόφου
627 2763 883 2849 ἐπωνυμίανμονίην
898 2778 945 2836 τοῦ
960 2773 1117 2854 Φιλοσόφου
1133 2775 1271 2834 ἐκάλεσαν
1287 2777 1358 2850 μετὰ

62 2899 149 2974 ταῦτα,
177 2897 246 2976 πρδς
273 2895 430 2970 καταμονὴν
454 2897 624 2970 μοναζόντων
648 2895 753 2976 ἀνδρῶν
775 2893 822 2955 καὶ
844 2895 900 2974 θεῷ
923 2897 1113 2977 ἀφιερωμένων
1135 2901 1255 2975 ψυχικῆς
1278 2898 1357 2958 αὑτοῦ

63 3018 192 3097 σωτηρίας
220 3018 317 3076 ἕνεκα·
350 3018 414 3076 ναόν
436 3039 466 3076 τε
488 3018 690 3096 παρακείμενον
712 3015 759 3078 καί
780 3018 920 3098 φιλότιμον
943 3020 1145 3080 κατασκεῦασεν
1170 3019 1198 3078 ἐν
1220 3021 1287 3101 αῦτῇ
1310 3018 1357 3079 καί

62 3139 181 3200 κελλίων
211 3137 361 3216 οἰκοδομὰς
387 3139 434 3200 καί
464 3141 541 3200 ἀλλα
568 3139 628 3200 τινὰ
656 3141 844 3220 ἐργασάμενος
871 3142 939 3219 πρός
967 3141 1112 3222 θεραπείαν
1140 3141 1187 3201 καί
1210 3142 1357 3201 ἀνάπαυσιν

63 3266 111 3320 τῶν
134 3262 334 3342 εὑρισκομένων
358 3261 387 3319 έν
410 3263 476 3342 αῦτη
499 3265 604 3342 ψυχῶν,
628 3261 720 3322 ἔτιδὲ
744 3262 790 3322 καί
813 3262 873 3342 ῖερά
892 3263 1027 3338 κειμήλια
1042 3261 1088 3324 καί
1103 3261 1285 3343 προσενέξεις,
1308 3263 1358 3334 τὰς

64 3380 110 3455 μὲν
136 3382 315 3462 ίδιοποιησας,
344 3382 394 3455 τάς
417 3383 449 3443 δὲ
477 3382 525 3442 καί
555 3384 626 3458 μετὰ
647 3387 731 3444 ταῦτα
753 3385 869 3460 με’λλων
890 3385 1068 3466 προσηλῶσαι
1091 3385 1120 3445 ἑν
1143 3387 1223 3469 αῦτῇ·
1255 3383 1356 3462 ἠξίωσε

64 3503 169 3584 τὰνῦν,
199 3505 244 3564 ἵνα
270 3505 317 3565 καί
343 3505 418 3586 παρὰ
444 3511 493 3582 τῆς
518 3505 597 3584 ἡμῶν
626 3508 800 3586 μετριότητος
822 3509 891 3588 τῦχη
914 3507 1105 3587 σιγγιλιῶδους
1127 3511 1290 3589 γράμματος
1314 3507 1358 3570 ἐπὶ

65 3625 98 3702 τῷ
118 3629 319 3708 καθιερωθῆναι
341 3627 391 3704 μὲν
415 3627 458 3688 ἐπὶ
472 3628 661 3709 πατριαρχικῴ
679 3629 877 3710 σταυροπηγίῳ,
899 3630 1069 3709 εὑρίσκεσθαι
1086 3630 1116 3692 δὲ
1132 3629 1179 3692 καὶ
1194 3629 1233 3702 εἰς
1247 3633 1277 3690 τδ
1293 3629 1359 3708 ἑξῆς

125 3751 175 3824 τὴν
198 3743 271 3835 [τῆς]
293 3749 489 3830 πατριαρχείας
500 3753 520 3827 1)
543 3751 683 3832 περιωπὴν
707 3751 937 3813 ἀκαταδοῦλωτόν
957 3774 987 3813 τε
1009 3751 1056 3812 καὶ
1079 3753 1288 3830 ἀκαταπάτητον
1308 3754 1359 3812 ῦπό

65 3875 156 3931 τετοῦ
179 3870 251 3931 κατὰ
272 3872 382 3952 καιροὺς
405 3872 593 3953 εὑρισκομένου
617 3873 708 3935 ἐκεῖσε
732 3875 932 3955 μητροπολίτου
955 3876 1088 3936 Παλαιῶν
1106 3876 1220 3955 Πατρῶν
1243 3872 1357 3934 καὶτοῦ

69 3990 206 4053 ἐπισκόπου
233 3995 312 4054 αῦποῦ
335 3995 565 4077 Λακεδαιμονίας,
597 3998 634 4068 ῶς
661 3997 798 4073 μηδεμίαν
829 3998 948 4076 ἐχόντων
972 3998 1000 4058 ἐν
1028 3995 1099 4077 αῦτῷ
1122 3993 1216 4056 άδειαν
1246 3999 1264 4070 ἢ
1287 3995 1357 4055 ἀνά-

66 4131 143 4189 κρισιν
165 4117 251 4175 ποιεῖν
272 4119 291 4190 ἢ
314 4115 435 4176 ἀπαιτεῖν
458 4117 613 4197 παράίντοῦ
635 4119 666 4178 εδ
689 4120 780 4196 τυχόν.
811 4117 868 4180 ἰδοῦ
891 4120 938 4194 τὴν
960 4119 1053 4179 τοῦτου
1076 4117 1180 4196 αἴτησιν
1202 4114 1356 4198 προσδεξα-

69 4235 129 4312 μένη
158 4239 176 4311 η
200 4239 343 4316 μετριότης
365 4239 453 4318 ημῶν,
488 4242 525 4310 ὡς
556 4239 668 4318 θεοφιλῆ
692 4238 739 4300 καί
768 4239 895 4314 καθάπαξ
923 4245 1024 4301 σκοποῦ
1051 4243 1221 4320 μετέχουσαν
1244 4239 1358 4318 ἀγαθοῦ,

69 4354 94 4412 τό
113 4359 198 4436 παρὀν
221 4357 400 4438 σιγιλλιῶδες
422 4363 539 4441 γράμμα
563 4361 724 4444 ἐπιχορηγεῖ
745 4369 777 4444 τῇ
802 4362 867 4444 αῦτῇ
891 4369 971 4444 μονῇ,
996 4361 1029 4422 δι’
1043 4356 1074 4422 οῦ
1097 4363 1131 4437 δὴ
1154 4360 1200 4421 καί
1217 4361 1358 4441 διορίζεται

69 4475 108 4535 καὶ
129 4480 314 4560 ἀποφαίνεται,
345 4481 388 4541 ἵνα
417 4483 566 4560 ἡτοιαῦιη
589 4483 648 4543 θεία
671 4485 741 4560 μονὴ
764 4489 814 4560 τῆς
838 4483 978 4561 ΙΙαναγίας
1002 4505 1053 4560 μου
1076 4488 1121 4544 τοῦ
1145 4484 1312 4562 Φιλοσόφου,
1340 4485 1358 4561 ἡ

167 4745 184 4808 1)
202 4743 361 4810 Legendum
380 4742 498 4794 videtur:
518 4741 555 4794 ἐπὶ
573 4740 615 4808 τὴν
634 4740 813 4811 πατριαρχικὴν
831 4742 964 4812 περιωπήν,
