3194 5298
1268 365 1330 432 123

53 558 233 638 ἀποδεξαμένη
255 562 274 635 η
298 561 427 638 βασιλεία
449 581 500 637 μου
521 560 568 622 καί
590 563 639 637 την
660 561 753 622 τούτου
769 560 870 636 αἴτησιν
886 561 1061 640 ἐκπληρῶσαι
1077 559 1254 639 βουληθεῖσα,
1272 560 1331 638 ἔχει

53 683 151 758 θέλημα
170 682 219 743 καί
244 683 388 764 διορίζεται
411 683 456 744 διὰ
477 686 524 742 τού
544 684 678 764 παρόντος
699 685 907 763 προστάγματος
929 683 1056 761 κατέχειν
1079 682 1131 742 ἀπό
1146 687 1196 758 της
1211 682 1331 761 σήμερον

51 803 91 864 καί
115 805 157 866 ότά
180 807 213 866 τό
241 803 308 883 ἑξῆς
336 801 530 883 ἀνενσχλήτως
555 807 642 881 πάντη
665 803 712 866 καί
734 801 919 884 ἀδιασείστως,
950 805 988 866 ἔτι
1010 802 1057 864 καί
1079 803 1263 882 ἀναφαιρέτους
1284 800 1332 863 καί

52 927 254 998 ἀνατοσπάοτως
283 925 331 987 καί
362 927 433 988 κατὰ
463 929 550 1006 λόγον
579 928 753 1005 γοντκότητος
781 927 830 1002 τὴν
860 926 985 1007 ῥηθεῖσαν
1007 924 1157 1000 σεβασμίαν
1180 925 1265 1000 μονὴν
1286 928 1333 986 τού

51 1049 127 1124 τιμίου
148 1049 310 1130 Προδρόμου
335 1049 385 1124 τὴν
411 1050 535 1124 τοιαύτην
561 1055 623 1128 γῆν,
656 1050 693 1120 ίυς
722 1047 769 1108 καὶ
798 1048 832 1108 τὰ
860 1047 946 1108 λοιπὰ
973 1048 1055 1122 ταύτης
1076 1049 1203 1123 κτήματα
1224 1045 1258 1105 τότ
1279 1046 1332 1126 πρὸ
1377 1083 1378 1088 1

51 1171 153 1231 πολλῶν
174 1169 230 1246 ἤδη
252 1171 359 1251 χρόνων
382 1173 515 1251 προσόντα
537 1172 603 1252 αντη
625 1167 672 1230 καί
694 1169 742 1244 τὴν
766 1166 797 1241 ἐξ
819 1171 905 1229 αύτῶν
926 1173 1015 1228 πᾶσαν
1035 1167 1137 1243 όμοίως
1152 1167 1332 1248 ἀποφέρεσθαι

51 1292 91 1352 καί
113 1291 297 1372 ἀπσκεράίζειν
319 1293 463 1374 πρόσοδον,
485 1292 578 1364 καθὼς
599 1294 679 1367 ἠτοϋ
692 1295 856 1373 γράμματος
875 1295 921 1352 τοῦ
937 1289 1062 1370 μεγάλου
1078 1287 1238 1364 δομεστίκου
1251 1288 1332 1370 περί-

51 1413 126 1492 ληψτς
147 1415 230 1492 δηλοῖ
250 1413 298 1475 καί
320 1413 515 1494 διαλαμβάνει,
544 1412 592 1474 καὶ
612 1416 699 1475 ποιεῖν
723 1413 873 1486 ἀκωλύτως
893 1415 982 1474 πάντα
1002 1411 1037 1471 τάτ
1058 1411 1130 1472 κατὰ
1151 1413 1264 1490 γνώμην
1285 1407 1334 1470 καί

52 1537 85 1611 μὴ
105 1537 188 1618 εὑρεῖν
210 1557 277 1598 ποτε
299 1543 332 1619 τῇ
356 1535 487 1619 ἑμρανεία
507 1540 554 1596 τού
575 1537 708 1616 παρόντος
729 1537 938 1616 προστάγματος
959 1539 1009 1610 τῆς
1025 1533 1167 1608 βασιλείας
1192 1553 1243 1608 μου
1258 1529 1332 1592 διεν-

51 1659 155 1734 όχλησιν
180 1657 229 1718 καί
257 1659 373 1718 ἐπίθεσιν
399 1662 418 1733 ἢ
446 1658 600 1734 διασεισμόν
628 1657 672 1718 ἐπί
697 1664 731 1740 τῇ
758 1662 829 1740 νομῇ
851 1655 898 1718 καί
925 1665 1032 1740 κατοχῇ
1054 1659 1100 1718 τόν
1121 1658 1238 1736 τυχόντα
1258 1654 1334 1736 παρὰ

51 1784 90 1839 τσῖ
115 1777 206 1866 [κατὰ]
227 1782 338 1862 καιρούς
367 1783 397 1842 τό
421 1781 501 1861 ῥηθὲν
526 1777 647 1866 [χωρίον]
668 1781 717 1856 τὴν
740 1780 917 1860 Ζελισίχοβαν
938 1781 1088 1858 κατασχεῖν
1111 1778 1274 1854 μέλλοντος.
1308 1775 1333 1838 εί

52 1903 85 1976 μὴ
106 1903 228 1977 βούλοιτο
250 1904 384 1984 κριθῆναι,
408 1903 491 1986 όθετῇ
514 1903 563 1975 τάς
586 1949 641 1966 ...

453 2069 460 2086 ·
567 2049 684 2120 Reliqua
700 2049 804 2103 τίσουσι.

146 2205 291 2260 Ιοαιταὶιίσσ
314 2205 365 2258 Ντ.
385 2207 434 2258 10.

520 2507 631 2574 XXV.
659 2506 737 2572 Sine
760 2529 854 2572 anno.

53 2689 234 2760 Fraymentum
253 2709 355 2746 aureae
375 2691 465 2746 ύνίίαο
484 2685 567 2763 [ταμία
583 2689 715 2760 Stephani
729 2685 849 2762 Βυθαιι],
873 2709 928 2761 qua
947 2691 1140 2760 confirmantur
1156 2691 1335 2760 posnaniam

607 2795 770 2849 monasterii.
875 2807 877 2812 '

146 2995 321 3067 ...ικαθίυς
343 2999 456 3075 κατεῖχε
478 3001 563 3057 ταῦτα
584 2997 615 3056 τό
638 2996 788 3075 διαληρθὲν
811 2997 951 3076 μονύδριον
973 2997 1045 3057 κατὰ
1065 2997 1114 3072 τὴν
1129 2991 1273 3078 περίληψιν
1288 2995 1335 3057 καί

54 3114 153 3190 ἷύναμιν
182 3121 229 3177 τού
257 3115 302 3176 ἐπί
323 3119 383 3187 ταῖς
405 3119 539 3190 τοιαύταις
560 3121 754 3198 προσαγωγαίς
776 3116 823 3178 οιαὶ
846 3117 1005 3198 ἀγορασίαις
1029 3119 1275 3198 ἐπιχορηγηθέντος
1296 3119 1335 3198 τῷ

54 3238 121 3315 μέρει
141 3245 189 3314 τῆς
209 3239 337 3315 τοιαύτης
360 3245 445 3316 μονῆς
467 3239 540 3300 θείου
561 3238 608 3300 καί
623 3243 720 3300 σεπτού
734 3215 963 3319 χρυσοβούλλουᾸ
982 3241 1062 3320 ἑτέρα
1077 3246 1114 3318 γῆ
1131 3238 1171 3311 είς
1186 3241 1230 3298 τὀν
1246 3238 1335 3313 Λιβα-

54 3357 132 3430 βιοτόν
157 3360 210 3420 ἀπό
235 3359 424 3441 προοενέξεως
450 3365 497 3422 τοῦ
519 3361 712 3442 Ἀραβαντινού
740 3361 843 3420 ἐκείνου
871 3360 974 3436 μοθίων
988 3359 1024 3442 α’,
1056 3362 1084 3420 ἐν
1111 3356 1130 3441 ᾖ
1158 3365 1335 3440 συνεστήσατο

52 3481 78 3537 τό
98 3484 177 3562 μέρος
199 3490 249 3558 τῆς
270 3483 396 3559 τοιαύτης
418 3489 504 3559 μονῆς
526 3484 652 3558 όστιητιον
673 3481 720 3542 καί
743 3483 883 3558 ἀμπέλια·
907 3485 1035 3562 χωρσίρια
1057 3477 1172 3558 πλησίον
1188 3485 1267 3544 αὐτοῦ
1282 3485 1335 3544 ἀπό

53 3601 226 3678 προσενὲξεως
251 3599 319 3690 [τοῦ]
336 3603 513 3680 Μελισσηνού
535 3605 636 3681 μοάίων
653 3604 701 3680 ιβ’·
724 3601 861 3680 ἀμπίλιον
884 3599 937 3664 ἀπό
956 3602 1144 3684 προσενὲξεως
1158 3609 1205 3664 τοῦ
1220 3605 1336 3685 Βοτριόοῖ

54 3723 156 3799 πλησίον
177 3731 225 3787 τού
247 3727 365 3788 τοιούτου
387 3727 526 3807 χωραρίου
549 3727 651 3802 μοθίων
669 3725 698 3786 τ’·
724 3725 798 3796 ἐντὀς
820 3729 867 3786 τού
888 3728 1004 3806 κόστρου
1020 3727 1129 3807 Σερρῶν
1150 3727 1267 3803 πλησίον
1286 3733 1336 3804 τῆς

57 3843 186 3925 βασιλικῆς
207 3849 310 3929 πόρπας
332 3844 408 3908 οίκον
431 3849 643 3929 ἑργαστηριακόν
667 3849 719 3908 ἀπό
740 3845 927 3928 προσενέξεως
948 3851 995 3908 τοῦ
1018 3847 1167 3908 σακελλίσυ
1181 3853 1231 3924 τῆς
1247 3850 1335 3927 ἀγιω-

56 3969 126 4043 τάτης
146 3969 345 4052 μητροπόλεως
360 3971 479 4050 Σερρῶν,
502 3973 548 4030 τού
563 3970 679 4049 Ζερβοῦ·
704 3971 796 4050 ἕτερον
818 3963 893 4030 οἷκον
914 3969 1126 4050 ἑργαστηριακόν
1141 3971 1257 4045 πλησίον
1270 3970 1335 4030 τού-

57 4107 94 4146 του
114 4087 142 4162 ἐξ
163 4090 314 4172 ἀγορασίας
336 4091 389 4150 ἀπό
411 4097 461 4166 τῆς
476 4090 699 4169 Μαβσελέγγας·
724 4093 815 4171 ἕτερον
839 4090 870 4163 ἐξ
892 4091 1040 4171 ἀγορασίας
1060 4095 1106 4150 τοῦ
1120 4090 1220 4172 Θρίοη·
1244 4095 1336 4173 ἕτερον

59 4206 82 4280 ἐξ
108 4211 251 4292 ἀγορασίαις
278 4213 332 4272 ἀπό
354 4216 401 4272 τοῦ
423 4213 602 4293 Λουττηνοίρη·
642 4213 732 4292 ἕτερον
761 4210 791 4284 ἐξ
819 4207 969 4292 ἀγορασίαις
998 4212 1051 4271 ἀπό
1073 4216 1120 4272 τού
1141 4213 1268 4292 γαμβροῦ
1289 4216 1336 4274 τού

58 4329 165 4412 Τοξαρᾶ·
201 4337 294 4416 ἕτερον
317 4331 371 4395 ἀπό
393 4331 580 4415 προσενέξεως
602 4338 648 4396 τού
671 4334 836 4414 Ἱερακνίζη·
872 4335 964 4414 ἕτερον
987 4331 1163 4414 ξενοδοχικόν
1186 4329 1260 4394 οἶκον
1283 4335 1337 4396 ἀπὸ

59 4453 227 4530 προσενέξεως
248 4460 296 4517 τοῦ
311 4455 481 4537 Ἀραβοίντα·
516 4459 681 4530 κηπστόπιον
704 4453 743 4527 εἰς
765 4456 810 4515 τὀν
832 4455 934 4535 πύργον
956 4459 1003 4516 τού
1025 4454 1102 4534 ἁγίου
1117 4455 1261 4516 Νικολάου
1284 4457 1338 4518 ἀπό

59 4575 228 4652 προσενέξεως
257 4581 305 4637 τοῦ
327 4577 482 4656 Καράἀμη·
519 4579 611 4636 τύπτον
634 4577 710 4649 ἐντὀς
739 4581 785 4635 τού
817 4577 896 4636 α’ντού
925 4579 1051 4657 κάστρου,
1086 4575 1125 4648 εἰς
1156 4579 1171 4635 ό
1201 4577 1337 4656 εύρίσκετο

61 4696 171 4778 πρότερον
189 4701 391 4779 τζυμηλαρεῖον
414 4704 463 4773 τῆς
485 4700 568 4773 αύτῆς
590 4703 685 4777 μονῆς,
710 4691 769 4756 εἷτα
791 4697 1000 4780 κατεχαλάσθη,
1024 4699 1053 4757 ἐν
1069 4693 1092 4779 ᾧ
1108 4698 1273 4778 εὑρίσκονται
1289 4699 1335 4760 καί
