3486 5282
1278 403 1341 472 209

39 606 232 687 Πρανέτζουλ,
268 604 449 685 Πρασκσβένι,
481 603 650 685 Δοτρονσίιλ,
681 598 826 684 Ῥσσιγένι,
858 603 966 683 Ὀσίκα,
1000 602 1148 683 Κοσσβάνι,
1184 605 1342 682 Βασιγιόρα,

41 730 259 808 ίίσποιιζελέστι,
289 725 396 806 Πρίίτα
423 725 555 804 Ἂτιλέβι,
585 723 759 803 Κιζδαβέστι,
788 727 923 804 Μαρσσίνι,
952 725 1124 804 Γκαλέσουλ,
1152 725 1235 806 Σορὸϊ
1263 726 1342 805 Παρ-

39 852 140 930 σσὶβοιι,
165 851 338 932 Δστρατέστι,
361 849 503 928 Ζβέρκλα,
528 849 673 928 Ἀμαρέστι
696 847 727 906 δὲ
750 847 821 926 σοιἰς,
845 849 935 920 Κέζος
957 848 1138 926 Τζελέγιουλ,
1164 847 1342 926 ίίοὺπιτζοινλ,

41 975 192 1054 Στσίδικα,
215 971 320 1052 Ῥέδια,
345 971 496 1052 Γκιρπέβσιι
519 970 610 1050 βέρδε.
645 970 773 1040 ὡσαύτως
795 970 828 1028 νίι
850 970 982 1050 λαμβάνῃ
1004 967 1051 1028 καί
1075 969 1127 1030 ἀπο
1149 971 1180 1028 τ“ο
1202 969 1344 1044 καδηλῆκι

41 1101 90 1178 τοῦ
116 1095 245 1177 Γκσρζίου
273 1095 381 1156 ἐκτῶν
404 1090 452 1162 89,
466 1091 614 1173 ποπορίων,
640 1097 694 1150 τῶν
717 1091 755 1168 μὴ
779 1089 860 1150 εἰσέτι
881 1092 1083 1171 ἀφιερωμένων,
1109 1092 1193 1152 πάλιν
1216 1091 1267 1151 ἀνὰ
1289 1092 1343 1150 δίνω

42 1221 138 1300 σίσπρα
161 1219 192 1278 τ“σ
216 1219 314 1298 μέτρον
336 1209 384 1276 καί
405 1217 435 1274 τ“ο
457 1217 598 1296 τάρταρον
618 1213 689 1274 κατὰ
703 1215 733 1272 τ“σ
749 1213 873 1293 σὺσηθες,
896 1213 955 1288 ἢτοι
971 1214 1024 1274 ἀπὸ
1042 1215 1205 1294 Πράτουγια,
1222 1211 1343 1292 Ῥοὶσινα,

43 1342 223 1419 Ῥογκέσινα,
239 1339 356 1414 Βιέσανι,
373 1337 515 1418 Παρέσυλ,
532 1337 690 1415 Καμινέοτι,
707 1336 862 1415 Κσζστζένι,
875 1335 1011 1414 Δειζέστι,
1028 1337 1151 1416 Βατέστι,
1168 1335 1344 1415 Γκσλδισὶνου,

43 1463 186 1542 Τζέπουλ,
215 1460 403 1540 Σουρτάψιλη,
434 1459 584 1540 Τρσιιπάψι,
615 1457 755 1536 Πσοζέστι,
783 1457 958 1538 Γκρσίγιουλ,
982 1458 1030 1518 Δὶν
1056 1459 1152 1519 τλάσα
1175 1459 1345 1541 Τζιλέτλσυϊ,

44 1586 152 1647 Διάλσυ
170 1585 357 1665 Πλοποσέρσυ,
379 1583 538 1654 Πεστζιάνα,
557 1579 718 1660 Πελτιάνου,
735 1579 929 1660 Βλαδουλιοίνι,
942 1581 1054 1661 Τζισίρα,
1071 1582 1177 1662 Κοίκα,
1193 1583 1346 1663 Κορνέστιΐ,

44 1709 188 1790 Στρσέστι,
212 1707 328 1786 Διψόρα,
352 1705 471 1785 Ἄρκάνι,
496 1703 663 1784 ίίαλτισέρα,
687 1697 829 1783 Ῥίγκσυλ,
854 1703 975 1784 Λιλέστι,
992 1701 1109 1779 Ἀμιξένι
1132 1703 1228 1765 διάλου
1249 1705 1345 1766 ταλά-

45 1833 136 1912 νιλσρ,
162 1831 305 1911 ίίορτζάνι,
329 1829 457 1905 Μσσνένι,
483 1826 593 1906 Πιρνέτζ
600 1846 616 1907 ι,
634 1823 824 1905 Σιμτοτίνοινλ,
841 1826 1008 1906 Χσυρέζουλ,
1025 1825 1150 1906 Σκέλλα,
1168 1827 1345 1908 Περκσνρίλε,

47 1951 177 2013 λισῦιοολ
206 1947 321 2030 τατρίνι,
352 1949 544 2030 Σαργκέγιουλ
573 1953 591 2023 ἢ
621 1947 826 2028 Ῥοιιτζιβαλάρ,
858 1949 933 2029 Κοὺρ
958 1951 1064 2010 τάνοιιλ
1090 1952 1218 2030 τιρσέστι,
1245 1951 1347 2032 Τίργοιι

48 2077 218 2154 Ζίγιουλσυϊ,
234 2072 381 2153 Βλαδιμίρ,
398 2073 520 2154 Πετζένι,
537 2071 678 2148 Πατζόστι,
694 2071 837 2150 Ζικέγιουτ
852 2071 997 2153 ίντίρσιγια,
1014 2071 1060 2132 Δίν
1075 2072 1170 2133 πλάτα
1182 2073 1347 2154 Ζίνιουλουϊ,

51 2200 216 2280 Χουραζάνο
240 2195 272 2255 δὲ
287 2194 420 2276 Ἀμαράδ,
438 2193 615 2272 ίίισκέγιουλ,
641 2193 818 2274 ίίσυσιγιέτζι,
839 2193 1001 2274 Κσλτζέστι,
1017 2194 1186 2276 Τινδολέστι,
1202 2196 1348 2276 Γκιτζέστι,

52 2321 191 2400 Νεγκρένι
218 2317 363 2396 διντλάσα,
388 2317 511 2397 Ἀμερέζι
535 2314 566 2384 δὲ
588 2316 661 2394 σούς,
684 2314 797 2395 Ζκάρὸα
818 2317 936 2396 περέστι,
963 2316 1089 2400 ίίατέστι,
1114 2317 1236 2399 Ῥακίτα,
1259 2319 1348 2398 Σάκα,

53 2441 228 2521 λικουρίτζιϊ,
250 2439 411 2516 Γκλαβιιίνι,
436 2438 590 2518 ίίσζάροιιλ,
608 2438 740 2518 Πογισίνα,
757 2438 931 2518 Σετζοιιρίλα,
948 2440 1106 2520 Ἀλοίννουλ,
1123 2440 1245 2521 Ῥοσίγια
1259 2441 1349 2517 ἓέζος,

52 2565 174 2644 Σιτέγια,
200 2563 338 2642 Περτζένι,
354 2560 485 2638 Τζοκάδι,
510 2558 729 2638 ίίοτζοβάλεστε,
749 2561 906 2638 Ζοστλέστι,
925 2561 1050 2644 Παρέστι,
1068 2563 1244 2645 ίίσκοάραλε,
1260 2564 1349 2635 Τζον-

52 2687 193 2767 πέρτζιλε,
218 2684 397 2763 Πσυντζέστιϊ,
419 2684 450 2742 τ“σ
471 2681 645 2762 [ίαρζέγιοιιλ
667 2683 733 2744 ὅλον
754 2688 805 2758 τῆς
825 2683 936 2756 πλάσας
953 2685 1049 2766 Χάρμε
1073 2686 1179 2766 βίζσννι,
1203 2687 1351 2768 Γισυράτζι,

54 2809 157 2869 Διάλοιι
182 2806 307 2886 βαλέστι,
336 2807 518 2887 Κορμανέστι,
548 2805 678 2886 Πικσέσα,
706 2805 860 2886 Πλασέγια,
888 2805 1025 2888 Τελέτζιί,
1053 2808 1178 2869 Διάλουλ
1199 2803 1351 2890 μσίτζιλσρ,

55 2929 158 2991 ιίιαλου
182 2929 323 3010 Γκσυράνι,
353 2927 452 3008 ίίίλτα,
476 2928 616 3008 ’ίζβοίρκα,
640 2928 742 2987 Διάλσσ
765 2927 873 3009 Κοτένι,
896 2929 999 2989 Διάλοιι
1023 2929 1173 3002 Κολτζέστι
1197 2931 1237 2992 δὶν
1259 2933 1353 2993 πλάτα

55 3055 180 3130 Τισμένι.
211 3051 256 3112 διὰ
282 3055 366 3112 ταῦτα
392 3051 408 3110 ὁ
430 3051 576 3122 ὁσιώτατος
598 3049 760 3129 ἡγούμενος,
789 3051 859 3122 ὅστις
881 3051 951 3111 κατά
973 3055 1067 3134 καιρὸν
1091 3053 1226 3114 ἐπιστατεῖ
1247 3053 1287 3127 εἰς
1308 3057 1353 3115 τον

56 3179 149 3257 καιρὸν
164 3177 212 3235 τοῦ
225 3172 407 3249 είσσδήματος
423 3173 482 3250 ἔχει
497 3171 531 3230 νά
547 3171 656 3252 διορίζει
672 3171 813 3252 ἐπίτροπόν
827 3193 883 3252 του,
901 3175 973 3246 ὅστις
988 3173 1022 3232 νά
1038 3177 1268 3257 συμπεριέρχηται
1285 3179 1354 3253 μετὰ

58 3305 107 3359 τῶν
123 3301 289 3360 αίνθεντικῶν
305 3295 533 3378 βιναριτζέριδων,
548 3293 595 3355 καὶ
613 3297 826 3378 σιτνκαταγρσίρῃ
838 3297 887 3372 τὴν
898 3297 1034 3372 ποσότητα
1045 3303 1099 3357 τῶν
1111 3299 1218 3379 μέτρων
1231 3297 1354 3381 ἐκείνων,

60 3422 113 3482 ὅσοι
133 3423 326 3501 πληρωνσυσιν
342 3419 512 3500 βιναρίτσιον,
535 3417 582 3478 καί
598 3417 631 3478 ἐκ
644 3425 698 3479 τῶν
712 3419 794 3480 πέντε
810 3419 918 3500 ἄστρων
935 3418 973 3492 εἰς
987 3422 1018 3480 τ“σ
1035 3423 1143 3504 μέτρον,
1167 3423 1218 3482 ὅσα
1233 3425 1354 3498 συνήθως

60 3544 258 3630 λαμβάνονται,
288 3542 349 3623 τρία
371 3537 462 3623 ἄστρα
484 3541 518 3601 νὰ
540 3535 574 3601 τὰ
595 3541 776 3616 λαμβάνωσιν
799 3541 822 3602 σί
846 3541 996 3604 αὺθεντικοί
1019 3542 1243 3626 βιναρετζέριδες,
1266 3549 1300 3605 τά
1324 3545 1355 3606 δὲ

62 3665 141 3727 λοιπὰ
164 3666 222 3727 δίιω
245 3661 335 3746 α’στρα
356 3662 404 3724 καί
425 3663 457 3724 τὸ
478 3665 623 3744 τάρταρον
645 3659 679 3723 νά
700 3663 734 3724 τά
756 3663 888 3746 λαμβάνῃ
911 3667 926 3725 ὁ
949 3664 1129 3746 διωρισμένος
1152 3667 1295 3749 ἐπίτροπος
1310 3673 1356 3728 τοῦ

18 3815 20 3856 3
65 3787 249 3869 μσναστηρίου,
272 3787 359 3869 χωρὶς
381 3787 416 3846 νὰ
440 3789 524 3866 ἔχωσι
546 3787 581 3846 νά
603 3786 787 3862 έπεμβαίνωσι
810 3790 978 3848 παντάπασιν
1000 3788 1025 3849 σί
1040 3788 1189 3850 αὺθεντικοὶ
1206 3789 1357 3869 βιναριτζέ-
1421 3863 1425 3868 ,

20 3939 21 3944 ¹
68 3911 133 3988 ριδες
161 3910 204 3984 είς
233 3911 264 3971 τίν
287 3911 373 3992 μέρος
395 3915 440 3970 τοῦ
464 3910 651 3992 μσνασιηρίσυ.
695 3910 728 3970 ἐκ
749 3910 848 3970 τούτων
872 3910 903 3970 δὲ
925 3917 979 3971 τῶν
1002 3913 1110 3993 ἄστρων
1132 3917 1178 3974 τοῦ
1200 3913 1360 3993 βιναριτζίσυ

21 4003 24 4082 ί
68 4037 107 4092 τοῦ
129 4032 319 4114 μονασιηρίσν,
343 4033 394 4094 ὅσα
417 4034 584 4112 συναχθῶοιν
607 4033 660 4093 άτίν
682 4034 716 4094 τά
739 4033 794 4094 δέω
813 4038 896 4095 ταῦτα
911 4034 1071 4116 καδηλίκια,
1094 4039 1229 4117 χρεωστεί
1242 4037 1276 4097 νὰ
1293 4037 1360 4098 δίδει

71 4156 83 4211 ὁ
101 4158 255 4238 ἠγαίμενος
278 4163 324 4217 τοῦ
339 4156 422 4236 Βλὰχ
437 4157 574 4238 Σαραγίσο
597 4155 637 4230 εἰς
656 4159 686 4217 τὸ
701 4157 762 4218 νέον
778 4160 955 4234 νοσσκσμεῑσν
971 4157 1005 4217 τὰ
1020 4156 1161 4238 Θεραπεία
1176 4161 1239 4219 καθ’
1248 4162 1362 4220 ἕκαστον

71 4281 160 4356 χρένσν
188 4279 241 4340 ιἰνὰ
269 4278 395 4339 διακόσια
417 4279 514 4360 γρέσια
537 4277 577 4351 είς
600 4279 723 4340 σύστασιν
751 4281 812 4352 ἑνίις
833 4284 1014 4357 πνευματικοῦ
1035 4283 1104 4361 πρὸς
1125 4281 1294 4363 παρηγορίαν
1316 4281 1362 4342 καὶ

74 4403 180 4479 ίμανικὴν
207 4399 356 4484 θεραπείαν
378 4406 432 4461 τῶν
456 4401 545 4462 ἐκεῖσε
569 4401 713 4484 ἀρρώστων
735 4399 782 4463 καὶ
805 4405 974 4480 μνημόσυνον
996 4408 1049 4463 τῶν
1072 4403 1241 4484 ἀρισρωτῶν·
1275 4404 1364 4464 τὰδὲ

74 4519 148 4583 λοιπὰ
176 4524 276 4604 άστρα,
305 4525 357 4584 ὅσα
385 4523 491 4600 ἤθελαν
518 4526 681 4604 συναχθῶσι,
710 4525 744 4585 νὰ
772 4523 944 4586 δαπανῶνται
972 4524 1011 4599 είς
1037 4527 1193 4609 τληρωμὴν
1221 4533 1274 4588 τῶν
1297 4528 1364 4609 προς

78 4644 225 4725 ε’ντρέπειαν
261 4651 312 4722 τῆς
343 4645 494 4723 ἐκκλησίας
529 4647 642 4724 ψαλτῶν
672 4645 719 4706 καὶ
748 4653 801 4706 τῶν
832 4645 937 4708 λοιπῶν
968 4648 1124 4728 ἀναγκαίων
1154 4656 1188 4732 τῇ
1219 4649 1363 4732 ἐκκλησίᾳ.

79 4761 201 4842 ίρειλουσι
230 4769 262 4830 δὲ
290 4769 358 4828 ὅτε
384 4769 539 4848 ἡγούμενος
561 4765 608 4828 καί
631 4769 656 4828 οἱ
679 4769 818 4850 έμρμέριοι
841 4771 874 4829 νέι
897 4771 1085 4848 μνημονεύωσι
1108 4771 1233 4848 δεόμενοι
1256 4772 1284 4831 ἐν
1306 4775 1366 4843 ταῖς
