3222 5284
229 336 294 402 370

230 527 401 610 ἑξαλιτραῖαι
430 533 569 612 τέσσαρες,
600 529 664 613 παρ’
681 530 799 614 ἑκάτερα
830 531 861 594 δὲ
887 537 934 594 τοῦ
961 539 1058 594 σετττσῶ
1080 533 1265 616 θυσιαστηρίου
1289 535 1337 596 δόο
1362 533 1534 615 έξσσόγγισι.

231 652 261 712 ἐν
292 653 323 713 δὲ
353 656 407 726 τοῖς
437 656 530 734 τάφοις
558 657 615 726 τοῖς
644 654 820 749 ὀπσυόήτστφ
844 654 994 735 ὀφειλουσιν
1021 656 1145 716 ἵστασθαι
1166 657 1250 738 κηρία
1272 659 1453 740 τετραοθγγια
1478 653 1536 717 ἀνὰ

232 778 270 854 ἕν,
294 777 339 835 ὅτε
355 777 452 836 τεθῶοι
467 778 594 854 λείψανα.
626 776 835 857 ῥσδσστάγματα
852 776 883 838 δὲ
905 776 953 838 καί
975 775 1111 850 ξολαλόαι
1125 777 1173 839 καὶ
1195 781 1353 856 θυμιάματα
1375 779 1535 859 ὀφείλουσιν

230 900 419 980 χορηγεῖσθαι,
450 901 512 960 ὀθεν
539 903 572 960 ἀν
595 901 693 981 συνορᾷ
715 901 732 974 ῆ
755 901 895 979 ἡγουμένη
920 901 1102 979 ἐνδεχόμενον
1125 897 1207 963 εἶναι·
1239 901 1402 964 διαδιδόσθω
1426 901 1458 960 δὲ
1483 901 1535 961 καὶ

229 1021 301 1080 κατὰ
330 1021 378 1096 τὴν
409 1022 505 1103 ἑορτήν
535 1023 632 1097 ταύτην
663 1022 692 1080 ἐν
715 1021 754 1100 τῷ
775 1023 880 1082 πυλῶνι
902 1026 959 1093 τοῖς
982 1021 1112 1102 ἀδελφοῖς
1134 1025 1213 1099 ῆμῶν
1235 1027 1293 1096 τοῖς
1314 1027 1411 1100 πένησι
1433 1025 1535 1101 ψωμία

231 1143 281 1218 μὲν
305 1141 408 1218 μσδίων
430 1149 519 1224 τριῶν,
547 1144 664 1220 νσυμμία
687 1144 718 1204 δὲ
740 1147 913 1220 νομισμάτων
936 1148 1062 1226 τραχέων
1084 1143 1125 1226 ἑξ,
1149 1149 1314 1228 παρεχέσθω
1337 1147 1368 1208 δὲ
1390 1145 1439 1208 καί
1461 1147 1535 1225 ὑπὲρ

231 1264 347 1342 ὀψωνίου
380 1272 485 1347 νεαρῶν
520 1263 618 1343 ἰχθύων
651 1273 701 1342 τῆς
730 1269 865 1349 τραπέζης
894 1272 948 1327 τῶν
979 1269 1185 1344 ἑνασκσυμένων
1216 1269 1344 1348 ἀδελφῶν
1373 1269 1535 1344 νομίσματι

230 1389 337 1468 τραχέα
358 1388 392 1446 τά
415 1387 556 1468 ἀρκοῦντα.

335 1511 413 1590 Κεφ.
436 1507 470 1582 ξ’.
503 1508 584 1591 Περὶ
605 1516 662 1586 τῆς
684 1510 768 1571 κατὰ
790 1511 846 1586 τὴν
869 1513 1024 1590 γέννησιν
1046 1518 1105 1588 τῆς
1127 1513 1286 1573 θεοτόκου
1309 1513 1437 1592 ἑορτῆς.
1482 1512 1535 1571 Ἐν

232 1631 263 1692 δὲ
278 1637 311 1714 τῇ
327 1633 407 1715 ἑορτῇ
423 1637 472 1708 τῆς
496 1633 651 1710 γεννήσεως
673 1639 723 1708 τῆς
745 1633 873 1692 θεοτόκου
896 1633 1045 1713 ὀφείλουσιν
1069 1635 1201 1694 ἅπτεσθαι
1224 1634 1277 1695 ἀπό
1299 1640 1353 1694 τῶν
1376 1634 1535 1708 ἱσταμένων

231 1755 333 1837 κηρίων
364 1756 393 1816 ἐν
423 1759 478 1827 τοῖς
510 1754 728 1836 δωδεκσφωτίσις
758 1755 811 1815 ἀνά
841 1727 882 1834 ἑξ,
914 1753 953 1827 είς
982 1758 1013 1816 τό
1042 1756 1166 1832 τέμπλον
1191 1753 1231 1832 ἑξ,
1261 1755 1308 1816 καὶ
1330 1757 1449 1834 ὀψώνιον
1471 1759 1536 1828 ταῖς

232 1881 367 1956 μοναχαῑς
388 1879 419 1937 τό
442 1879 541 1956 ἀρκοῦν
563 1879 749 1958 χορηγεῖσθαι.
787 1878 916 1950 ὡσαύτως
939 1877 971 1937 δέ
994 1878 1097 1958 ὀφείλει
1119 1879 1240 1958 γίνεσθαι
1262 1877 1310 1938 καὶ
1332 1881 1350 1953 ή
1373 1877 1457 1958 ἑορτὴ
1480 1885 1536 1954 τῆς

231 2003 360 2077 ὑψώσεως
393 2004 439 2060 τοῦ
472 1999 559 2075 τιμίου
589 1996 635 2059 καί
666 2001 799 2070 ζωοποιοῶ
829 2003 941 2080 σταυροῦ
972 1993 1019 2060 καί
1048 2001 1066 2077 ἡ
1097 2001 1178 2081 ἑορτή
1207 2004 1254 2060 τοῦ
1284 1999 1363 2079 ἀγίου
1394 2002 1537 2080 μάρτυρος

232 2121 387 2202 Δημητρίου
408 2121 496 2200 καὶὴ
525 2123 604 2202 ἑορτὴ
633 2117 705 2206 [τῆς]
728 2125 776 2197 τῆς
803 2122 931 2181 θεοτόκου
959 2117 1077 2206 [είσόδου
1100 2117 1151 2206 εἰς]
1174 2123 1208 2181 τὰ
1234 2123 1301 2200 ἅγια
1322 2127 1377 2180 τῶν
1405 2120 1537 2200 ἀγίωνέ)

337 2245 414 2322 Κεφ.
440 2241 496 2316 ξα’.
523 2242 603 2324 Περὶ
625 2249 685 2319 τῆς
708 2244 826 2323 ἑορτῆς
848 2249 910 2303 τῶν
933 2244 1216 2322 Χριστσυγέννων.
1263 2244 1311 2302 Ἐν
1334 2242 1367 2303 δὲ
1389 2247 1424 2325 τῆ
1448 2243 1534 2324 ἑορτῇ

232 2374 282 2444 τῆς
297 2371 342 2427 τοῦ
358 2369 473 2447 Χριστοῦ
488 2369 644 2444 γεννήσεως
658 2367 676 2440 ἡ
694 2365 745 2440 μὲν
760 2367 884 2445 φωταψία
903 2365 985 2441 ὀμσία
1002 2367 1077 2425 ἔσται
1091 2371 1124 2448 τῇ
1140 2371 1190 2441 τῆς
1209 2369 1375 2442 κοιμήσεως,
1400 2364 1536 2436 ώσσσθτως

233 2490 264 2550 δὲ
293 2488 341 2550 καί
369 2491 399 2548 τό
431 2488 545 2566 ὀψώνιον
574 2493 628 2547 τῶν
650 2494 800 2566 ’μοναχῶν
845 2490 863 2565 ή
891 2487 922 2548 δὲ
946 2489 975 2548 ἐν
997 2487 1036 2567 τῷ
1058 2489 1162 2548 πυλῶνι
1185 2467 1306 2561 διάδοσις
1329 2489 1403 2548 ἔσται
1428 2485 1536 2563 μσδίων

233 2613 279 2672 δὺο
295 2611 341 2673 καί
356 2614 529 2687 νομισμάτων
552 2612 701 2690 τεσσάρων.
733 2611 799 2686 αόιη
823 2610 854 2670 δέ
876 2612 894 2686 ἡ
918 2611 1043 2690 φωταψία
1066 2611 1175 2690 ἀρκέσει
1197 2609 1244 2670 καὶ
1267 2610 1338 2670 κατά
1359 2611 1410 2684 τὴν
1435 2610 1536 2690 ἑορτὴν

231 2741 286 2795 τῶν
315 2736 420 2813 φώτων.
465 2715 491 2810 η’
514 2731 545 2792 δὲ
576 2732 605 2792 ἐν
634 2729 673 2810 τῷ
701 2731 806 2792 πυλῶνι
823 2719 949 2804 Ιδιάδοσις
972 2731 1054 2809 ὁμοία
1078 2733 1151 2792 ἔσται
1173 2737 1207 2814 τῇ
1229 2732 1415 2813 προειρημένη
1439 2733 1534 2813 ἑορτῇ,

232 2857 317 2936 ἤγουν
339 2863 389 2933 τῆς
410 2859 457 2916 τοῦ
479 2856 593 2936 Χριστοῦ
616 2857 781 2934 γεννήσεως,
805 2855 908 2930 ὁμοίως
930 2852 978 2915 καὶ
999 2856 1029 2914 τό
1051 2860 1105 2914 τῶν
1129 2860 1259 2932 μσναχῶν
1281 2849 1407 2931 ὀψώνιον.

337 2979 415 3057 Κεφ.
440 2973 495 3052 ἔθ’.
528 2975 604 3057 Περὶ
633 2981 691 3052 τῆς
722 2977 839 3058 ἑορτῆς
868 2982 927 3051 τῆς
957 2977 1156 3052 ὀπαπαντῆς.
1205 2978 1251 3036 Ἐν
1279 2975 1310 3035 δέ
1332 2997 1368 3056 γε
1389 2981 1425 3056 τῇ
1450 2977 1533 3057 ἑορτῇ

233 3107 281 3176 τῆς
297 3101 455 3176 ἀταπαντῆς
471 3098 621 3178 ὀφειλουσιν
638 3098 767 3158 ἅπτεσθαι
791 3098 820 3156 ἐν
843 3100 899 3170 τοῖς
922 3096 1141 3179 δωδεκαφωτίοις
1164 3093 1217 3158 ἀνά
1238 3096 1319 3176 κηρία
1342 3093 1375 3168 ἑξ
1398 3097 1454 3156 ἀπό
1477 3104 1535 3156 τῶν

233 3221 294 3305 πρὶν
310 3222 470 3302 ἱσταμένων,
495 3219 534 3293 εἰς
557 3220 588 3280 δὲ
610 3222 640 3280 τό
663 3220 786 3296 τέμπλον
809 3220 912 3296 ὁμοίως
935 3221 987 3280 ἀνά
1010 3218 1050 3293 ἑξ.
1081 3223 1099 3297 ἡ
1123 3220 1154 3280 δέ
1177 3241 1212 3298 γε
1234 3219 1314 3299 ἑορτόΙ
1338 3223 1385 3278 τοῦ
1410 3219 1535 3297 είιαγγε-

233 3345 333 3420 λισμσῶ
355 3341 402 3403 καί
423 3344 441 3417 ή
466 3342 544 3422 ἑορτή
567 3347 617 3418 τῆς
640 3340 783 3422 βαῖοφόρσυ
806 3341 908 3418 δμοίως
929 3342 978 3416 τὴν
1001 3341 1084 3417 αθτὴν
1107 3339 1195 3414 ἑξσυοι
1218 3341 1367 3421 φωταψίαν.

338 3466 416 3544 Κεφ.
435 3461 492 3541 ξγ’.
518 3461 598 3544 Περὶ
614 3469 673 3542 τῆς
692 3470 755 3524 τῶν
778 3463 880 3543 ἁγίων
902 3465 1013 3523 παθῶν
1036 3463 1215 3543 φωταψίας.
1248 3463 1283 3522 Ἡ
1298 3463 1392 3537 μέντοι
1406 3461 1536 3542 φωταψία

234 3595 284 3665 τῆς
315 3587 386 3647 κατὰ
416 3586 466 3662 τήν
495 3585 576 3664 ἀγίαν
606 3585 652 3646 καί
683 3585 811 3666 μεγάλην
832 3587 958 3662 πέμπτην
989 3588 1085 3666 ἑορτῆς
1115 3585 1217 3662 ὁμοίως
1246 3589 1352 3666 τῆιῆς
1373 3585 1535 3658 κοιμήσεως

234 3713 390 3790 γενήσεται,
421 3709 549 3779 ώσαθτως
579 3704 625 3768 καί
647 3709 666 3783 ή
689 3707 718 3767 ἑν
739 3707 778 3786 τῷ
800 3708 905 3768 πυλῶνι
928 3707 1049 3780 διάδοσις
1071 3706 1153 3784 ὀμοία
1177 3709 1249 3768 ἔσται
1270 3713 1304 3789 τῇ
1327 3711 1377 3782 τῆς
1399 3725 1533 3786 προειρη-

235 3833 321 3908 μένης
344 3833 440 3912 ἑορτῆς
463 3829 550 3911 χωρίς
571 3833 617 3890 τοῦ
640 3829 766 3907 ὀψωνίαν*
790 3831 808 3907 ή
831 3831 863 3891 δέ
885 3851 920 3910 γε
943 3831 1008 3909 ἁγία
1030 3829 1077 3891 καὶ
1101 3831 1213 3908 μεγάλη
1237 3829 1352 3908 κυριακῆ
1375 3828 1424 3902 τἠν
1448 3829 1534 3902 αότὴν

236 3951 292 4026 ἕξει
322 3951 460 4032 φωταψίαν
490 3972 519 4011 τε
549 3951 596 4011 καὶ
626 3951 744 4013 διάδοσιν
772 3951 819 4013 καί
841 3955 871 4013 τό
895 3947 1009 4030 ὀψώνιον
1031 3959 1065 4036 τῆ
1088 3953 1217 4033 ἀνωτέρω
1241 3950 1353 4033 ῥηθείσῃ
1377 3950 1467 4030 ἑορτῇ.
1515 3951 1534 4024 ἡ

236 4075 267 4137 δέ
297 4095 332 4154 γε
361 4081 410 4151 τῆς
440 4075 609 4153 ἀναλήψεως
639 4075 717 4155 έορτθΙ
748 4073 795 4135 καὶ
817 4076 835 4150 ή
858 4081 908 4152 τῆς
937 4082 1132 4155 πεντηκοστῆς,
1164 4074 1290 4144 ώσαίντως
1313 4069 1415 4132 δὲκαὶ
1438 4072 1455 4145 ἡ
1478 4077 1535 4130 τῶν

235 4197 321 4276 ἀγίων
352 4196 512 4256 ἀποστόλων
542 4196 639 4272 ὁμοίαν
669 4195 756 4270 ἕξουσι
786 4199 835 4273 τἠν
865 4199 1005 4277 φωταψίαν
1034 4197 1081 4257 καὶ
1111 4199 1141 4258 τό
1172 4196 1287 4274 ὀψώνιον
1317 4200 1351 4275 τῇ
1379 4194 1460 4275 ἑορτῇ
1483 4199 1535 4268 τῆς

235 4319 391 4399 γεννήσεως
420 4325 469 4394 τῆς
498 4320 636 4380 θεστόκου.
681 4320 699 4393 ή
731 4318 762 4379 δέ
792 4341 826 4398 γε
858 4321 937 4400 ἑορτὴ
965 4325 1014 4395 τῆς
1043 4322 1281 4400 μεταμορφώσεως
1302 4321 1350 4379 τοῦ
1372 4315 1464 4400 κυρίου
1486 4313 1534 4374 καὶ

342 4607 362 4670 ¹)
382 4605 482 4673 Supple
496 4602 600 4667 εἰσόδου,
618 4607 754 4672 ingressus
766 4606 795 4656 in
808 4605 906 4656 Sancta
919 4606 1086 4669 Sanctorum,
1105 4607 1132 4656 id
1145 4613 1186 4658 σοι
1197 4606 1294 4658 festum
1308 4611 1533 4674 praesentationis

235 4701 333 4752 beatae
351 4705 470 4770 virginis.
489 4701 524 4756 Μ.
