3240 5286
1287 361 1351 428 255

58 563 136 638 κύρος
167 558 273 633 ἐπιθείη
302 559 403 630 τούτοις
433 557 565 631 βσοιλικέι
587 555 769 636 διατάγματα,
800 555 982 632 διατέμπεταί
1003 577 1032 616 τε
1054 559 1121 637 πρός
1143 558 1192 632 την
1214 559 1353 638 ἡμετέραν

58 681 213 763 βασιλείαν,
235 679 283 743 καὶ
304 687 339 764 τῇ
359 681 424 762 παρ’
436 680 520 757 αύιῆς
542 681 659 762 ουοτοίοη
681 678 819 763 οεβαομίᾳ
841 683 912 758 μονῇ
933 677 963 741 τό
982 682 1064 758 κύρος
1078 685 1132 738 τῶν
1147 679 1352 758 ἐνυπαρχόντων

57 803 168 864 αἰτεῖται
191 804 237 870 διὰ
259 802 466 884 χρυσοβούλλτυ
487 803 683 883 προσγενέσθαι
706 808 755 880 τῆς
778 800 921 878 βασιλείας
943 821 1003 876 μου.
1035 801 1091 864 ἐστι
1114 801 1165 877 μὲν
1181 799 1226 863 ούν
1240 801 1259 878 ἡ
1274 799 1352 864 οἰκο-

57 927 204 1002 δομηθεῖσα
235 927 302 1000 αύπη
329 925 375 986 καὶ
406 931 523 986 συστᾶσα
551 925 626 1006 παρὰ
654 925 754 1000 ταύτης
783 924 853 1000 μονὴ
882 922 999 998 πλησίον
1029 943 1081 982 που
1111 921 1271 999 διακειμένη
1304 926 1351 984 τού

56 1050 160 1128 σῖστεος,
190 1049 369 1128 όΦανοίριον
396 1048 567 1126 ὀνομάζεται,
601 1051 710 1123 τιμᾶται
738 1044 770 1122 δὲ
801 1045 844 1108 ἐπ’
857 1045 968 1122 όνόμστι
998 1051 1048 1120 τῆς
1069 1048 1276 1124 πανυπεροίγνου
1298 1065 1350 1120 μου

57 1161 200 1246 δεσποίνης
222 1169 269 1232 καί
293 1171 459 1250 θεομήτορος
479 1175 530 1245 τῆς
553 1167 714 1246 Ἐλεούσης,
735 1166 783 1228 καὶ
806 1167 984 1242 ἐπικέκληται
1007 1166 1076 1226 οίνιω
1097 1187 1156 1238 πως
1178 1172 1226 1242 τῆς
1242 1169 1350 1230 Λυκου-

59 1291 154 1364 σόδος·
176 1295 195 1352 θ
217 1291 250 1353 δέ
272 1292 340 1375 αὐτῇ
362 1297 395 1374 τῇ
418 1297 489 1374 μονῇ
510 1311 546 1370 πρ
588 1293 682 1370 ’ρμοοε
705 1293 841 1369 κτηματα,
865 1289 924 1349 ἐκεῖ
942 1289 993 1364 μὲν
1009 1287 1177 1364 ὁπουδήποτε
1191 1291 1352 1368 τυγχάνουσι

57 1413 223 1494 διακείμενα,
253 1412 300 1476 καὶ
327 1417 411 1476 ταῦτα
433 1413 464 1474 δέ
486 1433 521 1490 γε
548 1377 693 1493 κατωτέρω
716 1409 747 1484 ἐξ
776 1410 911 1486 ὀνόματος
937 1409 1137 1486 δηλωθήσεται.
1182 1415 1215 1491 τῇ
1242 1412 1350 1493 τοιαύτη

56 1541 194 1618 τοιγαροῦν
223 1533 330 1612 αἰτήσει
358 1535 442 1611 αύιῆς
470 1535 520 1596 ούκ
551 1535 623 1612 ἔγνω
655 1533 717 1596 δέον
748 1528 818 1594 εἶναι
845 1533 862 1607 ἡ
891 1531 1019 1606 βασιλεία
1047 1551 1098 1607 μου
1125 1532 1265 1613 ύπέρθεσίν
1291 1553 1350 1592 τινα

58 1656 147 1718 δούναι
164 1657 266 1734 καὶμὴ
281 1657 406 1738 παραυτόι
419 1655 458 1734 τῷ
473 1655 550 1716 τέλει
566 1655 723 1736 ἐναγαγεῖν,
747 1654 825 1714 ἀλλὰ
841 1659 889 1730 τῆς
904 1655 1111 1732 εὐγνωμοσύνης
1125 1654 1216 1732 ὥσπερ
1232 1653 1350 1729 ἀμειβο-

58 1781 125 1854 μένη
146 1781 244 1856 ταύτην
266 1778 384 1854 καὶτῆς
405 1781 451 1838 τού
474 1777 562 1840 καλοῖι
586 1777 759 1856 ἐπιγνώσεως
782 1777 944 1852 ἐτοιμότατα
965 1776 1108 1838 κατανεύει
1129 1777 1197 1856 πρός
1211 1777 1242 1836 τό
1258 1772 1349 1837 αἰτού-

58 1922 148 1980 μενον,
174 1899 223 1962 καί
252 1903 298 1961 τόν
328 1902 449 1981 παρόντα
478 1899 685 1980 χρυσόβουλλον
708 1899 794 1978 λόγον
818 1899 944 1979 ἐπορέγει
968 1899 1044 1980 ούτῇ,
1073 1897 1108 1960 δι’
1121 1892 1152 1956 ού
1174 1895 1221 1958 καὶ
1244 1895 1352 1958 εύδοκεῖ

57 2023 102 2082 καὶ
122 2025 284 2104 προστάσσει
306 2019 352 2082 καὶ
375 2021 518 2104 διορίζεται
540 2022 706 2099 κατέχεσθαι
728 2021 802 2100 παρὰ
821 2026 870 2096 τῆς
887 2018 1082 2098 διαληρθείσης
1096 2017 1249 2094 σεβασμίας
1264 2025 1350 2094 μονῆς

58 2140 89 2202 τὰ
114 2145 187 2226 παρὰ
213 2151 263 2221 τῆς
291 2143 438 2224 εἰρημένης
461 2145 572 2223 συζύγου
594 2148 641 2206 ,τού
664 2143 896 2220 μνημονευθέντος
918 2142 1169 2222 σεβαατοκρέτορος
1189 2143 1349 2220 προσαρμό-

59 2287 140 2326 σαντα
168 2269 234 2349 σύιῇ
265 2267 441 2341 όκοιαδήτινα
471 2268 609 2346 κτήματα,
642 2267 660 2327 ό
691 2265 725 2340 δὴ
755 2263 802 2328 καὶ
831 2265 902 2326 κατὰ
931 2265 1014 2346 μέρος
1041 2264 1126 2336 ούτως
1157 2263 1200 2325 ἐπ’
1217 2262 1350 2338 όνόματος

61 2388 163 2466 έχουσι·
184 2387 286 2468 χωρίον
308 2389 326 2463 ἡ
343 2387 515 2468 Λυκουσύδα,
540 2387 568 2448 ἐν
584 2381 606 2467 ᾧ
621 2385 668 2448 καὶ
683 2389 701 2464 ἡ
717 2387 825 2462 τοιαύτη
842 2387 980 2466 ἀνηγέρθη
996 2387 1076 2462 μόνη.
1109 2387 1201 2464 ἕτερον
1215 2385 1349 2465 χωρίονὴ

61 2509 232 2586 θατουσιάνη.
264 2512 293 2571 τό
315 2509 377 2590 περὶ
399 2511 434 2570 πθ
448 2509 594 2590 Τρίκκαλα
609 2508 721 2589 χωρίον,
744 2510 810 2588 ὅπερ
827 2509 975 2589 εύρίοκεται
990 2508 1178 2586 κατέχουσαὴ
1195 2508 1264 2582 μονὴ
1280 2505 1350 2582 μετὰ

62 2635 103 2692 τού
127 2633 215 2692 ἐκεῖσε
238 2631 361 2712 λεετρσῖι.
392 2634 521 2711 μετέχων
545 2629 585 2704 εἰς
607 2631 695 2707 όνομα
716 2633 869 2706 τιμώμενον
892 2637 940 2708 τῆς
964 2629 1112 2711 ύπεραγίας
1127 2627 1265 2690 Θεοτόκου
1289 2629 1349 2688 ἐπι-

61 2752 208 2833 λεγόμενον
231 2751 354 2830 ηῬοίξα
375 2755 446 2831 μετὰ
467 2759 521 2814 τῶν
545 2755 573 2814 ἐν
597 2752 669 2832 αύτῷ
687 2753 894 2834 παροίκωνγτῶν
911 2752 1176 2829 διαλαμβανομένων
1191 2751 1252 2812 κατ’
1263 2751 1350 2827 όνομα

62 2873 86 2932 ἐν
106 2879 161 2948 τοῖς
181 2881 323 2957 προσούσιν
346 2875 417 2954 αύτῷ
441 2875 629 2955 δικαιώμασιν,
659 2877 697 2936 ἔτι
719 2875 752 2936 δὲ
773 2873 820 2936 καὶ
842 2881 892 2952 πῖγς
913 2876 1104 2952 κατεχομένης
1125 2873 1189 2954 παρ’
1202 2875 1281 2934 αὐτού
1302 2878 1348 2933 τοῦ

61 2998 180 3076 μετοχίου
202 3005 256 3077 γῆς
277 2997 325 3058 καὶ
346 3004 400 3058 τῶν
423 2996 591 3074 μυλοθεοίων
612 2995 660 3058 καὶ
683 2993 836 3072 ἀμπελίων.
874 2999 966 3078 ἕτερον
989 2998 1117 3074 μετόχιον
1140 2997 1155 3055 ό
1177 2991 1348 3075 Τριστενίκος

62 3117 96 3190 είς
117 3120 201 3196 ὄνομα
224 3123 378 3197 τιμώμενον
401 3125 446 3180 τού
470 3121 548 3200 ἁγίου
571 3141 622 3196 μου
646 3120 894 3201 μεγαλομέρπιρος
910 3117 1055 3199 Γεωργίου.
1085 3119 1176 3198 ἕτερον
1200 3117 1239 3188 είς
1261 3117 1347 3191 ὄνομα

61 3245 101 3300 τού
127 3241 202 3324 ἁγίου
225 3241 352 3322 Ἀνδρέου
379 3243 448 3320 μετὰ
470 3249 523 3302 τῶν
548 3243 575 3300 ἐν
598 3241 671 3320 αύτῷ
694 3241 831 3322 παροίκων
855 3237 901 3301 καὶ
924 3241 1067 3316 ἁμπελίων
1089 3240 1137 3300 καὶ
1159 3245 1208 3317 τῆς
1230 3259 1346 3320 προστε-

61 3361 143 3440 θείσης
165 3363 265 3444 ἀρτίως
285 3371 339 3443 γῆς
354 3365 571 3444 Βλαχοκατούνα
592 3365 610 3439 ἡ
635 3364 820 3443 ἐπιλεγομένη
839 3364 1048 3443 Πρακτικσίτους.
1075 3361 1176 3444 χωρίον
1199 3362 1346 3442 ήΓοριόνη

62 3485 124 3554 μετὰ
144 3491 198 3545 τῶν
223 3486 252 3545 ἐν
276 3485 348 3564 αι’νιῷ
371 3486 538 3562 μυλοθεοίων
560 3484 607 3546 καὶ
631 3481 784 3562 ἀμπελίων.
821 3483 859 3558 εἰς
881 3486 930 3561 τὴν
953 3485 1053 3561 λίμνην
1076 3487 1122 3544 τού
1145 3485 1258 3564 Ἐζερού
1280 3505 1346 3542 σαν-

62 3601 137 3666 διῖλια
167 3607 214 3668 δύο
242 3607 311 3683 μετὰ
334 3605 381 3667 καί
404 3607 505 3668 ἀλιέων
529 3607 586 3668 δύο.
622 3609 750 3686 μετόχισν
773 3605 812 3679 εἰς
835 3607 921 3684 όνομσ
950 3611 1104 3684 τιμώμενον
1125 3611 1172 3666 τού
1195 3605 1272 3684 ἁγίου
1295 3627 1348 3682 μου

61 3729 299 3810 μεγαλομόρτυρος
321 3729 476 3811 Δημητρίου
507 3729 535 3788 ἐν
564 3727 602 3808 τῷ
632 3730 729 3805 θέματι
756 3727 904 3804 Βουναίνης
934 3729 1105 3806 διακείμενον
1135 3727 1205 3804 μετὰ
1234 3733 1287 3787 τῶν
1319 3727 1347 3786 ἐν
1454 3727 1455 3732 ’

62 3849 126 3928 αύτῷ
153 3851 301 3931 παροίκων,
331 3851 410 3912 ἀλλὰ
439 3851 474 3927 δὴ
504 3850 551 3912 καὶ
580 3857 633 3912 τῶν
664 3849 808 3928 ἁμτελίων
838 3849 885 3910 καὶ
913 3851 1090 3925 μυλοθεσίων.
1126 3851 1165 3911 ἔτι
1187 3870 1217 3909 τε
1241 3848 1280 3921 εἰς
1300 3851 1347 3908 τόν

62 3971 134 4031 τύπον
159 3978 205 4034 τοῖν
229 3972 365 4053 Ἁλμυροῖι
393 3973 494 4051 χωρίον
525 3975 542 4049 ἡ
571 3973 711 4052 Μαγούλα
740 3971 786 4033 καὶ
817 3972 841 4032 οί
868 3974 1042 4052 Σιμιοαρότοι
1068 3972 1215 4050 λεγόμενοι
1243 3973 1288 4031 σύν
1313 3979 1346 4054 τῇ

63 4089 142 4153 ἐκεῖσε
164 4101 201 4176 γῇ
223 4099 278 4154 τῶν
302 4093 474 4172 Λεβαχαίτων
496 4091 542 4154 καί
566 4091 746 4176 Ταρωνοὶτων.
775 4095 793 4154 όί
815 4091 849 4170 δὴ
871 4096 960 4154 πάντα
982 4089 1093 4166 καθέξει
1116 4091 1280 4174 ἡείρημένη
1296 4115 1345 4153 σε·
1391 4071 1394 4080 Δ

63 4213 156 4290 βωμία
185 4219 254 4292 μονὴ
283 4222 333 4292 τῆς
362 4215 569 4298 πανυπερσίγνου
599 4214 743 4292 δεσποίνης
765 4215 811 4276 καὶ
841 4217 1008 4296 θεομητορος
1029 4223 1079 4291 τῆς
1102 4215 1254 4292 Ἐλεούσης
1276 4217 1346 4276 κατὰ

63 4331 208 4400 δεσποτείαν
230 4337 278 4400 καὶ
299 4339 386 4414 νομὴν
409 4337 595 4419 ἀναφαίρετον,
618 4339 657 4409 ὡς
678 4337 749 4399 κατὰ
772 4339 855 4418 μέρος
878 4336 1111 4414 διαλαμβάνοντα
1135 4339 1164 4398 έν
1182 4341 1239 4410 τοῖς
1258 4358 1345 4417 γεγο-

63 4457 125 4518 νόσιν
153 4458 195 4521 ἐπ’
213 4460 303 4532 οιύτοῖς
332 4463 500 4542 πρακτικοῖς,
532 4461 570 4520 ἔτι
600 4459 631 4520 δὲ
662 4459 710 4520 καὶ
739 4461 777 4532 ὡς
805 4461 1049 4541 προσεκυριύθησαν
1075 4457 1123 4519 καὶ
1144 4461 1345 4540 προσετέθησαν

63 4581 134 4664 ταύτῃ
154 4581 227 4663 παρὰ
249 4588 300 4660 τῆς
319 4581 515 4662 διαληφθείοης
530 4583 642 4661 συζύγου
657 4585 704 4642 τού
720 4581 894 4656 δηλωθέντος
908 4582 1168 4662 οεβαοτοκράτορος,
1195 4580 1241 4642 καί
1256 4601 1344 4658 νεμη-
1418 4613 1419 4617 ,

63 4701 162 4776 θήσεται
193 4704 259 4764 αἰτόι
289 4705 473 4784 όινινόχλητοι,
505 4704 662 4764 ἀδιάσειατσί
683 4724 713 4764 τε
735 4702 782 4764 καὶ
805 4703 1000 4764 ἀναπόσπαστα
1023 4701 1062 4774 εἰς
1084 4704 1190 4764 ἅπαντα
1212 4705 1257 4764 τόν
1280 4699 1345 4779 έξῖγς
