3194 5298
257 313 320 378 152

256 511 354 580 ζωνται
385 509 424 584 μή
454 511 500 565 τοῦ
523 505 713 586 μοναστηρίου,
743 503 810 564 ἀλλ’
822 503 889 563 ίδιαι
914 509 969 564 τῶν
995 505 1056 564 κατ’
1070 503 1139 563 ἰδίαν
1162 505 1357 583 οφαγισάντων,
1382 501 1432 562 καὶ
1460 499 1533 560 ἐκεῖν

257 627 289 704 ἐξ
313 629 386 690 ἰδίων
410 629 589 710 ἀποπληρῶσι
610 627 660 700 τάς
682 627 919 708 ἐμπεριεχομένας
935 626 964 686 ἐν
978 627 1039 698 ταῖς
1053 626 1187 697 τοιαύταις
1203 624 1364 702 ὁμολογίαις
1378 624 1537 705 χρηματικ

256 755 418 831 ποσότητας,
441 743 513 812 οὗτοι
536 749 577 830 δέ,
601 749 712 826 δηλαδὴ
734 750 749 807 ὁ
769 749 923 828 ήγσθμενος
939 748 1009 824 μετὰ
1022 755 1076 808 τῶν
1092 751 1229 830 τεσσάρων
1243 753 1298 808 τῶν
1314 749 1544 826 ἐπιτετραμμένα

256 875 290 935 τά
312 881 360 953 τῆς
382 873 530 954 σφραγῖδος
550 875 691 952 τμήματα,
716 873 800 951 ἔχωσι
818 879 907 932 πᾶσαν
922 870 1172 952 πληρεξουσιέτητα
1186 877 1236 947 τῆς
1252 869 1401 948 ἐκκλησίας
1419 871 1547 944 ἐπιτιμᾶν

257 996 428 1078 σωφρονίζειν
452 989 521 1081 [καὶ]
544 993 717 1070 ἀποβάλλειν
737 994 770 1055 ἐκ
784 1000 834 1071 τῆς
850 999 936 1070 μονῆς
950 993 1012 1066 τοθς
1027 995 1209 1066 ἀτακτοῦντας
1222 991 1270 1052 καί
1283 993 1345 1065 τοὺς
1361 995 1527 1071 ἐκνευροῦντ

256 1120 318 1192 τοὶις
348 1119 567 1199 μετερχομένους
592 1118 623 1176 τδ
647 1113 731 1178 ἀθλσν
753 1122 802 1192 τῆς
825 1117 967 1192 ἀσκήσεως
988 1113 1036 1176 καί
1058 1117 1096 1192 μὴ
1119 1118 1305 1196 πειθομένους,
1327 1117 1493 1176 τελευταῖον
1518 1113 1559 1238 διάγ

257 1247 351 1317 κοινῆς
373 1241 459 1300 αὐτῶν
482 1239 620 1320 ἀναφορᾶς
642 1234 828 1318 ἀναγγέλλειν
844 1244 877 1321 τῇ
894 1238 1043 1320 ἐκκλησίᾳ·
1080 1237 1177 1320 δγδσον
1201 1236 1299 1314 μηδεὶς
1313 1243 1358 1297 τοῦ
1374 1238 1554 1316 μοναστηρῐτν

257 1364 350 1424 τούτου
380 1363 490 1439 δθνηται
519 1366 566 1423 τοῦ
596 1361 695 1422 λοιποῦ
720 1362 825 1422 πωλεῖν
849 1361 1063 1442 μοναστηριακδν
1085 1360 1259 1421 ’νποστατικδν
1282 1360 1345 1420 άνευ
1366 1367 1415 1436 τῆς
1442 1361 1561 1444 νομῖμευγ

260 1484 391 1562 είδήσεως
419 1489 465 1545 τοῦ
493 1483 566 1544 κατά
594 1485 689 1564 καιρδν
712 1481 898 1561 οίκουμενικοῦ
920 1487 1098 1565 πατριάρχου,
1133 1482 1156 1543 εί
1179 1482 1217 1558 μὴ
1242 1484 1324 1558 μένον
1346 1484 1395 1556 τάς
1417 1485 1486 1543 κατ’
1501 1483 1562 1562 έτεςί

260 1606 421 1688 ἐπικαρπίας
442 1605 544 1667 καὶτὰ
565 1609 724 1686 γεννήματα
745 1605 793 1666 καί
815 1607 850 1666 τά
872 1606 1074 1688 μοναστηριαιιά
1097 1607 1242 1688 θρέμματα
1263 1606 1309 1667 διὰ
1329 1606 1378 1678 τὰς
1401 1605 1563 1684 ἀναγκαῖιςί

259 1731 339 1791 αὺτοῦ
352 1729 463 1812 χρείας·
500 1730 609 1789 ἔννατον
632 1727 741 1788 ἐπειδάν
758 1729 787 1788 ἐν
801 1729 885 1812 χρείᾳ
898 1729 1068 1810 χειροτονίας
1083 1732 1224 1812 γένωνται,
1242 1731 1341 1807 ἔχωσιν
1358 1729 1457 1790 ἀδειαν
1472 1718 1564 1808 προσ-ί

258 1853 357 1914 καλεῖν
387 1849 427 1925 εἰς
456 1852 487 1911 τδ
516 1852 750 1933 σταυροπηγιακδν
779 1853 859 1928 ήμῶν
888 1855 965 1912 τοῦτο
994 1854 1184 1932 μονασιήριον,
1218 1853 1247 1912 δν
1270 1855 1303 1912 ἀν
1326 1851 1485 1925 βούλωνται
1507 1832 1565 1908 τῶν

260 1975 420 2057 ἀρχιερέων,
443 1977 559 2054 φέροντα
582 1975 718 2056 ἔγγραφον
742 1973 836 2034 ἀδειαν
858 1975 1057 2055 πατριαρχικὴν
1079 1972 1127 2034 καὶ
1148 1975 1288 2050 συνοδικὴν
1313 1973 1357 2034 ἐπί
1375 1973 1414 2052 τῷ
1431 1944 1566 2033 ἐκτελεῖν

260 2097 342 2173 αὐτὴν
365 2095 435 2172 μετὰ
456 2099 546 2174 πάσης
567 2102 617 2173 τῆς
632 2101 779 2173 κανονικής
793 2097 1023 2178 παρατηρήσεως·
1048 2096 1163 2157 δέκατον
1180 2095 1273 2156 δὲκαὶ
1288 2097 1457 2175 τελευταῖον,
1483 2056 1567 2173 ἀρεῖ-ί

260 2219 354 2280 λουσιν
377 2217 402 2278 οῖ
425 2219 455 2278 ἐν
478 2215 550 2298 αὐτῷ
572 2219 782 2294 συνασκοίιμενοι
804 2221 921 2299 πατέρες
944 2218 1087 2297 φυλάττειν
1109 2219 1143 2278 τὰ
1167 2219 1196 2278 ἐν
1216 2219 1255 2297 τῷ
1270 2220 1379 2298 παρέντι
1395 2213 1555 2302 [γράμματι]

261 2342 407 2402 ἐκτεθέντα
430 2341 622 2422 ἀπαράτρεπτα
645 2339 692 2400 καὶ
715 2341 880 2422 ἀπαράβατα
903 2340 949 2400 διὰ
970 2341 1071 2412 παντδς
1093 2339 1139 2401 καί
1154 2341 1294 2402 πείθεσθαι
1309 2339 1348 2420 τῷ
1363 2340 1435 2400 κατὰ
1451 2339 1555 2418 καιροὺς

260 2465 406 2542 ἡγουμένῳ
428 2459 475 2522 καὶ
498 2462 602 2540 διάγειν
626 2468 742 2544 σεμνῶς,
766 2461 908 2544 εἰρηνικῶς
931 2461 977 2524 καί
1001 2463 1151 2540 ἀμέμπτως
1166 2459 1236 2524 κατὰ
1251 2465 1296 2523 τδν
1310 2465 1391 2524 πἰπον
1406 2469 1453 2524 τοῦ
1470 2483 1571 2538 μονα,

261 2586 337 2646 δικοῦ
369 2573 594 2664 ἐπαγγέλματος,
629 2585 781 2667 ἀφορῶντες
811 2587 878 2665 πρὸς
900 2585 949 2661 τἠν
971 2587 1138 2662 κοσμιότητα
1160 2587 1240 2647 αὑτοῦ
1262 2585 1308 2646 καὶ
1330 2585 1379 2661 τήν
1401 2585 1475 2645 κατὰ
1497 2585 1551 2644 θέον

261 2707 402 2787 διαγωγὴν
424 2705 471 2766 καί
494 2705 633 2767 πολιτείαν
656 2705 703 2766 καὶ
725 2709 791 2787 πφδς
812 2707 861 2782 τήν
878 2707 1020 2781 βελτίωσιν
1035 2705 1082 2767 καὶ
1098 2706 1208 2782 αὔξησιν
1223 2713 1269 2768 τοῦ
1284 2707 1356 2789 ίεροῦ
1370 2709 1450 2786 ἡμῶν
1466 2707 1550 2766 τοῦτον

260 2832 495 2910 σταυροπηγιακοῦ
524 2827 712 2909 μοναστηρίου,
747 2829 876 2904 ἑπόμενοι
906 2829 945 2908 τῷ
975 2829 1096 2908 θεοφιλεῖ
1126 2829 1219 2910 σκοπῷ
1248 2835 1298 2905 τής
1329 2827 1480 2905 ἐκκλησίας
1510 2834 1551 2900 τῆς

262 2951 404 3032 ἀγρθπνως
425 2950 593 3030 προνοοῦσης
615 2948 677 3031 περὶ
700 2957 748 3026 τῆς
771 2951 928 3022 εθσταθείας
949 2955 1003 3011 τῶν
1026 2951 1211 3028 ὑποκειμένων
1236 2952 1302 3032 αντη
1318 2955 1551 3032 σταυροπηγιακῶν

262 3073 342 3154 ἱερῶν
366 3071 551 3154 μοναστηρίων
574 3069 621 3132 καὶ
644 3072 673 3132 ἐν
695 3075 755 3144 ταῖς
777 3072 863 3154 ίεραίς
886 3073 1059 3146 ἀκολουθίαις
1080 3071 1266 3153 διαφυλάττειν
1289 3075 1337 3147 τἠν
1360 3073 1478 3154 ἀρχαίαν
1494 3073 1549 3130 δια-

260 3196 375 3256 τῦπωσιν
398 3195 617 3276 ἀπαράτρεπτον·
640 3195 713 3265 ὅστις
737 3194 837 3255 δὲκαὶ
866 3196 958 3267 ἀπσῖος
980 3201 1033 3256 τῶν
1055 3203 1226 3276 χριστιανῶν,
1251 3195 1399 3276 ίερωμένος
1421 3199 1439 3272 ή
1462 3195 1550 3261 λαίκάς

262 3318 404 3377 ὁποιασοῦν
434 3317 539 3390 τάξεως
569 3315 617 3376 καί
647 3318 762 3396 βαθμοῦ,
793 3317 927 3392 τολμήσει
952 3317 1109 3398 παραβῆναι
1136 3320 1259 3378 ὁπωσοῦν
1281 3319 1315 3377 τὰ
1338 3319 1367 3378 ἐν
1390 3318 1428 3396 τῷ
1450 3319 1550 3398 παρέντι

263 3438 387 3514 νομίμως
408 3437 454 3498 καί
477 3443 627 3510 κανονικῶς
651 3437 838 3517 ἀπσφανθέντα
861 3435 908 3497 καί
931 3439 1068 3521 ἀνατρέψῃ
1090 3461 1115 3499 τι
1137 3445 1191 3498 τῶν
1214 3440 1343 3519 ἀνωτέρω
1358 3459 1546 3518 καταγεγραμ-

263 3561 363 3638 μένων,
392 3560 406 3618 δ
433 3563 551 3632 τοιοῦτος
573 3559 759 3638 ἀφωρισμένος
783 3559 825 3635 εἴη
849 3558 895 3620 καί
918 3563 1109 3641 κατηραμένος
1131 3559 1178 3620 καὶ
1201 3561 1398 3641 ἀσυγχώρητος
1420 3559 1467 3620 καί
1489 3558 1549 3636 μετί

262 3683 377 3742 θάνατον
408 3681 509 3754 ἄλυπος
538 3679 585 3741 καὶ
613 3683 714 3755 πάσαις
742 3685 802 3754 ταῖς
832 3687 974 3762 πατρικαῖς
997 3681 1043 3742 καὶ
1070 3681 1222 3754 συνοδικαῖς
1246 3684 1325 3764 ἀραῖς
1347 3683 1490 3754 ῦπείιθυνος
1510 3677 1549 3740 καὶ

262 3804 390 3876 ὑποδικος
411 3801 458 3863 καὶ
482 3803 579 3881 ἔνοχος
600 3801 639 3883 τῷ
663 3801 762 3883 αἰωνίῳ
784 3801 918 3882 πυρίτης
940 3806 1063 3882 γεέννης.
1098 3807 1160 3865 δθεν
1184 3804 1223 3878 είς
1247 3802 1359 3877 ἔνδειξιν
1381 3804 1428 3864 καὶ
1448 3805 1547 3879 διηνεκῆ

263 3927 311 4002 τἠν
334 3925 485 4004 ἀσφάλειαν
509 3925 619 4003 ἐγένετο
642 3923 688 3984 καί
710 3925 741 3984 τδ
762 3927 848 4007 παρδν
871 3928 1005 4006 ήμέτερσν
1020 3929 1215 4008 πατρισρχικδν
1231 3927 1368 3988 σννοδικδν
1384 3925 1547 4006 σιγιλλιῶδες

265 4048 294 4108 ἐν
317 4047 489 4130 μεμβράναις
511 4049 637 4128 γράμμα,
660 4047 851 4129 καταοτρωθέν
873 4049 924 4108 κάν
947 4048 986 4128 τῷ
1007 4048 1071 4129 ίερῴ
1086 4049 1184 4110 κῶδικι
1199 4056 1248 4125 τής
1264 4049 1394 4128 μεγάλης
1410 4045 1547 4122 ἐκκλησίας

263 4169 302 4249 τῷ
326 4171 454 4250 ἐπάῖιτῷ
476 4171 560 4250 τούτῳ
583 4170 749 4251 διορισθέντι,
772 4169 819 4230 καὶ
843 4169 923 4245 ἐδέθη
948 4169 987 4242 είς
1009 4172 1039 4230 τδ
1063 4171 1144 4251 ’ρηθὲν
1168 4175 1346 4253 μσναστήρισν
1367 4172 1399 4231 ἐν
1418 4173 1481 4230 ἔτει
1495 4188 1545 4227 συι-

263 4291 364 4374 τηρίιρ
390 4289 554 4370 χιλιοστῷ
579 4291 827 4373 ἑπτακοσιοοτῴ
851 4291 1080 4372 ἐννενηκοστῲ
1103 4293 1212 4373 δγδδῳ
1234 4295 1319 4354 κατὰ
1342 4300 1428 4370 μῆνα
1450 4293 1545 4352 ίανσυ-

265 4416 357 4494 άριον
380 4415 613 4491 ἑπινεμήσεως
634 4417 765 4495 πρώτης
787 4419 812 4491 †.

368 4541 384 4612 †
411 4537 604 4616 Γρηγδριος,
640 4536 728 4616 ἐλέῳ
758 4538 832 4597 θεοῦ
863 4537 1127 4616 ἀρχιεπίσκοπος
1161 4539 1542 4602 ΙίωνσταντινουπάλεωςΊ

266 4658 355 4733 Νέας
377 4652 516 4738 Ῥώμης,
540 4655 594 4718 καὶ
617 4655 852 4734 σίκουμενικδς
874 4662 1083 4741 πατριάρχης
1105 4665 1131 4738 †.
