3166 5298
1244 357 1305 422 125

35 553 169 628 νομίσματα
194 551 230 614 θ’.
269 557 345 634 χήρα
368 556 386 631 ἡ
410 553 492 613 Δεσία
515 553 576 632 ἔχει
597 551 653 612 νίον
675 553 887 633 Κωνσταντῑνον,
911 550 1030 612 οἰκιακδν
1051 550 1134 624 τέλος
1156 551 1308 628 νομίσματα

35 673 59 744 θ’,
80 675 134 752 ἔχει
148 673 288 756 Ζωρίτζαν
311 675 446 751 άμπέλισν
467 673 569 751 μοδίων
586 672 619 754 ς’,
644 669 697 734 ἀπό
712 680 761 750 τῆς
775 679 887 752 γενικῆς
903 674 982 734 αύτού
997 673 1177 752 ὑποστάσεως,
1194 674 1307 748 μύλωνα

33 797 68 856 καί
92 798 286 878 χερσάμπελον
317 796 419 874 μοδίων
441 796 464 869 ς’
486 795 534 856 καί
562 801 615 874 γῆν
647 795 750 870 μοδίων
774 793 809 876 ρ’,
843 796 925 869 τέλος
952 796 1104 872 νομίσματα
1123 793 1149 856 δ’
1169 797 1235 877 ὑπὲρ
1258 777 1310 874 τῆς

34 919 249 999 ἐναποληρθείσης
273 907 304 992 ἐξ
326 920 409 995 αύτης
425 916 658 994 έξαλειμματικῆς
673 917 858 990 ὑποστάσεως·
879 918 1075 999 χερσάμπελον
1092 917 1193 995 μοδίων
1208 917 1235 992 β’
1256 925 1306 996 τῆς

32 1039 138 1115 ἡμισείας
167 1041 283 1122 μερίδος
308 1039 355 1101 καί
380 1047 433 1120 γῆς
459 1041 541 1111 τέλος
563 1039 717 1116 νομίσματα
739 1025 777 1099 δ’·
817 1039 856 1111 εἰς
877 1041 908 1100 τ“ο
929 1038 1029 1122 χωρίον
1052 1042 1097 1100 τόν
1120 1040 1225 1120 Σφολδν
1253 1040 1305 1102 άπδ

33 1171 70 1238 τῆς
87 1165 258 1234 ὑποστάσεως
280 1165 326 1223 τού
341 1165 471 1244 Μερζάνη
496 1162 660 1236 βαλανίδας·
685 1162 813 1222 ἐπέκεινα
836 1161 868 1222 δὲ
889 1163 988 1222 τούτων
1005 1163 1065 1241 ἔχει
1079 1164 1096 1238 ἡ
1111 1163 1219 1239 τοιαύτη
1235 1162 1305 1238 μονὴ

32 1283 93 1366 uo)
124 1283 265 1362 ίδιόκτητα
298 1289 395 1346 ταῦτα·
432 1283 494 1366 περὶ
526 1284 575 1356 τὰς
604 1284 708 1364 Σέρρας
738 1285 865 1362 μετάχιον
896 1281 936 1356 εἰς
965 1283 1051 1360 όνομα
1079 1286 1231 1360 τιμώμενον
1260 1287 1306 1344 τού

34 1406 54 1462 ἐν
71 1407 152 1484 ἁγίοις
172 1409 279 1490 πατρός
301 1411 380 1484 ἡμῶν
396 1408 524 1469 Ἰωάννου
546 1408 711 1486 πατριάρχου
727 1405 1040 1478 Κωνσταντινονπόλεως
1055 1409 1101 1466 τού
1115 1407 1306 1483 Χρυσοστόμσν
1395 1456 1401 1470 .

33 1527 87 1598 μετὰ
106 1533 212 1590 πάντων
235 1535 289 1590 τῶν
313 1529 423 1590 δικαίων
445 1527 493 1590 καί
514 1529 666 1610 προνομίῶν
689 1529 768 1588 αύτού
790 1529 837 1587 καί
859 1529 949 1588 τόπιον
970 1522 1088 1604 πλησίον
1112 1529 1201 1610 nno,
1232 1529 1261 1588 ἐν
1284 1522 1307 1608 ᾧ

33 1653 217 1728 προσκάθηνται
243 1653 291 1712 καί
313 1673 384 1724 τινες
405 1651 519 1730 πτωχοί,
542 1649 614 1724 ξένοι
635 1648 682 1710 καί
705 1650 856 1731 ἐλεύθεροι·
895 1651 986 1730 ἕτερον
1009 1652 1137 1728 μετόχιον
1160 1647 1199 1720 εἰς
1221 1649 1307 1726 ὄνομα

33 1773 164 1846 τιμίμενσν
187 1778 235 1834 τού
258 1772 336 1851 α’γίον
359 1770 468 1846 ἐνδόξου
491 1772 735 1852 μεγαλτρμάρτνρσς
755 1769 802 1832 καὶ
823 1774 1016 1852 τροπαιοφόρον
1030 1771 1166 1851 Γεωργίον
1180 1768 1227 1830 καί
1243 1769 1305 1831 ἑπι-

34 1892 186 1969 κεκλημένον
214 1899 261 1956 τού
287 1893 476 1976 Κρνονερίτον,
508 1896 574 1974 ὅπερ
602 1896 779 1968 συνεστήσατο
808 1892 858 1967 μέν
885 1893 918 1952 ἐκ
945 1893 1051 1973 βάθρων
1078 1893 1093 1950 ό
1120 1891 1307 1973 σακελλάριος

34 2019 70 2086 τῆς
88 2016 239 2094 ἁγιωτάτης
263 2017 460 2098 μητροπόλεως
475 2017 595 2096 Σερρῶν,
618 2017 832 2094 όΜονρμονρᾶς
848 2013 960 2094 ἐκεῖνος,
984 2009 1099 2090 ἐξεδόθη
1122 2013 1154 2073 δὲ
1176 2014 1246 2089 μετὰ
1260 2015 1305 2074 τόν

35 2133 119 2196 ἐκείνου
148 2139 265 2198 θάνατον
293 2139 367 2218 παρὰ
393 2145 443 2214 τῆς
465 2139 576 2216 συζύγου
600 2137 678 2197 αύτού
700 2135 747 2196 καί
769 2143 821 2197 τῶν
843 2136 915 2196 κατὰ
936 2137 1034 2210 νόμους
1056 2137 1236 2216 κληρονόμων
1258 2134 1305 2196 καί

36 2253 151 2336 διαδόχων
180 2262 261 2320 οῶτοῦ
287 2261 355 2340 πρός
382 2261 411 2319 τ“ο
440 2261 523 2340 μέρος
545 2265 593 2335 τῆς
616 2259 739 2335 τοιαύτης
761 2256 913 2334 σεβασμίας
936 2263 1021 2334 μονῆς
1044 2254 1146 2332 είδήσει
1167 2256 1215 2318 καί
1235 2279 1305 2338 προ-

36 2386 102 2460 τροπῇ
122 2378 169 2440 καί
190 2387 238 2442 τού
252 2381 397 2461 ίερωτάτσν
413 2381 610 2461 μητροπολίτον
625 2381 734 2462 Σερρῶν
749 2380 795 2441 καί
810 2379 954 2460 ύπερτίμον
970 2379 1040 2454 μετὰ
1054 2387 1104 2456 τῆς
1117 2379 1306 2460 προσηκούσης

38 2499 91 2578 τ’πῴ
118 2503 290 2575 ὑποστάσεως
317 2502 363 2562 καί
389 2509 441 2564 τῶν
468 2501 530 2582 περί
556 2501 628 2582 αύτῷ
655 2500 811 2578 οἰκημάτων
833 2500 880 2562 καί
902 2507 947 2562 τού
969 2501 1171 2563 πλινθοκτίστου
1193 2503 1304 2582 πύργον,

37 2619 284 2706 ίμπελοπεριβσλίον
310 2625 431 2705 γύρωύεν
454 2626 545 2685 αύτού-
585 2627 677 2704 έτερον
706 2624 842 2700 άμπέλιον
866 2624 894 2684 ἐν
916 2629 949 2706 τῇ
972 2624 1116 2707 τοποθεσίᾳ
1136 2628 1182 2684 τοῦ
1205 2624 1305 2684 Καλο-

35 2745 111 2822 γέρον·
134 2749 225 2827 ἕτερον
249 2745 402 2823 ἀμπελῶνα
425 2745 465 2820 είς
487 2749 532 2806 τόν
556 2748 631 2826 ἅγιον
649 2747 778 2824 Ἰωάννην
794 2753 843 2822 τῆς
860 2746 1011 2822 Ἧμίσεως·
1036 2748 1128 2827 ἕτερον
1152 2746 1305 2821 ἀμπελῶνα

38 2861 58 2920 ἓν
75 2875 102 2948 τῇ,
122 2869 265 2952 τοποθεσίᾳ
286 2873 332 2930 τού
355 2869 507 2942 Ἐλαιῶνος
530 2871 689 2950 στρέμματα
711 2867 750 2944 β’·
791 2869 867 2941 ἐντ’σς
888 2872 935 2928 τοῦ
956 2871 1071 2949 κάπρον
1094 2869 1201 2948 Σερρῶν
1224 2866 1304 2944 οἰκή-

38 3004 93 3054 μπι
116 2986 380 3076 άνωγαιωνάτωίγα]
409 2989 433 3062 ς’
464 2988 494 3064 ἐξ
521 2991 701 3070 ἀνταλλαγῆς
728 2990 781 3050 ἀπό
808 2989 894 3050 Ξένον
920 2993 966 3049 τσύ
989 2991 1152 3070 Μονρκονρᾶ
1178 2987 1224 3050 καί
1252 2995 1304 3050 τῶν

38 3103 119 3167 λοιπῶν
139 3114 220 3172 πέντε
243 3117 289 3172 τού
312 3113 421 3190 ἀνεψιοῦ
443 3113 522 3173 αύτσύ
544 3116 589 3172 τοῦ
606 3113 784 3192 Μονρμονρᾶ·
812 3112 861 3188 τὴν
884 3108 915 3184 ἐξ
937 3111 1087 3192 άγορασίας
1110 3112 1162 3170 ἀπό
1183 3116 1233 3186 τῆς
1255 3111 1304 3170 θν-

40 3231 117 3308 γντρος
137 3237 181 3293 τοῦ
197 3233 303 3312 Τρίβολ
326 3231 428 3293 ἐκείνου
452 3233 566 3313 μερίδας
589 3233 645 3313 δύο,
670 3233 752 3308 μόδια
767 3230 820 3312 ρκ’,
843 3235 882 3305 ὡς
903 3239 952 3309 τῆς
975 3233 1074 3310 λοιπῆς
1087 3232 1178 3314 τρίτης
1194 3229 1304 3312 μερίδος

39 3357 205 3430 κατεχομένης
225 3355 301 3436 παρὰ
322 3359 368 3416 τού
383 3355 530 3416 Συναδικσύ
547 3353 577 3428 ἐξ
592 3355 773 3442 ἀνταλλαγῆς
787 3361 833 3415 τοῦ
848 3353 991 3436 εἰρημένον
1007 3355 1110 3415 Ξένον·
1135 3357 1226 3436 ἕτερον
1241 3375 1304 3432 χω-

40 3473 112 3549 ,οίμσν
133 3474 171 3548 εἰς
192 3477 241 3552 τὴν
264 3477 387 3538 Καύσταν
409 3477 525 3552 πλησίον
548 3482 593 3538 τοῦ
610 3476 740 3556 Πηγδέρη
764 3476 865 3552 μοδίων
889 3476 929 3536 o'·
954 3479 1045 3556 ἕτερον
1066 3478 1204 3558 χωράριον
1226 3476 1303 3552 πλη-

42 3591 80 3652 οἷον
98 3599 184 3658 τούτου
207 3597 309 3674 μοδίων
333 3597 349 3658 ι’
378 3596 409 3671 ἐξ
433 3594 581 3678 ἀγορασίας
604 3599 657 3659 doio
679 3603 725 3658 τού
748 3597 890 3678 εἰρημένου
913 3597 1016 3660 Ξένον·
1055 3601 1146 3678 ἕτερον
1167 3601 1304 3679 χωράφιον

42 3715 133 3792 πλησίον
154 3725 200 3781 τού
222 3722 349 3797 μύλωνος
371 3725 417 3781 τού
434 3719 566 3796 Παλούκη
590 3719 692 3797 μοδίων
707 3718 732 3780 δ’
756 3720 809 3780 ἀπό
830 3717 1016 3801 προσενέξεως
1037 3725 1083 3780 τού
1099 3719 1236 3780 Κανακίου
1258 3718 1305 3780 καὶ

44 3835 70 3907 εἷς
87 3843 125 3900 τόν
147 3841 365 3921 Εύαγγελίτζην·
400 3845 491 3924 ἕτερον
513 3844 650 3922 χωράρισν
673 3842 725 3902 ἀπό
748 3842 932 3921 προσενέξεως
954 3847 1000 3904 τού
1024 3841 1179 3918 Ἀπλεμιλὲ
1202 3841 1304 3917 μοδίων

44 3955 74 4028 ίί·
102 3963 225 4045 περὶτοῦ
247 3963 335 4042 Ζίχνα
356 3963 396 4037 είς
418 3967 448 4026 τό
471 3965 571 4046 χωρίον
595 4012 650 4028 ...

540 4111 658 4182 Reliqua
674 4111 777 4164 deennt.

124 4249 264 4304 loonnideo
276 4249 339 4319 (Nn.
356 4247 407 4318 11)
422 4251 482 4304 unit
496 4249 543 4304 ίιοο
553 4249 738 4321 froymentnm
754 4267 813 4304 αιπι
825 4249 991 4304 antecedente
1003 4249 1054 4303 λθ.
1070 4251 1118 4319 10,
1135 4249 1164 4303 id
1178 4253 1216 4302 eet
1223 4265 1305 4320 proe-

46 4355 100 4415 oepto
116 4355 183 4424 τεμῶ
205 4347 238 4409 de
260 4355 402 4410 donatione
426 4355 565 4409 domestici
583 4354 668 4409 Rani.
700 4354 783 4408 Nobis
805 4354 913 4408 videtur
935 4371 989 4408 εσσε
1002 4353 1187 4424 [παρακούσαντι
1206 4371 1306 4408 aureae

47 4447 112 4510 non
124 4457 154 4512 de
165 4459 378 4528 possessionibus
393 4459 559 4528 monasterii,
583 4459 660 4514 enine
675 4459 782 4512 initium
798 4465 823 4512 et
831 4457 897 4527 finis
913 4459 1109 4514 desiderantur.

49 4597 220 4616 ··-·-—...-

126 4713 143 4776 1)
160 4711 199 4761 καὶ
217 4709 305 4770 αύτούς
323 4713 344 4761 1.
