3222 5284
255 336 320 402 314

256 531 400 610 εῦνοιίχους
421 529 468 590 καί
490 530 605 602 ἀπαθεῖς
627 531 798 612 ἀνθρώπους,
829 533 860 592 τδ
883 531 934 608 μὲν
958 532 1002 591 διὰ
1024 533 1073 607 τὴν
1096 532 1239 610 ἀπάθειαν,
1269 535 1303 607 ἣν
1326 532 1342 590 ἁ
1365 531 1540 610 ἀφωρισμένος

254 654 310 725 τοῖς
332 653 460 724 τοιούτοις
482 653 607 732 εῦαγέσιν
630 651 714 726 οἴκοις
738 651 927 734 Προδραμικδς
950 655 1016 726 ναδς
1040 650 1146 732 ἐξόχως
1169 653 1274 736 ἀγαπᾷ,
1302 653 1395 723 καθὼς
1418 653 1473 730 ἐγὼ
1492 673 1539 712 πε-

255 775 507 855 πληροφορημένως
530 775 651 850 ἐμυήθην
673 773 720 834 καὶ
744 775 835 855 ἔργοις
858 777 948 845 αὺτοῖς
969 774 1140 856 παρέλαβον,
1168 775 1199 834 τδ
1222 774 1264 854 δέ,
1292 775 1332 834 δτι
1354 772 1401 832 καί
1423 774 1540 852 ἐνμέσῳ

255 901 305 972 τῆς
325 895 437 968 πόλεως
458 893 505 955 καὶ
530 896 643 974 ἔγγιστα
664 902 714 974 τῆς
737 898 841 978 ἀγοράς
863 899 894 957 τδ
916 901 1124 978 φροντιστήριον,
1148 883 1194 956 καί
1216 897 1264 956 οῦκ
1280 896 1417 957 ἀκίνδυνον
1431 898 1461 956 τ“σ
1476 896 1539 976 βαρ-

257 1018 357 1094 βάτους
388 1018 417 1077 ἐν
448 1016 520 1096 αὐτῷ
550 1022 697 1080 κατοικεῖν.
735 1019 781 1079 καί
805 1019 894 1092 οὐδεὶς
917 1020 992 1079 ἔσται
1014 1020 1043 1079 ἐν
1067 1017 1139 1098 αὐτῷ
1161 1019 1299 1097 βαρβὰτος
1320 1021 1491 1096 τεταγμένος,
1520 1015 1539 1076 εί

257 1140 296 1216 μὴ
320 1141 372 1218 ἄρα
396 1137 467 1200 ἐστὶν
490 1139 524 1199 ἐκ
544 1144 591 1200 τοῦ
614 1141 681 1215 ἐμοῦ
703 1140 750 1200 καὶ
772 1143 869 1218 γένους
891 1139 938 1201 καὶ
961 1141 1076 1217 αἵματος
1105 1143 1123 1216 ή
1148 1141 1200 1200 ἁπδ
1224 1139 1283 1216 βίου
1312 1139 1383 1200 ἐστὶν
1412 1141 1540 1219 ἅνθρωπος

257 1263 500 1342 μεμαρτυρημένος
531 1261 574 1323 ἐπὶ
605 1263 736 1345 εὐλαβείᾳ
764 1261 811 1324 καὶ
841 1265 916 1343 ρέβῳ
939 1265 1011 1344 θεοῦ,
1041 1263 1088 1323 καί
1110 1265 1256 1344 προσκυροί
1278 1267 1310 1343 τῇ
1334 1269 1404 1345 μονῇ
1426 1261 1539 1336 ἀκίνητόν

256 1404 317 1444 τινα
338 1389 431 1460 κτῆσιν
453 1381 499 1444 καὶ
521 1383 690 1465 ὑπερβαίνων
713 1382 732 1468 ᾖ
753 1387 788 1445 τὰ
809 1388 978 1460 πεντήκοντα
1002 1386 1049 1460 ἔτη
1072 1391 1121 1460 τῆς
1143 1384 1257 1461 ήλικίας
1278 1386 1370 1444 αῦτσῦ·
1396 1382 1437 1443 ἐπὶ
1451 1385 1540 1443 τοίτων

257 1505 312 1586 γὰρ
341 1509 475 1586 συγχωρῶ
498 1504 544 1566 καὶ
574 1508 664 1582 μένων
685 1508 717 1567 τδ
745 1508 919 1586 κουρείιεσθαι
952 1506 1114 1588 βαρβάτους,
1147 1509 1239 1587 ἕτερον
1263 1506 1294 1566 δὲ
1321 1503 1423 1579 ἔξωθεν
1444 1505 1539 1566 οὐδένα.

258 1625 378 1706 γίνεσθαι
406 1627 438 1687 δὲ
469 1627 624 1703 ἐπισκήπτω
647 1626 694 1688 καί
722 1627 948 1709 προλειτουργίαν
978 1629 1050 1690 κατὰ
1079 1629 1218 1704 σάββατον
1240 1629 1306 1708 ὑπὲρ
1328 1633 1382 1687 τῶν
1412 1627 1540 1708 μακαρίων

251 1715 261 1734 .
1152 1712 1161 1734 .

258 1749 363 1826 γονέων
386 1769 438 1825 μσυ
460 1747 604 1829 Εἰρηνικοῦ
625 1747 673 1809 καί
696 1749 808 1830 Καλῆς,
839 1748 886 1809 καὶ
910 1750 978 1826 ἐμοῦ
1000 1753 1047 1810 τοῦ
1071 1750 1246 1830 ἁμαρτωλοῦ.
1284 1750 1495 1826 μνημονεύεσθαι
1515 1748 1539 1807 δὲ

258 1868 305 1930 καὶ
335 1869 469 1947 διηνεκῶς
498 1873 582 1950 ἡμᾶς,
614 1871 659 1932 σὺν
687 1873 753 1948 ήμίν
784 1872 816 1932 δὲ
842 1870 889 1932 καὶ
916 1870 1017 1950 Συρίαν
1044 1869 1090 1932 καὶ
1118 1871 1235 1952 Εἰρήνην
1261 1870 1308 1932 καὶ
1335 1866 1478 1936 Βασίλειον
1502 1869 1540 1930 καί

259 1993 367 2053 Λέοντα
388 1992 436 2054 καὶ
451 1990 547 2053 Ἄνναν
569 1993 617 2054 καί
640 1993 783 2055 Νινὰλαον
805 1994 852 2055 καὶ
869 1997 1082 2076 Κωνσταντῑνον,
1110 1992 1257 2074 ἐξαιρέτως
1280 1993 1311 2053 δὲ
1339 1995 1457 2072 γίνεσθαι
1477 2013 1539 2072 τρισ-

260 2117 337 2192 άγιον
360 2114 407 2175 καὶ
430 2116 495 2196 ὑπὲρ
517 2121 571 2176 τῶν
595 2115 733 2190 βασιλέων
756 2118 835 2194 ήμῶν
858 2123 912 2177 τῶν
935 2117 1021 2196 ἁγίων
1043 2114 1089 2177 καὶ
1112 2115 1241 2199 εῦσεβιῦν,
1265 2116 1309 2175 ἵνα
1330 2114 1378 2176 καί
1400 2108 1470 2176 οὗτοι
1492 2113 1540 2172 ἐπ.-

259 2236 436 2311 κοίμπτωνται
462 2236 510 2297 καί
538 2237 638 2298 έλεῶσι
661 2240 744 2298 τότε
770 2241 989 2318 πτωχοτρσρεῖον
1011 2237 1058 2298 καὶ
1080 2239 1111 2298 τδ
1134 2239 1313 2319 μοναστήριὸν
1336 2217 1397 2312 μου·
1410 2235 1455 2297 καί
1475 2255 1540 2314 περι-

261 2359 380 2418 σκέπωσι
402 2357 449 2418 καί
478 2360 718 2440 περιρυλὰττωσιν,
752 2361 818 2420 ὅπου
842 2363 874 2419 ἁν
902 2359 989 2420 αὐτῶν
1012 2360 1186 2439 έπιδεηθῶσι,
1218 2357 1266 2419 καὶ
1287 2365 1321 2442 τῇ
1343 2357 1484 2440 προστάξει
1502 2362 1542 2430 τῆς

260 2484 392 2559 κραταιᾶς
421 2478 468 2540 καὶ
500 2480 582 2560 ἁγίας
613 2482 758 2558 βασιλείας
785 2483 872 2542 αῦτῶν
895 2483 1104 2562 ἀνεπηρεάστων
1125 2481 1172 2542 καὶ
1195 2481 1390 2560 ἁνενοχλήτων
1412 2499 1541 2559 συντηρου-

261 2601 351 2676 μένων
375 2603 551 2683 εῦαρεοτῆται
573 2603 588 2661 θ
610 2604 673 2676 θέος
696 2603 744 2664 καί
765 2605 914 2688 ὑπερισχῦῃ
936 2603 984 2664 καὶ
1007 2605 1195 2684 μεγαλίινηται
1216 2605 1247 2666 τδ
1269 2607 1369 2686 κράτος
1391 2604 1484 2663 αῦτιῦν.

676 2812 714 2890 η’.
740 2813 821 2894 Περὶ
847 2821 906 2890 τῆς
929 2811 1143 2894 δοξολογίας.

367 2970 426 3044 Τὰς
449 2971 480 3032 δὲ
503 2969 667 3052 δοξολογίας
689 2975 791 3052 παίσας,
819 2975 868 3044 τάς
890 2993 921 3032 τε
943 2971 1098 3052 νυκτερινὰς
1119 2969 1166 3032 καὶ
1188 2969 1321 3050 ἡμερινὰς
1342 2967 1418 3029 θέλω
1440 2967 1542 3046 γίνεσθαι

262 3091 334 3152 κατὰ
356 3093 387 3152 τδ
409 3095 517 3154 τυπικάν
541 3115 603 3174 μου,
635 3095 702 3174 ὅπερ
727 3093 801 3166 ἰδίως
826 3095 1048 3174 συνεγραψὰμην,
1077 3091 1124 3152 καὶ
1146 3091 1181 3151 τδι
1202 3090 1296 3171 λοιπά,
1320 3092 1373 3152 ὅσα
1397 3091 1481 3151 ἐκεῖσε
1500 3107 1541 3148 κε-

263 3217 424 3275 κανάνιοται.

509 3404 542 3466 θ’.
566 3406 646 3487 Περὶ
674 3408 778 3488 ρδγας
800 3405 855 3467 καὶ
879 3403 1042 3483 σιτήσεως
1064 3412 1127 3465 τῶν
1151 3409 1316 3482 μοναχῶν.

368 3583 404 3642 Ἥ
427 3583 458 3642 δὲ
482 3583 552 3662 ρὰγα
573 3587 627 3642 τῶν
651 3581 781 3660 μοναχῶν
804 3581 852 3642 καί
874 3583 908 3642 τὰ
929 3581 1015 3642 λοιπὰ
1037 3581 1141 3659 ψυχικὰ
1162 3581 1209 3639 τοῦ
1231 3599 1261 3638 τε
1282 3570 1541 3655 πτωχοτρσρείουναὶ

263 3709 310 3767 τοῦ
334 3705 513 3784 μοναστηρίου
535 3701 570 3764 τὰ
592 3704 637 3765 διὰ
660 3703 802 3785 λογαρίου,
835 3705 879 3764 ἵνα
901 3706 1030 3785 πρότερον
1055 3697 1268 3780 ἁποτίθωνταιὶ)
1292 3698 1364 3775 μετὰ
1385 3702 1431 3758 τοῦ
1452 3697 1540 3756 τυπιναῦ

265 3827 305 3901 εἰς
326 3828 374 3904 τὴν
398 3827 477 3906 ἁγίαν
500 3829 645 3909 τράπεζαν,
675 3825 722 3887 καὶ
744 3827 882 3907 τρισαγίου
905 3827 1049 3906 γινομένου
1073 3823 1225 3903 ἔμπροσθεν
1247 3823 1293 3881 τοῦ
1316 3817 1396 3898 ἁγίου
1418 3821 1539 3890 θυσιαστη-

266 3950 332 4032 ρίου,
355 3947 402 4009 καὶ
424 3951 492 4029 ὑπὲρ
514 3957 567 4010 τῶν
590 3949 770 4031 ριλοχρίστων
794 3949 932 4025 βασιλέων
956 3948 1078 4022 δεήσεως
1100 3945 1147 4006 καί
1163 3945 1249 4023 εῦχής
1264 3943 1422 4022 γινομένης,
1444 3941 1483 4000 ἵνα
1496 3937 1539 3998 είσ-
1587 4011 1588 4034 ,

267 4076 380 4154 έρχηται
405 4065 445 4146 εἷς
466 4077 520 4142 τῶν
542 4073 710 4148 τιμιωτάτων
734 4071 839 4152 ἀνδρῶν
862 4069 909 4130 καὶ
932 4069 1163 4144 άναλαμβὰνηται
1181 4069 1211 4126 τδ
1226 4068 1346 4126 τοιοῦτον
1361 4063 1487 4144 λογάριον
1500 4061 1539 4119 ἁτδ
1587 4061 1588 4132 T

265 4199 312 4256 τοῦ
335 4193 413 4275 ἁγίου
435 4194 629 4276 θυσιαστηρίου,
653 4194 691 4264 ὡς
714 4194 767 4253 ἀπο
789 4199 890 4272 χειρῶν
912 4195 958 4252 τοῦ
973 4191 1064 4271 κυρίου
1079 4192 1157 4266 ἡμῶν
1175 4189 1264 4264 Ἰησοῦ
1281 4187 1406 4268 Χριστοῦ,
1430 4181 1472 4245 καὶ
1485 4183 1538 4241 άνιι-

266 4321 431 4397 γινὼσκηται
454 4319 584 4398 πρότερον
607 4318 625 4390 ή
647 4317 769 4397 παροῦσά
792 4335 844 4390 μου
868 4311 998 4394 διάταξις,
1022 4311 1069 4372 καί
1086 4312 1170 4384 οῦτως
1187 4310 1345 4386 έπιτελῆται
1360 4309 1379 4386 ή
1395 4300 1539 4388 ρόγαχυρὶς

267 4441 536 4520 παρακατασχέσεώς
559 4441 671 4513 τινοςή
698 4439 851 4517 στερήσεως
878 4435 952 4516 παρὰ
974 4439 1019 4494 τοῦ
1046 4435 1219 4513 κληρονόμου
1243 4451 1303 4506 μου.
1348 4429 1422 4503 πλὴν
1444 4429 1470 4486 οῦ
1488 4423 1537 4499 βοί-

269 4599 475 4606 ...noan-4⁶...-

375 4699 394 4766 ¹)
414 4695 563 4750 ἁποτίθεντοιι
582 4697 607 4749 S.
673 4675 679 4688 ι
