3240 5286
256 546 323 624 πρὸς
344 546 391 602 τόν
413 546 547 622 μακάριον
571 541 679 615 ἐξέθετο
695 542 871 620 Σίλβεστρον,
895 543 944 602 οὐκ
967 539 1086 620 ἀσαφῶς,
1111 543 1178 602 ἀλλ’
1192 543 1286 622 ἄριστα
1306 543 1486 618 τεθέσπισται,
1515 541 1558 618 ἐρ’

258 660 349 744 ᾧκαὶ
372 666 482 742 θρεῖλον
505 663 543 744 τῷ
566 665 733 744 πρωτοτιίπῳ
757 664 952 723 ἐπακολουθεῖν
974 664 1008 722 τὰ
1029 665 1097 744 πρός
1120 663 1240 739 μίμησιν.
1281 664 1326 723 διά
1347 683 1388 722 τοι
1409 667 1487 722 τοῦτο
1510 661 1562 721 καί

258 785 466 862 οἰκονομησαιτο
494 787 512 859 ἡ
536 787 672 865 σίγιωσθνη
696 806 742 844 σου
766 787 840 862 ἔχειν
863 786 916 846 ἀπο
938 789 984 845 τοῦ
1006 788 1051 844 νῦν
1073 785 1118 844 τόν
1141 789 1259 845 τοιοῦτον
1282 783 1482 862 θικαιορὺλακα
1504 783 1562 842 κάν

257 914 291 990 τῇ
321 914 367 969 τοῦ
395 911 459 968 θεοῦ
488 906 627 990 ἁγιωτάτῃ
658 908 771 988 μεγάλῃ
802 908 937 990 ἐκκλησίᾳ
959 907 1077 987 όρρίκισν
1099 913 1153 967 τῶν
1176 907 1351 988 προβαθμίων
1374 904 1420 965 καί
1442 905 1562 982 ὑψηλῶν

258 1029 305 1091 καὶ
335 1033 373 1102 ὡς
403 1030 442 1108 τῷ
472 1031 568 1111 κλήρῳ
596 1036 645 1104 τῆς
669 1031 822 1108 ἁγιωτάτης
853 1031 981 1107 μεγάλης
1004 1034 1049 1089 τοῦ
1072 1031 1134 1089 θεοῦ
1159 1029 1309 1103 ἐκκλησίας
1331 1029 1562 1106 καταλεγόμενον

257 1154 381 1212 ἵστασθαι
407 1152 453 1210 καὶ
475 1154 636 1232 προτάττειν
661 1151 730 1226 μετὰ
752 1153 797 1210 τ“ον
820 1157 864 1211 νῦν
887 1147 1045 1226 τιμιώτατον
1068 1152 1253 1232 πρωτέκθικον
1275 1152 1320 1210 τόν
1344 1151 1483 1225 Γεμιστόν,
1509 1153 1563 1208 ἕνα

258 1273 304 1334 καὶ
336 1274 414 1334 αυτόν
446 1275 498 1332 ἀπὸ
524 1281 578 1332 τῶν
607 1271 835 1346 ἐξωκατακοιλων
866 1273 918 1332 ἀπό
947 1294 982 1350 γε
1003 1279 1052 1348 τῆς
1075 1276 1194 1353 σήμερον
1216 1273 1425 1351 γνωριζόμενοι,
1457 1273 1563 1330 ἀταπον

259 1397 313 1476 γὰρ
334 1398 379 1455 τόν
404 1396 432 1454 ἐν
455 1396 602 1474 καθέδραις
625 1397 684 1467 ταῖς
700 1393 803 1468 μειζσσι
819 1387 866 1453 καί
880 1395 1138 1474 προβαθμιαιτέραις
1153 1399 1206 1454 τῶν
1223 1395 1457 1470 ἑκκλησιαστικὼν
1474 1394 1563 1471 οίγιο-

260 1523 371 1596 σοριτῶν
400 1517 538 1596 ἀρχόντων
569 1519 607 1587 ὡς
633 1517 663 1576 τό
686 1515 761 1588 εἰκός
783 1513 993 1597 συντιμώμενσν,
1024 1518 1062 1592 μὴ
1093 1516 1144 1576 κάν
1171 1523 1205 1598 τῇ
1229 1515 1441 1597 ἑκκλησιαστικῇ
1464 1518 1563 1574 στάσει

259 1637 305 1698 καὶ
328 1645 452 1720 προκοπῇ
476 1640 521 1697 τόν
543 1641 715 1717 προσήκοντα
736 1641 818 1698 τόπον
842 1639 916 1716 ἔχειν
938 1636 985 1697 καὶ
1007 1641 1063 1710 τοῖς
1079 1636 1310 1711 ἑξωκατακσίλοις
1326 1637 1496 1698 συνίστασθαι
1511 1635 1565 1696 καί

259 1767 310 1837 τῆς
333 1763 415 1836 αὐτῆς
439 1761 618 1838 συμμετέχειν
633 1761 733 1820 τούτων
747 1766 827 1836 τιμῆς
842 1781 872 1819 τε
888 1758 934 1818 καὶ
950 1765 1098 1837 προκοπῆς.
1123 1761 1141 1835 ἡ
1157 1761 1208 1835 μὲν
1231 1755 1276 1820 οὖν
1292 1759 1420 1833 βασιλεία
1435 1781 1487 1834 μου
1503 1759 1564 1834 ἤδη

259 1884 293 1943 τά
323 1882 385 1963 περὶ
414 1882 506 1942 τοθτου
535 1881 714 1961 προεδήλωσε
743 1889 776 1964 τῇ
807 1883 943 1964 άγιωσθνη
974 1903 1030 1958 σου,
1061 1877 1080 1963 ᾖ
1107 1879 1153 1940 καὶ
1177 1883 1256 1962 ἔργον
1281 1881 1363 1960 ἐσται,
1386 1882 1454 1960 προς
1476 1881 1564 1960 ἔργον

235 2071 238 2079 ,
261 2007 376 2084 ἀγαγεῖν
403 2001 450 2064 καὶ
472 2005 618 2082 πληρῶσαι
639 2006 669 2063 τό
692 2007 809 2066 τοιοῦτον
832 2011 882 2080 τῆς
905 2003 1049 2079 βασιλείας
1072 2023 1123 2078 μου
1146 2004 1266 2080 θέλημα,
1298 2006 1336 2073 ὡς
1359 2005 1504 2082 θεάρεστόν
1530 2023 1563 2060 τε

261 2126 307 2187 καί
331 2125 450 2186 δίκαιον·
474 2125 518 2186 ἐπὶ
540 2127 624 2204 τούτῳ
647 2125 700 2206 γάρ
723 2123 770 2185 καὶ
792 2127 822 2185 τ’σ
844 2127 929 2206 παρὀν
952 2127 1116 2206 πρόσταγμα
1131 2131 1180 2200 τῆς
1196 2123 1339 2199 βασιλείας
1355 2145 1406 2201 μου
1422 2125 1563 2199 ἀπελύθη,

261 2247 370 2326 θρεῖλον
404 2247 608 2328 ἀντιστραρῆναι
642 2247 681 2325 τῷ
715 2250 866 2326 τιμιωτάτῳ
901 2247 1090 2326 δικαιορὺλακι
1124 2253 1171 2326 κϋρ
1202 2245 1341 2327 Θεοδώρῳ
1373 2247 1490 2324 διακόνῳ
1521 2245 1563 2325 τῷ

262 2363 452 2452 Σκουταριιίιτη
476 2367 509 2429 δι’
524 2365 675 2448 ἀσφάλειαν
698 2375 723 2444 t.

365 2497 382 2568 t
405 2489 492 2567 Μηνὶ
516 2487 601 2571 μαίῳ
625 2490 832 2563 ίνδικτιῶνος
856 2491 895 2570 ιγ’
919 2496 944 2566 †.

698 2802 758 2866 III.
786 2803 876 2866 Inter
901 2802 1122 2866 1275-1282.

286 2989 438 3056 Imperator
454 2987 575 3040 Μίοίιαόί
590 2987 770 3055 Ραίαεοίομυτ
785 2987 943 3040 condecorat
958 2986 1155 3055 metropolitam
1174 2987 1268 3055 Cyzici,
1291 2987 1456 3040 Tteooorom
1472 2985 1537 3040 Scu-

682 3091 820 3158 coriatam,
837 3091 983 3160 typcrtimi
996 3091 1138 3162 otyottctc.

494 3295 696 3372 ίίρόσταγμα
718 3295 800 3370 πρός
822 3295 876 3352 τόν
899 3291 1043 3362 Κυζίκου
1067 3292 1330 3372 μητροπολίτην.

368 3472 383 3541 t
408 3468 442 3526 ‘H
465 3467 593 3538 βασιλεία
623 3488 675 3540 μου
704 3467 771 3545 προς
801 3466 849 3540 τὴν
875 3461 969 3546 πρῴην
998 3465 1125 3526 εὔκλειαν
1157 3467 1224 3545 πρός
1253 3467 1303 3539 τὰς
1328 3471 1431 3548 χρυσᾶς
1455 3467 1582 3536 ἐκείνας.

265 3591 344 3660 ἐννας
365 3587 412 3648 καί
436 3587 583 3668 εὐημερίας
606 3590 654 3656 τάς
677 3607 705 3645 τε
728 3587 824 3659 πόλεις
846 3585 893 3646 καί
914 3590 1010 3665 χώρας
1030 3586 1076 3648 καὶ
1097 3588 1145 3660 τάς
1164 3592 1210 3647 τοῦ
1230 3589 1292 3648 θεοῦ
1309 3587 1460 3663 ἐκκλησίας
1478 3588 1562 3648 ἐπαν-

266 3713 380 3788 αγαγεῖν
404 3710 540 3770 ἐθέλουσα
562 3708 607 3768 καὶ
632 3708 757 3783 ἀναβιοῦν
777 3708 810 3766 :t
824 3708 862 3786 τῷ
880 3707 976 3788 μακρῷ
991 3710 1082 3788 χρόνῳ
1098 3711 1266 3789 γηράσαντα,
1289 3709 1336 3770 καί
1352 3707 1391 3781 εἰς
1407 3709 1493 3786 ζῆλον
1510 3716 1562 3768 τῶν

264 3831 553 3910 προβεβασιλευκότων
582 3836 632 3906 τῆς
655 3830 811 3904 Ῥωμανίας
841 3830 951 3909 ἀγαθῶν
983 3830 1119 3904 βασιλέων
1142 3827 1199 3889 καὶ·
1219 3831 1419 3910 μεγαλουργιῖιν
1444 3831 1560 3910 ἀνατρέ-

264 3974 361 4033 χουσα,
385 3951 431 4012 καὶ
453 3951 487 4012 τά
511 3952 622 4010 ἐκείνων
647 3953 715 4031 ἔργα
739 3951 919 4030 μεγαλουργά
942 3953 1000 4025 ἅμα
1015 3951 1046 4012 δὲ
1062 3949 1108 4012 καὶ
1124 3953 1184 4012 θεῖοι
1199 3950 1247 4012 καί
1263 3952 1379 4028 ἐνοεμνα
1396 3952 1561 4029 ἐπειγομένη

267 4075 396 4134 ἀνανεοῦν
418 4072 465 4134 καὶ
488 4072 521 4132 τά
541 4073 767 4148 ἀπονενεμημένα
784 4074 915 4133 ἀνέκαθεν
930 4075 987 4143 τοῖς
1004 4072 1157 4153 ἀρχιερεῦσι
1172 4079 1221 4149 της
1236 4073 1367 4154 λαμπράς
1382 4081 1431 4148 της
1447 4075 1562 4146 Κυζίκου

266 4195 377 4268 πόλεως
401 4195 522 4272 ἐπίσημα
537 4194 575 4272 τῷ
591 4194 728 4274 ἱερωτάτη)
744 4194 932 4276 μητροπολίοη
948 4193 1066 4265 Κυζίκου
1084 4193 1239 4275 ἐχαρίσατο,
1262 4196 1292 4254 τ“ο
1307 4197 1455 4270 κεκτῆσθαι
1470 4199 1562 4256 τοῦτον

266 4318 392 4391 δηλονότι
414 4319 445 4376 τό
470 4317 606 4396 ἐμπρέπον
627 4317 770 4395 ὑπέρτιμον
790 4319 846 4388 τοῖς
866 4317 1016 4387 θεσπεσίοις
1036 4316 1190 4396 ἀρχιερεῦσί
1209 4337 1239 4376 τε
1259 4315 1305 4376 καὶ
1326 4313 1560 4402 [μητροπολίτας]

267 4437 385 4518 ἀξίωμα,
409 4437 455 4498 καὶ
477 4440 507 4498 τό
531 4441 634 4498 σάκκον
656 4435 704 4497 καί
725 4437 920 4516 πολυσιαάριον
945 4437 973 4495 ἐν
995 4439 1055 4509 ταῖς
1077 4435 1164 4509 θείαις
1180 4437 1382 4516 μυσταγωγίαις
1397 4442 1490 4498 τοῦτον
1505 4440 1560 4512 ἀμ-

266 4561 410 4637 πίσχεσθαι
433 4559 479 4619 καὶ
502 4559 701 4636 λαμπαδοῦχον
720 4561 880 4638 προτρέχειν
902 4561 980 4618 αὐτοῦ
1001 4559 1052 4617 ἀνὰ
1067 4565 1156 4618 πᾶσαν
1172 4561 1221 4634 τὴν
1239 4559 1319 4636 αὺπῇς
1337 4558 1451 4640 ἐνορίαν.
1486 4561 1525 4639 ἐρ
1540 4555 1560 4638 ᾧ

266 4680 312 4750 καί
329 4681 471 4767 διορίζεται
491 4683 508 4756 ἡ
525 4681 652 4759 βασιλεία
669 4703 729 4760 μου,
753 4681 897 4764 θπέρτιμον
912 4681 1044 4762 λέγεσθαι
1060 4679 1105 4746 καὶ
1122 4682 1301 4758 ἀναγκάζεσθαι
1316 4683 1362 4746 τὀν
1380 4681 1560 4764 ἐταληρθίντα
