3486 5282
1363 377 1421 442 181

139 573 202 647 μονῇ
223 565 271 628 καὶ
291 573 381 626 πᾶσαν
404 568 510 628 είσοδόν
525 589 555 629 τε
578 567 625 628 καὶ
648 565 744 642 ἔξοδον
767 569 830 630 ὅθεν
852 570 954 644 δήποτε
979 572 1159 650 ποριζομένην
1173 570 1294 648 γίνεσθαι
1310 572 1424 632 ἐνώπιον

139 695 185 748 τῶν
207 689 356 768 δφθαλμῶν
377 694 424 752 τού
446 691 653 768 καθηγουμένου
674 689 722 752 καὶ
743 697 798 752 τῶν
820 692 925 754 λοιπῶν
953 698 1093 772 μοναχῶν,
1123 693 1314 772 σφραγίζεσθαι
1340 693 1371 754 δέ
1392 697 1423 754 τό

139 811 238 888 δοχεῖον
267 810 314 870 καί
344 813 419 892 παρὰ
447 818 494 874 τοῦ
523 815 729 893 καθηγουμένου
759 812 807 876 καί
836 815 959 888 συνόλως
988 812 1083 895 εἰπεῖν,
1113 813 1174 875 ούτε
1202 817 1249 876 τόν
1270 816 1423 895 ἡγούμενον

139 931 215 1012 χωρίς
236 935 336 994 τούτων
365 940 419 996 τῶν
449 941 529 1016 τριῶν
558 938 644 996 ποιεῖν
667 957 694 996 τι
717 936 900 1026 διοριζόμεθα,
928 935 989 998 οὔτε
1018 937 1127 1008 τούτους
1155 935 1242 1017 χωρὶς
1263 941 1310 998 τού
1331 939 1421 1012 καθη-

139 1056 284 1132 γουμένου.
309 1055 333 1116 εἰ
364 1059 456 1133 μέντοι
485 1061 559 1138 παρά
589 1079 660 1130 τινος
688 1064 743 1118 τῶν
771 1058 952 1140 φιλοχρίστων
985 1057 1180 1140 προσενεχθείη
1209 1065 1243 1139 τῇ
1274 1064 1344 1140 μονῇ
1375 1058 1422 1119 καὶ

140 1155 264 1256 δωρηθείη
295 1183 389 1254 κτῆσις
418 1177 554 1259 ἀκίνητος,
588 1179 737 1260 ἐλευθέραν
768 1179 818 1256 μὲν
848 1179 930 1242 οὖσαν
958 1181 1059 1254 παντός
1089 1178 1220 1258 δημοσίου
1251 1179 1420 1260 ὀφλήματος,

137 1299 331 1380 τροσδεχέσθω,
363 1299 387 1358 εἰ
411 1301 443 1362 δέ
472 1322 496 1362 τι
522 1305 640 1364 τοιοῦτον
663 1301 747 1382 βάρος
770 1301 942 1378 ἐπικείμενον
965 1303 1036 1382 ἔχει,
1059 1301 1194 1382 ἀφιέσθω·
1217 1299 1346 1374 καθάπαξ
1367 1301 1421 1381 γὰρ

135 1422 216 1480 πάντα
236 1425 355 1483 τοιούτον
377 1425 561 1502 περισπασμδν
591 1423 699 1504 μακρόν
721 1429 775 1484 τῶν
798 1426 969 1500 μοναζόντων
997 1423 1248 1504 άποσκορακίζομεν
1270 1421 1317 1484 καί
1340 1423 1420 1484 ούδε-

134 1543 239 1616 μίαν..
257 1543 302 1626 ,1)
325 1545 493 1624 θεραπεύωσι
515 1545 560 1605 τόν
583 1547 674 1628 κύριον
695 1543 743 1606 καὶ
765 1546 805 1620 μὴ
829 1543 868 1617 εἰς
892 1545 1049 1620 δημοσιακόι
1071 1547 1293 1625 λειτουργήματα
1308 1545 1420 1617 ἑαυτούς

134 1665 299 1740 ἐμβαλόντες
320 1667 524 1748 περισπασμούς
550 1687 625 1740 τινας
641 1667 732 1746 ἔχοιεν
747 1668 797 1728 ύπδ
811 1674 865 1728 τῶν
881 1667 1051 1748 φορολόγων,
1075 1667 1153 1728 ἀλλὰ
1176 1668 1259 1742 μόνον
1282 1667 1421 1746 ἀρκεῖσθαι

133 1787 271 1861 μετὰτῶν
292 1791 494 1870 προρρηθεισῶν
510 1795 601 1865 μονῶν
619 1796 674 1850 τῶν
694 1790 755 1850 κατ’
768 1791 886 1850 ἐπίδοσιν
909 1789 1039 1851 δοθεισῶν
1063 1790 1153 1862 αύτοῑς
1176 1788 1216 1862 εἰς
1238 1792 1283 1850 τὀν
1306 1789 1418 1866 διηνεκῆ

132 1907 178 1968 καὶ
200 1909 346 1991 ἀπέραντον
373 1910 459 1972 αἰῶνα
476 1959 482 1970 .
498 1915 582 1972 ταύτα
604 1913 655 1988 μὲν
678 1913 747 1974 ούτω
770 1911 953 1994 διοριζόμεθα,
984 1910 1031 1973 καί
1051 1913 1082 1972 τό
1105 1913 1251 1992 ἐλεύθερον
1273 1910 1319 1972 καί
1342 1911 1418 1972 οἰδῶ-

131 2053 208 2110 ρητον
228 2039 261 2114 τῇ
284 2038 354 2114 μονῇ
376 2035 546 2114 χαριζόμεθα
576 2034 621 2094 διὰ
648 2039 695 2094 τού
724 2037 857 2114 παρόντος
886 2035 966 2110 ἡμῶν
988 2035 1183 2109 ύπομνόματος
1204 2030 1251 2093 καὶ
1274 2031 1346 2109 μηδὲ
1369 2033 1419 2094 ύπδ

131 2154 222 2236 ἔφορον
241 2158 260 2229 ἡ
282 2157 494 2236 χαριοτηκοίριον
516 2159 534 2230 ἢ
558 2157 650 2237 ἕτερόν
673 2177 732 2216 τινα
753 2158 881 2234 γενέσθαι
903 2157 1002 2232 ταύτην
1024 2157 1091 2216 ποτὲ
1114 2155 1315 2234 ἐντελλόμεθα,
1346 2155 1418 2230 μηδέ

130 2297 177 2334 τινι
200 2277 425 2358 ἐσχηματισμένῳ
452 2277 564 2354 ὀνόματι
591 2278 751 2354 διοικήσεως
777 2277 843 2350 ἴσως
864 2283 918 2338 τῶν
940 2283 990 2354 τῆς
1013 2283 1100 2354 μονῆς
1120 2279 1290 2358 πραγμάτων
1313 2279 1331 2351 ἡ
1355 2278 1416 2338 ἐπι-

129 2399 233 2478 κουρίας
254 2396 302 2458 καί
324 2397 498 2477 ἀντιλήψεως
528 2399 702 2476 ἐπεμβαίνειν
728 2399 786 2460 τινὰ
809 2406 842 2482 ιῄ
866 2406 937 2482 μονῇ
959 2399 1005 2460 καὶ
1028 2400 1098 2460 ούτω
1120 2400 1218 2474 ταύτην
1240 2399 1350 2478 πορθεῖν
1372 2397 1419 2460 καὶ

132 2513 277 2600 ληίζεσθαι,
306 2521 374 2582 ἀλλ’
394 2523 458 2584 ούδέ
487 2523 583 2595 αύτούς
611 2523 672 2594 τούς
703 2523 764 2598 μεθ’
791 2524 865 2599 ἡμᾶς
901 2523 1047 2598 ἐσομένους
1082 2523 1250 2600 όγιωτοίτους
1280 2517 1419 2600 ἀρχιερεῖς

133 2641 260 2717 ἐθέλομεν
282 2643 357 2714 ὅλως
378 2645 446 2724 πρός
468 2645 516 2718 τὴν
540 2647 625 2719 μονὴν
648 2649 666 2719 η
688 2646 723 2704 τό
744 2652 793 2720 τῆς
816 2649 904 2720 μονῆς
924 2645 1107 2735 παρακόπτειν
1123 2645 1272 2725 πράγματα
1294 2645 1312 2715 ἢ
1336 2637 1418 2714 ἐξου-

131 2766 258 2824 οιαστικδν
282 2767 357 2843 ἔχειν
379 2787 404 2826 τι
427 2766 531 2828 δίκαιον
555 2766 597 2826 ἐπ’
610 2769 687 2848 αἰνοῇ,
712 2767 789 2826 ἀλλὰ
811 2769 899 2844 πάντη
924 2773 973 2842 τῆς
993 2767 1088 2846 χειρός
1111 2769 1198 2826 αύτῶν
1220 2765 1318 2838 ταύτην
1342 2759 1418 2824 ἁπά-

130 2905 221 2963 γομεν,
243 2888 292 2961 τὴν
315 2885 450 2966 ἀναφοράν
480 2890 565 2964 μόνην
594 2893 641 2948 τού
671 2889 806 2963 όνόμοιτος
836 2889 865 2948 ἐν
893 2889 954 2959 ταῖς
981 2887 1066 2957 θείαις
1089 2885 1293 2965 μυσταγωγίαις
1316 2886 1417 2958 τούτοις

129 3009 379 3087 παραλιμπάνοντες
394 3007 440 3068 καὶ
454 3010 503 3084 τὴν
518 3015 571 3070 τῶν
586 3013 708 3088 ψυχικῶν
723 3010 891 3088 σφαλμάτων
915 3009 1078 3088 έπιτηρησιν.
1102 3009 1197 3068 ούκούν
1213 3007 1275 3068 ούδέ
1293 3005 1414 3086 ἔξαρχός

130 3151 165 3201 τις
185 3135 203 3205 ἢ
226 3131 336 3202 ἔκδικος
357 3135 375 3205 ἢ
399 3131 612 3212 ἀρχιμοινδρίτης
633 3135 653 3206 ἡ
675 3129 819 3205 οἰκονόμος
841 3133 859 3205 ἡ
883 3131 973 3202 ἀλλος
987 3151 1027 3201 τις
1048 3125 1124 3209 παρὰ
1138 3126 1192 3188 τῶν
1207 3129 1358 3209 ἀρχιερέων
1375 3126 1415 3198 εἰς

130 3251 172 3322 τὰς
193 3253 318 3322 τοιαύτας
341 3251 479 3324 διακονίας
500 3252 729 3332 προβαλλόμενος
745 3249 802 3325 ἕξει
817 3251 911 3314 ἄδειαν
928 3251 1005 3312 ένδον
1022 3248 1132 3312 εἰσιέναι
1153 3251 1221 3310 ποτὲ
1243 3255 1293 3326 τῆς
1317 3255 1413 3327 μονῆς,

130 3373 200 3433 όλλόι
228 3373 276 3434 καὶ
307 3375 394 3436 αἰτῶν
424 3381 478 3434 τῶν
507 3375 662 3456 προαυλίων
686 3374 899 3458 ἀπελαθήσεται,
931 3372 954 3434 εἰ
978 3373 1017 3450 μὴ
1039 3375 1120 3453 χάριν
1143 3373 1243 3450 εθχῆς·
1275 3369 1298 3430 εἰ
1322 3369 1353 3430 δέ
1375 3390 1415 3442 τις

129 3499 238 3556 τοιοῦτόν
258 3517 285 3556 τι
307 3495 440 3572 τολμήσει
454 3503 507 3556 τῶν
524 3497 691 3570 διακονητῶν
710 3497 809 3556 τούτων
832 3494 880 3556 καὶ
900 3494 975 3576 παρὰ
997 3493 1031 3554 τά
1053 3496 1119 3570 ἡμῖν
1143 3492 1327 3568 ἐντεταλμένα
1351 3493 1414 3552 δια-

129 3616 261 3697 πράξαιτο,
290 3620 364 3680 ἔσται
386 3620 401 3678 ό
422 3623 541 3691 τοιοῦτος
561 3619 607 3678 τὀν
630 3619 685 3678 ἀπό
705 3625 755 3694 τῆς
777 3621 935 3697 ζωαρχικῆς
956 3615 1067 3697 τριάδος
1089 3616 1188 3676 ἄλυτον
1211 3615 1312 3691 δεσμόν
1333 3635 1414 3695 περι-

81 3789 83 3794 ,
129 3737 246 3813 κείμενος
262 3739 309 3800 διὰ
322 3745 377 3800 τῶν
392 3737 508 3812 ἀναξίων
523 3741 602 3816 ἡμῶν
617 3738 773 3819 λατρευτῶν
788 3741 871 3815 αύτίγς
885 3741 978 3800 τοῦτον
1002 3734 1152 3814 δεξάμενος
1169 3783 1177 3799 .
1192 3737 1414 3818 παρεγγυῶμεθα

130 3865 185 3936 γοῦν
207 3864 235 3922 ἐν
258 3859 330 3941 άγίῳ
352 3863 484 3937 πνεύματι
505 3865 562 3934 τοῖς
585 3862 614 3922 ἐν
635 3860 719 3941 κυρίῳ
750 3861 881 3940 ἀδελφοῖς
908 3859 956 3920 καί
987 3859 1127 3938 διαδόχοις
1156 3861 1235 3935 ἡμῶν
1258 3859 1414 3930 ἐπισκόποις

131 3982 171 4054 τήν
192 3983 347 4058 οἰκονομίαν
369 3985 466 4058 ταύτην
489 3985 568 4060 ἡμῶν
591 3979 775 4055 ἀποδέξασθαι
797 3981 844 4044 καί
868 3983 963 4058 μηδένι,
977 4003 1001 4042 τι
1023 3985 1219 4058 καινοτομῆσαι
1239 3980 1412 4056 διανοηθῆναι

131 4105 188 4180 πρός
208 4105 300 4181 λύμην
322 4108 342 4179 ἢ
364 4105 413 4182 τὴν
440 4104 545 4164 οἰανούν
572 4099 723 4184 ύποφθορόιν
748 4111 798 4181 τῆς
824 4104 950 4182 τοιαύτης
973 4109 1069 4184 μονῆς,
1114 4099 1182 4164 ἀλλ’
1202 4101 1243 4175 εἰς
1264 4103 1325 4173 τούς
1348 4099 1412 4178 ἑξῆς

131 4223 169 4282 καὶ
190 4225 325 4303 διηνεκεῖς
347 4227 468 4298 ἅπαντας
498 4229 613 4306 χρόνους
643 4226 714 4284 κατὰ
743 4227 773 4286 τό
804 4223 887 4298 δόξαν
914 4226 979 4301 ἡμῖν
1009 4222 1155 4304 ἐξάγεσθαί
1181 4245 1212 4286 τε
1234 4222 1282 4284 καὶ
1304 4223 1410 4284 διευθύ-

132 4347 210 4407 νεοθαι
230 4348 277 4408 καὶ
301 4347 362 4420 τούς
384 4351 552 4424 μονάζοντοις
582 4348 611 4408 ἐν
640 4354 674 4430 πῄ
705 4349 846 4426 αὐτονόμῳ
876 4344 923 4406 καί
953 4347 1140 4425 αύτοδεοπότῳ
1162 4345 1245 4426 ταύτῃ
1268 4349 1339 4426 μονῇ
1361 4344 1411 4419 τὴν

132 4463 264 4546 ἰσιητικὴν
286 4469 427 4530 πολιτείαν
450 4471 525 4548 ἐχειν
548 4469 763 4549 ἀνεπηρέαστον·
788 4467 817 4528 εύ
840 4469 894 4548 γὰρ
917 4462 980 4528 οἰδα
1002 4465 1049 4528 καὶ
1070 4469 1229 4548 πέπεισμαι,
1252 4468 1293 4528 ότι
1308 4466 1409 4544 πηλικ-

132 4620 322 4638 Ἠ

222 4733 241 4796 ¹)
260 4733 345 4782 Deest
363 4731 473 4797 aliquid,
491 4731 670 4797 supplendum
689 4731 796 4782 videtur
813 4724 917 4799 ὄχλησιν
936 4726 1039 4800 ἔχοντες.
