3240 5286
1302 339 1365 406 257

76 539 153 614 κνροὺ
173 534 311 615 Γεωργίου
332 533 379 594 καί
401 540 479 594 τινῶν
494 534 650 612 Σαμψηνῶν
672 533 718 593 καί
742 535 841 610 έτέρων
862 536 1024 613 προσώπων,
1048 531 1094 594 καί
1117 535 1280 611 κατέχονται
1303 535 1366 614 παρ’

78 660 161 718 αὑτῶν
183 656 231 716 καί
253 658 379 732 νέμονται
402 657 558 734 ἀμετέχως,
581 657 676 735 μικρόν
699 677 722 714 τι
745 659 763 730 ᾖ
787 654 865 716 οὑδέν
888 652 919 728 ἐξ
941 657 1028 716 αὑτῶν
1050 657 1231 736 ποριζομένης
1245 661 1294 731 τῆς
1309 676 1367 715 τοι-

77 781 157 856 σὺιης
181 785 277 858 μονῆς,
306 780 344 850 ιὺς
365 784 419 838 τῶν
442 779 614 855 κατεχόντων
638 777 704 836 αὑτὰ
727 777 1010 838 καταδυναστευόντων
1033 779 1112 860 αὐτῇ·
1146 776 1194 838 καὶ
1216 777 1367 854 ἐδεήθησαν

77 901 99 960 οἱ
122 899 241 978 μοναχοὶ
263 907 313 973 τῆς
330 899 472 974 βασιλείας
488 918 549 976 μου,
571 901 734 980 πρόσταγμα
748 899 847 972 ταὺτης
864 899 1045 978 ἐπορεχθῆναι
1060 899 1159 978 αὑτοῖς,
1180 900 1368 961 θποκαθιστῶν

77 1025 157 1096 αὑτὴν
182 1021 222 1094 εἰς
244 1022 277 1080 τὰ
299 1026 408 1082 τοιαῦτα
430 1025 520 1082 τόπια.
543 1023 561 1098 ἡ
584 1025 648 1100 γοῦν
671 1020 798 1093 βασιλεία
822 1041 882 1101 μου,
907 1022 944 1096 μὴ
969 1020 1124 1096 βουλομένη
1147 1023 1195 1096 τὴν
1219 1023 1304 1097 μονὴν
1319 1027 1368 1097 τῆς

75 1138 163 1222 Ἱερᾶς
186 1147 309 1222 στέρησιν
332 1145 476 1218 ὑποστῆναι
498 1149 550 1202 τῶν
567 1138 768 1228 ό[ιαρ]ερόντων
784 1144 860 1224 αὑτη,
881 1143 1025 1224 όταρίζεταί
1040 1165 1081 1204 σοι
1096 1144 1134 1222 τῷ
1149 1147 1368 1223 πανεντιμοτάτῳ

75 1267 119 1325 καὶ
152 1265 247 1345 οἰκείῳ
278 1267 345 1348 αὑτῆ
376 1264 419 1326 έτί
446 1270 492 1325 τοῦ
514 1264 671 1326 κανικλείου
693 1264 767 1346 κυρῷ
790 1263 929 1344 Βασιλείῳ
951 1265 989 1344 τῷ
1013 1265 1201 1348 Χρυσομάλλῃ
1224 1266 1270 1325 καί
1294 1265 1368 1326 θουκὶ

75 1393 119 1448 τοῦ
142 1391 263 1462 θέματος
284 1395 338 1447 τῶν
354 1386 516 1468 Θρακησίων
538 1393 652 1466 τηρῆσαι
674 1388 709 1446 τίι
729 1389 863 1468 προσόντα
885 1393 918 1470 τῇ
942 1394 1012 1472 μονῇ
1035 1389 1207 1467 1δικαιώματα
1229 1385 1275 1448 καί
1290 1409 1368 1469 περι-

77 1512 153 1586 όρους
177 1509 224 1569 καί
247 1510 400 1570 ἀποσπάσαι
422 1509 455 1568 τὰ
477 1509 555 1568 τόπια
577 1515 626 1584 τῆς
650 1515 735 1584 μονῆς
757 1509 792 1568 τὰ
810 1507 884 1590 παροί
899 1529 977 1568 τινων
992 1511 1204 1590 καθαρπαγέντα
1218 1508 1265 1570 καί
1280 1531 1368 1591 προσ·

66 1639 195 1722 Ικυριῖισαι
218 1633 295 1712 αὑτῇ,
319 1633 356 1702 ὡς
380 1633 412 1690 όν
434 1630 508 1710 παρὰ
529 1632 627 1706 ταὺτης
649 1633 821 1708 κατέχωνται
843 1629 890 1690 καί
912 1633 1058 1712 νέμωντατ,
1081 1632 1173 1705 καθὼς
1196 1632 1263 1715 αὑτρ
1282 1653 1369 1712 προσ-

74 1759 209 1833 ηρμοσαν,
242 1754 460 1832 ὲπιρωνῆοασθαι
491 1753 522 1812 δὲ
551 1752 598 1812 καὶ
628 1753 690 1824 τοὺς
711 1754 894 1834 παραστάντα
918 1752 1022 1814 δίκαιον
1044 1756 1131 1834 λόγον
1154 1753 1201 1815 καὶ
1224 1757 1370 1834 ἀμετόχως

75 1879 247 1954 κατέχοντας
269 1875 302 1934 τὰ
324 1877 403 1934 τόπια
424 1879 474 1949 τῆς
497 1880 593 1952 μονῆς,
617 1875 703 1935 όποῑοι
727 1875 779 1956 ἄρα
794 1874 840 1934 καί
856 1873 915 1953 εἰσί,
938 1875 1036 1936 τέλεον
1052 1875 1167 1954 ἀπέχειν
1183 1879 1282 1936 αὑτῶν·
1307 1876 1370 1937 οὑόὲ

75 1998 130 2076 γὰρ
161 1997 291 2072 βούλεται
320 1998 338 2072 ἡ
366 1996 493 2070 βασιλεία
521 2017 573 2072 μου
594 1997 656 2067 τοὺς
678 1999 882 2076 ταπεινοτέρους
904 1995 950 2057 καί
975 1999 1050 2076 μόνῳ
1072 1997 1129 2075 θεῷ
1150 2001 1371 2078 προσανέχοντας

76 2119 218 2197 μοναχοὺς
239 2119 314 2199 παρὰ
335 2125 389 2178 τῶν
412 2117 591 2199 ἰσχυροτέρων
614 2115 893 2178 καταόυναστεὺεοθαι
914 2125 940 2196 †.

182 2281 198 2352 †
229 2269 311 2352 Είχε
346 2273 402 2334 καί
437 2273 490 2333 διὰ
519 2281 578 2350 τῆς
608 2274 790 2350 βασιλικῆς
819 2275 873 2334 καί
903 2277 995 2348 θείας
1025 2277 1140 2355 χειρός
1170 2277 1210 2337 δι’
1229 2277 1371 2357 έρυθριὺν

75 2401 298 2478 γραμμάτων·
323 2393 639 2476 μηνίσεπτεμβρίῳ
663 2395 722 2458 ίνό.
747 2397 764 2470 β
797 2403 823 2475 †.

183 2569 225 2634 Π.
250 2577 265 2648 ί
291 2573 458 2652 Περιπόθητε
483 2571 649 2650 συμπενθερὲ
672 2579 721 2646 τῆς
744 2571 887 2644 βασιλείας
903 2593 964 2652 μου,
987 2575 1218 2651 πανευτυχέστατε
1235 2572 1371 2645 σεβαστο-

73 2699 187 2776 κράτωρ
228 2699 276 2774 κὺρ
304 2693 383 2767 Σάβα
405 2694 542 2768 Ἀσιόηνέ·
575 2695 816 2772 όκαθηγοίιμενος
843 2701 893 2770 τῆς
919 2695 1070 2770 σεβασμίας
1097 2700 1183 2769 μονῆς
1209 2699 1254 2754 τοὺ
1277 2695 1372 2774 Ξηρο-

73 2815 228 2896 χωραρίου,
258 2817 273 2874 ό
303 2816 425 2893 μοναχός
447 2815 549 2892 Νίκων,
580 2815 717 2890 ὑπέμνησε
747 2815 795 2890 τὴν
819 2816 960 2890 βασιλείαν
983 2837 1044 2892 μου,
1077 2818 1114 2888 ὡς
1136 2819 1292 2895 χωραριαῑα
1314 2817 1373 2876 τινὰ

74 2937 159 2998 τοπία
190 2937 348 3018 διαφέροντα
377 2945 411 3018 τῇ
441 2937 501 2996 κατ’
515 2938 594 2996 αὑτόν
626 2936 762 3018 σεβασμία
792 2944 861 3018 μονῇ
884 2937 937 2996 ἀπό
959 2937 1175 3018 χρυσοβοὺλλων
1196 2937 1373 3015 παλαιγενιῖιν

75 3059 123 3120 καί
156 3061 262 3119 λοιπῶν
294 3060 483 3134 δικαιωμάτων
513 3056 559 3116 καί
591 3059 619 3118 ἰν
648 3059 687 3137 τῷ
709 3059 805 3132 θέματι
828 3058 988 3138 Μαιάνδρου
1011 3055 1173 3134 διακείμενα
1193 3062 1244 3140 πρό
1267 3061 1374 3140 χρόνων

74 3187 158 3240 τινῶν
189 3182 405 3258 καθηρπάγησαν
435 3183 508 3258 παρά
535 3200 565 3238 τε
587 3185 641 3240 τῶν
663 3179 801 3259 παροίκων
824 3200 871 3239 σου
895 3179 941 3239 καὶ
963 3185 1009 3239 τοῦ
1031 3180 1220 3254 πανσεβοίστου
1243 3181 1374 3254 σεβαστοῦ

77 3301 127 3361 καί
152 3299 372 3380 γυναικαθέλρου
395 3320 441 3359 σου
457 3301 477 3359 Γ
478 3301 592 3380 εωργίου
613 3305 659 3360 τοὺ
675 3301 775 3378 Φωκᾶ,
798 3298 843 3360 καί
866 3305 910 3360 νῦν
931 3303 1094 3378 κατέχονται
1109 3303 1155 3361 καί
1169 3303 1297 3376 νέμονται
1310 3305 1375 3382 παρ’

76 3428 183 3484 αὑτῶν·
207 3425 224 3496 ῆ
247 3427 312 3502 γοῦν
336 3423 464 3496 βασιλεία
487 3444 548 3500 μου,
572 3423 611 3500 μὴ
634 3423 791 3499 βουλομένη
815 3425 938 3502 στέρησιν
961 3425 1108 3499 ὑποστῆναι
1131 3425 1179 3499 τῆν
1203 3424 1375 3499 δηλωθεῖσαν

77 3547 169 3620 μονὴν
199 3549 244 3604 τοῦ
271 3547 508 3624 προσαρμόζοντος
535 3547 602 3626 αὑιη
630 3545 734 3604 δικαίου
762 3545 805 3604 ἐπί
832 3549 887 3617 τοῑς
913 3546 1042 3616 τοιοὺτοις
1064 3545 1240 3628 χωραριαίοις
1262 3546 1375 3626 τοττίοις,

76 3666 228 3748 ότορίζεταί
257 3688 297 3727 σοι
328 3667 372 3726 διὰ
402 3675 450 3742 τῆς
479 3669 617 3746 παρούσης
643 3663 828 3748 προστάξεως,
862 3667 1064 3744 ότοικονομῆσαι
1091 3668 1224 3740 παντοίως
1250 3670 1280 3726 τό
1303 3668 1375 3727 ἀπο-

76 3790 234 3863 σπασθῆναι
256 3787 290 3847 τὰ
311 3793 420 3849 τοιαῦτα
441 3790 520 3849 τοπία
543 3789 595 3848 ἀπό
617 3795 670 3848 τῶν
693 3792 866 3866 κατεχόντων
890 3791 956 3850 αὑτὰ
979 3786 1147 3875 ἀμετόχίως,
1171 3786 1223 3876 ὡ]ς
1242 3790 1316 3868 παρὰ
1331 3793 1376 3850 τοὺ

77 3913 213 3993 ῥηθέντος
235 3905 464 3996 καθίηγουμένου]
488 3911 644 3987 ὑπεμνήσθη
667 3913 685 3984 ἡ
709 3909 836 3985 βασιλεία
859 3932 920 3989 μου,
944 3912 1163 3987 ἀποκαταστῆναι
1183 3909 1214 3970 δὲ
1229 3917 1262 3994 τῆ
1279 3909 1376 3986 δηλω-

76 4035 160 4114 θείσῃ
191 4038 260 4114 μονῆ
290 4036 385 4092 ταῦτα·
418 4031 480 4092 οὑδὲ
511 4033 563 4110 γὰρ
594 4031 763 4105 βούλεταιῆ
792 4033 919 4108 βασιλεία
944 4053 1004 4107 μου,
1033 4035 1195 4114 στερηθῆναι
1219 4033 1300 4108 αὑτῆν
1322 4037 1376 4090 τῶν

76 4153 209 4214 τοιοὺτων
231 4154 405 4232 χωρκριαίων
427 4153 537 4234 τοπίων,
560 4153 810 4230 ἀντιλαμβάνεσθαί
832 4175 861 4214 τε
883 4160 929 4215 τοῦ
952 4157 1051 4234 μέρους
1073 4162 1122 4231 τῆς
1145 4156 1268 4230 τοιαὺτης
1292 4159 1377 4228 μονῆς

77 4275 128 4335 καὶ
154 4275 193 4350 μὴ
215 4279 390 4356 παραχωρεῖν
413 4273 462 4335 τινὶ
485 4277 670 4357 παραρπάζειν
692 4297 717 4336 τι
739 4281 792 4336 τῶν
816 4277 926 4346 θικαίως
950 4275 1129 4355 διαφερόντων
1150 4278 1216 4357 αὑτῆ
1238 4274 1284 4334 καί
1309 4273 1377 4334 ίδιο-
1401 4289 1403 4292 “

77 4395 217 4457 ποιεῖσθαι
239 4401 315 4458 τοῦτο
340 4401 365 4472 ί.

189 4559 205 4630 †
237 4549 319 4631 Είχε
351 4554 406 4614 καί
443 4556 495 4614 διὰ
525 4560 583 4630 τῆς
614 4555 795 4630 βασιλικῆς
825 4553 879 4614 καὶ
914 4557 1007 4628 θείας
1035 4556 1151 4636 χειρός
1180 4553 1378 4634 δι’έρυθρῶν

76 4677 302 4758 γραμμάτων·
328 4674 404 4751 μηνὶ
428 4675 596 4758 ἀπριλλίιρ
620 4675 678 4736 ἰνό.
703 4677 720 4750 β
745 4681 771 4752 β.

1073 4809 1077 4816 “
1141 4797 1170 4844 17
