3246 5288
1304 365 1366 429 431

37 555 194 636 ἀγοοτᾶτε
225 558 379 639 ἀλλήλους,
412 559 509 629 καλῶς
539 559 653 638 τρέχετε
683 559 728 618 τδν
758 557 938 638 προκείμενον
968 559 1029 633 ύμῖν
1061 558 1166 638 ἀγῶνα,
1201 558 1250 618 ὅσα
1280 557 1367 637 καλοί,

39 679 116 738 ὅσοι
146 680 273 761 θεοφιλῆ,
302 685 386 742 ταῦτα
409 680 565 760 λογίζεσθε,
597 681 770 755 άήκσῦοατε
797 677 846 740 καὶ
869 680 987 755 ἐμάθετε
1008 681 1072 761 παρ’
1089 681 1157 756 ἐμοῦ
1179 685 1224 740 τοῦ
1247 679 1367 759 ἀναξίου,

40 808 152 862 ταῦτα
178 807 265 864 ποιεῖν
293 805 332 879 μὴ
360 804 534 882 άπάοχοισθε,
567 802 682 882 ἀδελφοί
713 824 764 878 μου
790 801 838 862 καὶ
864 805 948 862 τέκνα
975 803 1152 884 ήγαπημένα,
1183 805 1367 879 μνημονεύετε

42 930 118 984 τῶν
144 931 242 1004 ψυχῶν
269 927 345 1001 ὑμῶν
366 925 413 985 καί
435 931 484 1002 τἠς
508 923 575 1000 ἐμοῦ
599 923 741 997 εὐτελείας
764 926 802 1000 μή
834 924 1046 985 ἐπιλανθάνεσθε
1071 924 1100 983 ἐν
1122 927 1181 994 ταῖς
1203 927 1368 1004 προσευχαῖς

42 1045 153 1126 ὑμῶν,
180 1049 219 1123 μὴ
242 1048 317 1127 λήθη
341 1049 453 1130 καλύψη
464 1044 487 1130 ¹)
511 1047 560 1122 τήν
576 1047 644 1122 ἐμοῦ
666 1049 777 1123 μνήμην
799 1042 856 1131 [καὶ
871 1045 933 1118 τούς
948 1041 1101 1132 πάνους]ἰ),
1124 1047 1170 1118 οδς
1187 1046 1216 1105 ἐν
1238 1047 1368 1122 πνεύματι

47 1168 175 1228 ὤδυνα·
212 1169 241 1229 ἐν
273 1165 295 1252 ᾧ
329 1171 382 1250 γάρ
417 1172 508 1250 μέτρῳ
543 1173 681 1250 μετρεῖτε,
715 1169 974 1250 ἀντιμετρηθήσεται
1003 1169 1074 1244 ύμῖν.
1126 1171 1157 1229 τδ
1186 1173 1250 1248 γοῦν
1283 1171 1368 1250 παρδν

47 1292 178 1350 τοπικήν
207 1291 377 1368 ἐντέλλομαι
403 1292 464 1368 ύμῖν
488 1292 683 1371 ἀναγινώσκειν
705 1294 778 1371 τρεῖς
800 1295 846 1350 τοῦ
870 1291 990 1351 ἐνιαυτοῦ
1011 1290 1082 1350 κοιτά
1103 1291 1165 1362 τούς
1187 1290 1297 1372 καιρούς
1320 1297 1369 1368 τῆς

50 1412 219 1486 ἑστιάσεως
233 1413 308 1489 ύμῶν
325 1411 365 1486 εἰς
379 1434 410 1472 τε
426 1407 576 1490 ἀνάμνησιν
592 1419 645 1472 τῶν
662 1412 868 1489 ἐντεταλμένων
884 1413 945 1489 ύμῖν
967 1410 1015 1472 καί
1037 1413 1173 1493 ὠφέλειαν
1196 1412 1250 1472 τῶν
1273 1418 1369 1492 ψυχῶν

51 1533 159 1608 ὑμῶν·
188 1535 258 1596 ούτω
280 1535 334 1616 γὰρ
358 1535 452 1596 έσεσθε
475 1536 553 1611 ὑμεῖς
580 1534 631 1610 μέν
655 1533 699 1594 ἐπὶ
721 1541 754 1617 τῇ
778 1535 897 1617 σωτηρίᾳ
919 1536 994 1610 ύμῶν
1015 1536 1301 1615 πεπληροφορημένοι,
1330 1537 1369 1607 ὡς

54 1655 170 1728 καλῶς
199 1655 379 1735 φυλάξαντες,
411 1659 429 1716 ά
459 1657 635 1737 παρελάβετε
663 1657 738 1737 παρὰ
767 1663 820 1716 τῶν
850 1659 975 1737 πατέρων
1005 1657 1090 1738 ὑμῶν,
1120 1657 1167 1717 καί
1191 1656 1253 1732 ἐμοὶ
1276 1657 1308 1717 δὲ
1336 1658 1369 1716 τὰ

55 1781 181 1858 τροφεῖα
204 1785 253 1854 τής
279 1786 464 1856 πνευματικῆς
492 1779 607 1858 ἀγωγῆς
628 1781 727 1854 ταύτης
749 1777 797 1838 καὶ
818 1778 987 1851 παιδεύσεως
1011 1779 1040 1838 ἐν
1062 1779 1145 1860 κυρίῳ
1168 1779 1369 1850 ἀποτιννῦντες·

57 1901 77 1956 ὁ
106 1899 140 1958 δέ
169 1900 231 1972 θεδς
259 1907 309 1975 τής
337 1899 446 1981 εἰρήνης
473 1901 488 1960 ὁ
514 1901 639 1972 καλέσας
665 1903 740 1978 ἡμᾶς
768 1899 808 1971 εἰς
834 1900 882 1976 τἠν
912 1893 1020 1960 αἰώνιον
1044 1901 1123 1960 αῦτοῦ
1147 1897 1229 1973 δόξαν
1253 1900 1298 1960 διὰ
1320 1901 1368 1976 τήν

57 2021 183 2096 πολλήν
207 2023 286 2082 αύτοῦ
308 2021 355 2082 καὶ
379 2024 479 2102 ἄφατον
503 2021 661 2101 ἀγαθύτητα
689 2018 848 2102 καταρτίσαι
870 2023 941 2098 ύμοῖς
963 2019 1010 2081 καί
1032 2018 1153 2102 στηρίξαι
1177 2021 1216 2094 εἰς
1238 2023 1268 2082 τδ
1292 2023 1370 2101 ἅγιον

61 2144 153 2202 αὺτοῦ
176 2143 289 2218 θέλημα
305 2142 350 2202 διά
364 2147 410 2204 τοῦ
433 2147 598 2220 μονογενοῦς
619 2143 699 2203 αύτοῦ
718 2143 784 2224 υίοῦ,
807 2147 854 2203 τοῦ
868 2143 969 2222 κυρίου,
993 2144 1055 2203 θεοῦ
1077 2141 1124 2204 καί
1147 2150 1268 2226 σωτήρος
1290 2145 1370 2220 ήμῶν

63 2265 163 2340 Ἰησοῦ
186 2265 299 2344 Χριστοῦ
322 2263 369 2324 καὶ
391 2269 437 2325 τοῦ
459 2264 594 2343 παναγίου
615 2263 662 2324 καί
685 2267 817 2336 ζωοτοιοῦ
839 2267 1001 2341 πνεύματος,
1030 2259 1052 2323 ὧ
1074 2267 1172 2346 πρέπει
1195 2271 1270 2326 πᾶσα
1293 2263 1370 2346 δόξα,

63 2387 134 2462 τιμὴ
164 2385 212 2446 καί
238 2388 417 2466 προσκύνησις
445 2386 492 2447 καὶ
518 2387 746 2468 μεγαλοπρέπεια
773 2391 818 2446 νῦν
841 2385 887 2447 καὶ
911 2387 954 2447 ἀεὶ
976 2385 1023 2448 καί
1047 2385 1086 2460 εἰς
1107 2389 1169 2460 τούς
1192 2387 1293 2460 αἰῶνας
1315 2393 1369 2448 τῶν

67 2505 191 2570 αἰώνων.
227 2509 309 2584 ἀμήν.

179 2628 234 2706 μί’.
258 2628 336 2690 Ἐπεί
360 2629 390 2689 δέ
415 2632 481 2691 θεοῦ
504 2629 614 2714 εύδοκίᾳ
635 2631 683 2690 καὶ
705 2638 754 2707 τῆς
777 2627 905 2713 ἀσπύρως
929 2632 1007 2692 αιίτδν
1035 2633 1166 2708 τεκούσης
1196 2633 1299 2712 μητρδς
1320 2638 1369 2708 τῆς

69 2752 113 2830 ἐφ’
132 2752 216 2812 ἅπασι
242 2753 422 2832 συνεργούσης
444 2754 509 2829 ἡμῖν
532 2749 572 2822 εἰς
594 2752 628 2812 τὰ
650 2751 791 2833 κρείττονα
812 2751 859 2812 καὶ
883 2756 1002 2834 σωτήρια
1024 2754 1205 2835 ἀνεγείραμεν
1229 2752 1260 2826 ἐξ
1283 2756 1370 2814 αύτῶν

68 2879 126 2931 τῶν
154 2871 294 2952 κρηπίδων
324 2868 392 2958 [καὶ]
402 2871 424 2956 ³)
449 2872 520 2954 ἱερδν
547 2876 744 2955 φροντιστήριον
767 2877 920 2952 γυναικεῖον
944 2876 973 2934 ἐν
996 2875 1127 2959 Ταμασίᾳ
1148 2875 1196 2936 καὶ
1218 2875 1368 2957 ἀπαρτίσθη

71 2994 115 3072 ἐφ’
129 2995 226 3054 άπαοιν
243 2995 272 3053 έν
286 3015 317 3054 τε
333 2995 423 3074 ἁγίαις
438 2994 484 3056 καί
499 3001 697 3074 προσκυνηταῖς
712 2994 797 3056 εἰκάσι
819 2994 866 3055 καὶ
886 2996 973 3076 ίεραῖς
995 2995 1042 3056 καὶ
1065 2997 1239 3076 ψυχωφελέσι
1263 2997 1370 3073 βίβλοις

70 3114 121 3176 καί
137 3116 240 3194 ἐτέροις
255 3115 338 3189 θείοις
354 3113 517 3198 ἀναθήμασι,
533 3121 636 3178 κανένα
650 3139 680 3178 τε
695 3119 877 3200 ήκριβομένον
893 3114 974 3203 [ταῖς]
991 3117 1159 3200 μοναχαῖςί)
1175 3121 1242 3200 πρδς
1257 3121 1370 3196 ἄσκησιν

72 3239 222 3318 ἐγγράφως
250 3238 388 3314 ἐκθέμεθα
409 3238 456 3300 καί
479 3241 524 3300 τδν
547 3243 707 3315 τιμιώτατον
729 3242 936 3318 καθηγούμενον
958 3243 1004 3300 τον
1031 3241 1092 3316 μετ’
1109 3241 1161 3316 ἐμὲ
1184 3241 1371 3317 ἐνεστησάμην

73 3360 219 3440 ἐπίτροπον
236 3359 282 3419 σύν
297 3341 551 3442 τῷεύλαβεστάτῳ
573 3361 747 3442 ἱερομονάχῳ
769 3360 852 3442 κυρίῳ
868 3362 998 3442 Νεοφύτῳ
1021 3361 1156 3444 ἐπιτηρεῖν
1178 3363 1225 3423 καὶ
1248 3363 1371 3424 διιθύνειν

73 3479 122 3540 καὶ
151 3481 323 3542 συνευδοκεῖν
351 3481 392 3562 ἐφ’
409 3485 492 3544 ἅπασι
517 3485 548 3544 τύ
576 3487 623 3544 τοῦ
649 3485 711 3544 θεοῦ
737 3481 869 3564 ποίμνιον,
897 3485 990 3554 καθὼς
1018 3485 1163 3565 ἐγγράφως
1187 3485 1370 3568 έδιορισάμην.

74 3608 149 3662 τυπῶ
166 3603 198 3662 δέ
214 3601 330 3679 ἐτησίως
349 3603 504 3679 λαμβάνειν
518 3606 566 3681 τήν
581 3606 706 3680 τοιαύτην
722 3605 802 3684 ἁγίαν
826 3606 912 3681 μονὴν
927 3603 1037 3677 καὶτὰς
1058 3605 1087 3664 ἐν
1111 3607 1177 3688 αύτῇ
1200 3607 1372 3684 ἀσκουμένας

75 3724 201 3804 ἀδελφὰς
228 3721 281 3786 ἀπὸ
307 3732 360 3786 τῶν
390 3727 543 3808 ἐλευθέρων
570 3729 649 3802 ἡμῶν
676 3726 800 3806 εἰσόδων,
828 3733 882 3786 τῶν
910 3727 984 3787 ὅλων
1008 3725 1135 3802 δηλονέτι
1157 3733 1203 3788 τοῦ
1227 3730 1373 3790 ἐκατοστοῦ

75 3849 105 3908 τ“ο
128 3847 239 3926 ὄγδοον,
266 3847 300 3906 τά
323 3847 354 3908 δέ
377 3851 457 3929 ἕτερα
480 3849 526 3908 δύο
550 3847 601 3908 εἰσί
623 3851 705 3931 χάριν
727 3855 781 3908 τῶν
802 3849 851 3926 τήν
874 3847 948 3928 ἱεράν
971 3851 1049 3909 νύσον
1073 3849 1228 3909 ἀθλούντων
1250 3849 1373 3910 καὶτῶν

77 3969 182 4030 λοιπῶν
208 3971 342 4045 πενήτων.
388 3968 419 4042 ἐξ
447 3971 526 4030 αύτσῦ
554 3969 585 4030 δέ
611 3975 657 4032 τοῦ
687 3969 786 4049 δγδύου
816 3970 952 4050 ὀφείλουσι
963 3969 989 4052 ⁵)
1020 3969 1176 4047 λαμβάνειν
1206 3971 1321 4048 ἐτησίως
1348 3971 1373 4032 σί

76 4089 160 4169 ἱερεῖς
186 4097 236 4166 τής
263 4091 506 4172 Βλαχερνίτησσας
531 4091 685 4170 νομίσματα
715 4093 799 4154 εἰκοσι
814 4092 816 4096 ’
829 4092 875 4154 καί
904 4095 1032 4175 τέσσαρα,
1051 4095 1138 4172 Ιἐχειν
1165 4093 1197 4153 δέ
1224 4093 1271 4154 καὶ
1299 4094 1372 4155 αῦτοί

79 4209 242 4292 ἐπιφώνησιν
259 4213 312 4273 άπδ
327 4218 373 4274 τοῦ
395 4221 576 4296 προεστῶτος,
599 4215 646 4275 καὶ
669 4216 702 4275 τὰ
725 4217 776 4290 μέν
792 4219 850 4288 ζῶα
865 4217 900 4276 τά
922 4215 1050 4296 ἀρρενικὰ
1072 4210 1207 4294 ὀφείλουσι
1230 4215 1372 4276 ἀποδεκα-

78 4335 196 4412 τοῦσθαι,
226 4335 260 4394 τὰ
287 4335 319 4394 δέ
346 4337 454 4411 θηλυκά
480 4335 521 4417 ού,
549 4337 593 4397 διὰ
619 4339 649 4397 τ“ο
678 4339 765 4418 ἔρεισν
787 4337 834 4398 καὶ
856 4339 903 4398 τὀν
925 4340 1010 4419 τυρόν.
1057 4335 1104 4397 καὶ
1125 4337 1224 4414 ταύτην
1251 4338 1302 4414 μὲν
1324 4339 1373 4414 τήν

79 4509 287 4518 *—

186 4621 205 4684 ¹)
224 4620 294 4688 ήμῶν
317 4617 419 4688 καλύψει
437 4621 468 4672 Ε.
540 4622 561 4688 ²)
582 4621 779 4688 supplevimus.
850 4623 874 4688 ³)
893 4623 1090 4689 Supplevimus.
1161 4625 1183 4690 ⁴)
1202 4623 1317 4692 μσναχοῖς
1342 4623 1373 4672 Ε.

82 4717 101 4780 ⁵)
119 4709 239 4781 ὀφείλωοι
257 4717 298 4780 Ε.,
317 4717 361 4766 hic
380 4722 408 4766 et
426 4717 544 4768 inferius.
