3166 5298
1254 355 1316 419 125

43 547 184 622 νομίσματα
206 545 240 608 θ’.
280 550 356 628 χήρα
378 549 396 624 η
420 547 502 608 Δεσία
526 547 586 626 έχει
608 546 663 606 νίὺν
685 547 897 628 Κωνσταντίνον,
921 545 1041 608 οίνιοκόν
1061 547 1144 620 τέλος
1166 547 1318 624 νομίσματα

43 666 72 742 θ’.Δ
96 669 148 745 ἔχει
162 667 297 750 Ζωρίτζον
321 669 456 744 ἀμπέλων
478 667 581 745 μοδίων
597 667 630 748 ς’,
654 664 707 728 ἀπό
723 674 771 744 τῆς
786 674 897 747 γονικῆς
913 671 992 729 αὑτοῦ
1007 670 1187 749 ὑποστάσεως,
1204 671 1317 745 μὺλωνοι

41 790 83 850 καί
109 791 296 873 χερσάμπελον
326 790 429 867 μοδίων
451 790 474 863 ς’
497 789 544 850 καί
573 795 625 869 γῆν
657 790 760 866 μοδίων
784 787 819 871 ρ’,
853 791 935 864 τέλος
962 791 1115 868 νομίσματα
1133 790 1160 853 δ’
1179 793 1246 873 ὑπὲρ
1268 775 1320 870 τῆς

43 913 259 992 ἐνστοληρθείσης
282 901 314 986 ἐξ
336 913 419 989 αὑτῆς
435 909 668 989 έξαλειμματικῆς
683 912 868 986 ὑποστάσεως·
889 915 1086 995 χερσάμπελον
1102 913 1203 990 μοδίων
1219 913 1245 988 β’
1267 921 1316 992 τῆς

40 1032 151 1108 ἡμισείας
179 1034 292 1114 μερίδος
318 1033 364 1095 καὶ
390 1041 443 1114 γῆς
469 1035 551 1106 τέλος
574 1035 727 1111 νομίσματα
749 1033 787 1093 δ’·
827 1033 866 1116 εἰς
887 1037 918 1096 τό
939 1034 1039 1116 χωρίον
1062 1039 1107 1097 τόν
1130 1036 1235 1116 Σφολδν
1263 1037 1315 1096 ἀπό

41 1163 84 1230 τῆς
103 1158 268 1228 ὑποστάσεως
289 1160 336 1216 τοῦ
351 1158 481 1238 Μερζάνη
506 1155 670 1230 βαλανίδας·
695 1157 823 1218 ἐπέκεινα
845 1157 877 1218 δέ
899 1159 998 1218 τοὺτων
1014 1159 1075 1237 έχει
1088 1161 1107 1234 ἡ
1121 1159 1228 1236 τοιαύτη
1245 1159 1315 1234 μονὴ

40 1277 107 1360 καίί)
138 1277 274 1354 ίδιόκτητα
308 1283 405 1339 ταῦτα·
442 1277 503 1359 περὶ
536 1279 585 1350 τὰς
614 1278 718 1360 Σέρρας
748 1280 875 1356 μετόχιον
905 1277 945 1352 είς
974 1279 1061 1356 όνομα
1089 1283 1241 1356 τιμώμενον
1270 1285 1316 1340 τοῦ

42 1399 65 1456 ἐν
86 1400 164 1479 ἁγίοις
184 1403 288 1482 πατρός
310 1404 390 1478 ἡμῶν
406 1402 534 1462 Ἰωάννου
556 1403 721 1480 πατριάρχου
736 1400 1049 1474 Κωνστοιντινονπόλεως
1064 1405 1110 1462 τοὺ
1125 1403 1315 1480 Χρυσοστόμου
1405 1454 1411 1466 .

41 1521 102 1592 μετὰ
120 1526 223 1584 πάντων
245 1529 299 1583 τῶν
322 1524 432 1583 δικαίων
455 1521 502 1584 καὶ
523 1524 676 1604 προνομίων
698 1524 778 1583 αὑτοῦ
800 1525 847 1582 κοιί
868 1525 958 1584 τόπιον
980 1517 1098 1600 πλησίον
1122 1525 1210 1606 αὑτοῦ,
1242 1525 1270 1584 έν
1293 1519 1316 1604 ᾧ

41 1646 227 1722 προσκάθηνται
253 1647 300 1706 κοί
322 1667 393 1718 τινες
414 1645 529 1724 πτωχοί,
552 1643 624 1718 ξένοι
645 1643 692 1704 καί
715 1645 866 1726 ἐλεὺθεροι·
905 1647 996 1726 ἕτερον
1019 1648 1146 1724 μετόχιον
1170 1643 1209 1718 εἰς
1231 1645 1317 1722 ὄνομα

41 1765 176 1840 τεμνόμενον
198 1771 244 1827 τοὺ
267 1765 345 1844 ἁγίου
368 1764 478 1840 ἐνδόξου
500 1766 744 1846 μεγαλρμοίρτυρος
765 1765 812 1826 καὶ
832 1769 1025 1847 τροπαιοφόρον
1040 1767 1175 1847 Γεωργίον
1189 1765 1236 1826 καί
1253 1767 1315 1828 ἐπι-

41 1887 197 1964 κειλημένον
224 1893 270 1948 τοῦ
297 1889 485 1970 Κρνονερίτου,
518 1891 584 1968 ὅπερ
611 1891 788 1963 συνεστήσατο
817 1887 866 1963 μὲν
895 1887 928 1948 ἐκ
954 1888 1061 1969 βάθρων
1087 1889 1102 1946 ό
1129 1887 1315 1970 σακελλάριος

41 2013 82 2080 τῆς
101 2009 249 2088 ἁγιωτάτης
272 2011 468 2091 μητροπόλεως
484 2011 604 2089 Σερρῶν,
627 2011 840 2090 όΜονρμουροῑς
857 2008 969 2089 ἐκεῖνος,
993 2005 1108 2086 ἐξεδόθη
1132 2009 1163 2069 δέ
1186 2010 1255 2085 μετὰ
1270 2012 1314 2070 τόν

43 2127 132 2189 ἐκείνου
160 2133 274 2192 θάνατον
302 2132 376 2212 παρὰ
402 2139 452 2208 τῆς
475 2132 585 2210 συζύγου
609 2131 687 2191 αὑτοῦ
709 2130 756 2191 καὶ
778 2137 830 2191 τῶν
853 2131 923 2190 κατὰ
945 2133 1043 2206 νόμους
1065 2133 1246 2212 κληρονόμων
1267 2131 1314 2192 καί

42 2247 162 2330 διαδόχων
191 2253 270 2314 αὑτοῦ
296 2255 364 2334 πρός
391 2255 420 2313 τ“ο
449 2254 532 2334 μέρος
554 2259 602 2329 τῆς
625 2253 748 2329 τοιαὺιης
770 2251 922 2330 σεβασμίας
944 2259 1030 2329 μονῆς
1053 2250 1155 2328 είδησει
1176 2252 1223 2314 καί
1244 2275 1313 2334 προ-

42 2379 113 2453 τμπῇ
133 2371 179 2433 καί
200 2379 247 2435 τοὺ
261 2373 406 2455 ἱερωτάτου
422 2375 619 2455 μητροπολίτου
634 2375 743 2456 Σερρῶν
758 2374 804 2436 καὶ
819 2375 963 2456 ὑπερτίμον
979 2375 1049 2451 μετὰ
1062 2383 1112 2452 τῆς
1126 2375 1315 2455 προσηκούσης

44 2493 102 2572 αὑτῷ
129 2496 299 2568 ὑποστάσεως
325 2495 372 2556 καί
398 2503 451 2556 τῶν
477 2495 538 2576 περὶ
565 2496 636 2576 αὑτῷ
664 2495 819 2574 οίκημάτων
842 2495 888 2558 καί
911 2502 957 2558 τοῦ
978 2498 1180 2558 πλινθοκτίστου
1201 2499 1313 2579 πύργον,

43 2613 294 2699 ὑμπέλοπεριβολίου
319 2619 439 2698 γὺρωθεν
458 2619 554 2678 αὑτοῦ·
594 2621 685 2698 έτερον
715 2619 850 2695 ἀμπέλιον
875 2619 902 2679 έν
925 2625 958 2702 τῇ
981 2620 1125 2702 τοποθεσίᾳ
1145 2625 1191 2681 τοὺ
1213 2621 1314 2680 Καλο-

9 2731 11 2780 ἒ
42 2738 122 2816 γέρον·
144 2742 234 2819 ἕτερον
258 2739 411 2816 ἀμπελῶνα
434 2739 474 2814 εἰς
495 2743 540 2800 τόν
564 2742 639 2820 όὶγιον
657 2741 787 2818 Ἰωάννην
803 2747 852 2816 τῆς
869 2741 1019 2818 Ἧμίσεως*
1044 2743 1136 2822 έτερον
1160 2741 1314 2818 ἀμπελῶνα

43 2855 65 2914 ἐν
83 2867 111 2942 τῇ
131 2861 274 2944 τοποθεσίᾳ
295 2867 340 2923 τοῦ
364 2863 515 2934 Ἐλαιῶνος
538 2865 697 2944 οτρέμμοιτα
720 2862 760 2938 β’·
799 2865 875 2936 ἐντός
897 2868 943 2924 τοὺ
964 2867 1079 2945 κάστρον
1102 2865 1210 2944 Σερρῶν
1233 2863 1312 2941 οἰκη-
1352 2951 1354 2954 Ι

43 2998 101 3050 ματα
125 2980 388 3070 ἀνωγαιωκάτω[γα]
418 2983 442 3056 ς’
472 2981 503 3056 ἐξ
529 2984 710 3064 ἀνταλλογῆς
737 2985 789 3044 ἀπο
817 2985 903 3045 Ξένον
928 2989 975 3045 τοὺ
997 2985 1160 3066 Μουρκουρᾶ
1186 2984 1232 3046 καὶ
1260 2991 1312 3046 τῶν

43 3097 128 3162 λοιπῶν
148 3106 229 3165 πέντε
251 3109 297 3165 τοὺ
320 3105 429 3184 ἀνεψιοῦ
451 3106 530 3166 αὑτοῦ
552 3111 598 3166 τοῦ
614 3107 792 3186 Μονρμουρᾱ·
820 3107 870 3182 τἠν
893 3103 923 3180 ἐξ
946 3106 1096 3188 ἀγορασίας
1119 3107 1170 3166 ἀπό
1192 3112 1241 3182 τῆς
1263 3108 1312 3166 θυ-

44 3225 126 3304 γατρός
146 3231 190 3286 τοὺ
205 3225 311 3305 Τρίβολ
334 3224 437 3287 ἐκείνου
460 3227 574 3307 μερίδας
597 3227 653 3307 δὺο,
678 3227 760 3304 μόδια
775 3226 827 3306 ρκ’,
852 3230 890 3300 ὡς
911 3235 960 3304 τῆς
983 3229 1082 3306 λοιπῆς
1095 3228 1186 3309 τρίτης
1202 3226 1312 3308 μερίδος

43 3349 212 3424 κατεχομένης
234 3349 309 3428 παρὰ
330 3352 377 3410 τοὺ
392 3350 538 3410 Συναδικοὺ
555 3347 585 3421 ἐξ
601 3349 780 3437 ἀνταλλαγῆς
795 3357 841 3410 τοῦ
856 3348 999 3432 εἰρημένον
1015 3351 1118 3410 Ξένον·
1143 3352 1234 3431 ἕτερον
1249 3371 1311 3428 χω-

45 3469 119 3544 ράριον
141 3467 179 3542 εἰς
200 3470 250 3544 τὴν
272 3471 395 3531 Κοὺστον
417 3471 533 3549 πλησίον
556 3475 601 3532 τοῦ
618 3471 748 3552 Πηγδέρη
772 3472 873 3547 μοδίων
896 3471 937 3531 ο’·
961 3474 1053 3552 ἕτερον
1074 3473 1212 3553 χωράριον
1234 3473 1311 3548 πλη-

46 3586 86 3647 σίον
105 3593 192 3651 τοὺτου
215 3590 317 3667 μοδίων
341 3591 357 3651 ι’
386 3590 417 3665 ἐξ
441 3588 589 3672 ἀγορασίας
612 3593 665 3654 ἀπό
687 3597 734 3653 τοὺ
756 3591 898 3674 εἰρημένον
921 3593 1024 3654 Ξένον·
1063 3597 1153 3674 ἕτερον
1175 3597 1312 3675 χωράριον

46 3711 141 3786 πλησίον
161 3719 208 3774 τοὺ
231 3715 358 3790 μὺλωνος
379 3719 425 3775 τοῦ
441 3713 573 3790 Παλοὺκη
597 3713 699 3791 μοδίων
716 3713 740 3774 δ’
764 3715 817 3774 ἀπό
838 3713 1024 3796 προσενέξεως
1045 3720 1091 3776 τοὺ
1106 3715 1244 3776 Κανακίου
1265 3714 1313 3776 καί

47 3829 75 3903 ές
92 3837 132 3894 τὀν
153 3834 372 3914 Ε’ναγγελίτζηνν
408 3839 498 3918 ἕτερον
520 3839 658 3917 χωράριον
681 3837 733 3897 ἀπό
756 3837 940 3916 προσενέξεως
962 3843 1008 3898 τοὺ
1031 3837 1187 3913 Ἀπλεμιλέ
1210 3837 1311 3913 μοδίων

47 3951 79 4024 θ’·
109 3957 167 4039 περὶ
188 3963 234 4018 τοῦ
255 3957 342 4036 Ζίχνα
364 3956 403 4030 είς
426 3961 456 4019 τό
479 3960 579 4039 χωρίον
602 4007 658 4022 ...

547 4106 666 4176 Reliqua
681 4105 785 4160 άοεινπί.

131 4243 272 4298 Ιοαπκίιίσν
284 4241 346 4312 (Ne.
363 4241 414 4312 11)
429 4245 490 4298 κπίί
503 4244 550 4298 ίιοο
560 4245 746 4316 ,ίναρνασπίιιπι
761 4261 820 4298 cum
833 4245 998 4299 antecedente
1011 4245 1061 4298 Nr.
1077 4247 1125 4315 10,
1142 4246 1172 4298 ιἰί
1185 4249 1223 4299 σοί
1230 4261 1312 4316 ροσε-

48 4349 106 4411 cepto
123 4348 190 4419 τιρέν
213 4339 246 4402 σία
268 4348 410 4402 dotatione
434 4349 572 4404 domestici
590 4349 676 4403 Βανά.
707 4348 791 4404 Nobis
812 4350 920 4403 videtur
942 4367 996 4403 esee
1009 4349 1194 4420 fraymemum
1213 4367 1313 4404 aureae

49 4443 119 4504 λίθοι
131 4451 161 4506 de
172 4453 385 4522 possem'onibm
400 4455 566 4522 ramerii,
590 4455 668 4508 οιιίωο
682 4454 789 4508 initium
805 4460 829 4508 σί
839 4453 904 4522 finis
920 4454 1116 4508 desiderantur.

49 4593 229 4609 κ...-

133 4705 151 4770 1)
168 4703 207 4754 καί
226 4702 312 4763 αὖτοθς
330 4706 351 4755 1.
