3222 5284
224 366 290 431 374

223 569 286 630 καθ’
299 571 417 643 ἑκάστην
439 563 614 644 παρασκευὴν
637 561 707 638 μετὰ
728 563 759 621 τ“ο
781 562 924 640 λυχνικόν,
948 559 971 621 εί
988 565 1027 638 μή
1042 583 1083 634 τις
1099 563 1179 642 ἑορτὴ
1202 562 1315 642 κωλύει,
1339 561 1533 639 ψαλλέτωσαν

225 693 327 752 κανόνα
348 681 519 768 νεκρώσιμον
541 684 570 744 αἱ
592 681 713 762 μοναχαί
743 688 866 744 ποιοῦσαι
888 682 935 743 καί
965 685 1181 764 παραστάσιμον,
1211 683 1258 744 καὶ
1289 685 1403 759 ἐκτενὴς
1434 684 1533 758 δέησις

224 814 341 893 γινέσθω
364 809 430 890 ύπέρ
445 815 498 869 τῶν
520 807 752 888 προαπελθουσῶν
766 810 869 866 πασῶν.
902 806 931 865 ἐν
954 805 1046 881 μέντοι
1061 804 1100 884 τῷ
1120 805 1250 886 σαββάτῳ
1265 812 1315 884 τῆς
1336 806 1465 886 άπόκρεω
1483 805 1532 865 καὶ
1604 881 1605 898 φ

225 935 264 1014 τῷ
287 933 418 1012 σαββάτῳ
440 936 489 1006 τῆς
511 931 661 1011 τυρσφάγου
684 925 730 988 καί
753 925 790 1008 τῷ
813 925 944 1007 σαββάτῳ
966 933 1015 1003 τῆς
1042 935 1226 1005 πεντεκοστῆς
1252 930 1369 1006 γινέσθω
1391 926 1439 987 καί
1462 927 1532 1002 ὑπὲρ
1604 903 1605 944 ³

224 1062 279 1116 τῶν
303 1057 476 1132 μσναζσυσῶν
498 1052 561 1112 καθ’
573 1053 603 1110 ἐν
626 1049 713 1125 ὄνομα
735 1055 788 1109 τῶν
810 1049 1042 1130 προαπελθουσῶν
1066 1047 1177 1125 μίακαὶ
1200 1051 1465 1126 μνημονευέσθωσαν
1483 1049 1532 1108 καί

226 1177 313 1238 αθταί.
346 1175 475 1245 ὡσαύτως
497 1171 544 1232 καὶ
568 1172 676 1244 ἐντοῖς
699 1171 881 1248 μνημοσύναις
904 1172 1021 1246 ἑκάστης
1042 1171 1159 1250 γινέσθω
1182 1171 1248 1252 ύιτέρ
1265 1173 1349 1248 αύτής
1369 1171 1532 1252 λειτουργία

226 1296 273 1361 καί
293 1299 441 1378 προσφορά,
474 1294 610 1374 ὀφείλουσι
632 1292 663 1352 δὲ
690 1292 845 1368 λαμβάνειν
869 1291 896 1354 αί
919 1291 1041 1372 μσναχαί
1064 1293 1092 1353 ἐν
1114 1313 1145 1352 τε
1167 1293 1206 1373 τῷ
1229 1293 1359 1371 σαββάτῳ
1381 1299 1433 1369 τῆς
1455 1292 1532 1352 ἀττέ-
1605 1347 1606 1352 ,

226 1439 300 1500 κρεω
323 1415 370 1478 καί
391 1414 430 1495 τῷ
453 1415 584 1495 σαββάτῳ
606 1420 656 1490 τῆς
678 1419 861 1490 πεντεκσστής
884 1415 937 1474 ἀνὰ
957 1415 1110 1496 προσφορὰν
1133 1413 1198 1490 μίαν
1222 1411 1261 1486 εἰς
1284 1418 1457 1490 μνημόσυνον
1472 1421 1531 1473 τῶν

226 1543 332 1619 γονέων
356 1541 442 1600 αύτῶν
465 1537 511 1598 καὶ
534 1541 684 1616 συγγενῶν,
708 1535 779 1612 μετὰ
802 1536 833 1596 δὲ
855 1537 886 1596 τδ
907 1539 1137 1618 προσκομισθῆναι
1160 1537 1324 1615 συνάγεσθαι
1345 1536 1430 1596 πάλιν
1453 1535 1532 1616 παρὰ

227 1668 277 1738 τής
298 1661 426 1741 πυλωρού
449 1659 496 1720 καὶ
521 1659 645 1720 δίδοσθαι
668 1659 696 1718 έν
718 1657 757 1739 τῷ
779 1657 893 1718 πυλῶνι.

331 1783 409 1861 Κεφ.
434 1781 491 1842 σά.
524 1778 605 1861 Περὶ
635 1780 798 1861 διαφόρων
829 1780 1046 1856 μνημοσύνων
1076 1781 1280 1858 ὀφειλόντων
1312 1779 1455 1856 ἐτησίως
1477 1801 1533 1838 τε·

227 1905 376 1965 λεῖσθαι.
423 1903 589 1984 Ἀρκούντως
611 1903 666 1978 ήδη
688 1900 750 1982 περὶ
772 1907 826 1961 τῶν
849 1907 897 1978 τῆς
920 1907 1007 1977 μονῆς
1030 1897 1234 1980 διαταξάμενοι,
1257 1905 1302 1961 νύν
1325 1899 1373 1961 καὶ
1394 1899 1534 1977 περὶτῶν

229 2027 438 2102 κεκοιμημένων
461 2026 565 2104 γονέων
588 2025 667 2099 ήμῶν
688 2022 736 2084 καί
757 2023 886 2102 ρἰδελφῶν
909 2019 980 2083 κατὰ
1002 2027 1091 2105 σάρκα
1106 2023 1153 2084 καὶ
1174 2024 1279 2084 παίδων
1294 2021 1409 2083 καὶτῶν
1425 2043 1532 2098 κοιμη-

229 2149 389 2224 θησομένων
412 2147 593 2222 διατυπσύμεν
614 2143 662 2206 καὶ
685 2145 898 2222 διαταοσύμεθα·
921 2143 1028 2206 πάντων
1043 2145 1097 2226 γάρ
1113 2145 1146 2206 τόι
1162 2147 1321 2222 μνημόσυνα
1336 2151 1390 2204 τῶν
1405 2145 1533 2204 κάτωθεν
1607 2184 1608 2240 γ

234 2269 323 2350 ῥητῶς
346 2269 571 2344 άναταττομένων
594 2267 665 2328 κατὰ
687 2268 748 2338 τούς
771 2268 882 2348 καιρούς
896 2265 943 2330 καὶ
958 2267 1007 2338 τὰς
1021 2269 1128 2348 ἡμέρας
1143 2267 1193 2340 τὰς
1209 2267 1392 2348 ἐγγραφείσας
1407 2287 1533 2326 τοιουτο-

231 2393 339 2470 τρόπως
361 2389 581 2464 τελεσθήσονται.
614 2388 771 2464 βουλόμεθα
794 2390 915 2467 γίνεσθαι
937 2388 1089 2468 παννυχίδα
1104 2392 1272 2470 νεκρῶσιμσν
1288 2390 1360 2465 μετὰ
1373 2386 1422 2448 καὶ
1437 2409 1534 2467 παροι-

231 2501 360 2586 στασίμσυ
383 2509 430 2570 καὶ
453 2511 591 2590 φωταψίαν
615 2509 644 2570 ἐν
666 2516 699 2594 τῇ
723 2511 859 2592 ἐκκλησίᾳ
880 2515 930 2588 τῆς
953 2512 1080 2586 συνήθους
1104 2509 1313 2591 δαψιλεστέραν,
1343 2511 1535 2590 προσάγεσθαί

230 2653 260 2692 τε
283 2631 330 2692 καὶ
354 2633 382 2692 ἐν
404 2639 438 2713 τῇ
460 2632 618 2716 λειτουργίᾳ
646 2632 799 2713 προσφορὰν
822 2632 889 2712 ύπέρ
911 2636 958 2693 τοῦ
987 2633 1166 2709 κοιμηθέντας
1195 2631 1243 2693 καί
1272 2631 1380 2706 κόλυβα
1411 2631 1535 2711 γίνεσθαι
1608 2642 1609 2728 γ

231 2752 278 2814 καὶ
302 2755 518 2831 μνημονεύεσθαι
541 2755 620 2814 αύτδν
644 2753 673 2813 ἐν
694 2757 754 2827 ταῖς
778 2754 897 2815 ἐκτενέσι
922 2755 1031 2830 δεήσεσι
1052 2757 1123 2815 κατά
1138 2775 1167 2816 τε
1190 2755 1238 2830 τὴν
1260 2753 1415 2832 παννυχίδα
1437 2753 1486 2814 καὶ
1505 2757 1536 2815 τδ
1608 2747 1609 2754 ¹

234 2876 329 2956 ὄρθρον
351 2873 398 2936 καί
421 2877 468 2952 τὴν
491 2875 662 2956 λειτουργίαν
684 2874 732 2935 καὶ
753 2877 784 2936 τδ
808 2876 946 2958 ἐστερινδν
969 2875 1016 2936 καί
1031 2879 1091 2948 ταῖς
1112 2880 1249 2954 μοναχαῑς
1265 2877 1296 2937 δέ
1313 2877 1351 2952 μὴ
1366 2878 1417 2952 τὴν
1435 2879 1536 2952 συνήθη

233 2999 427 3079 παρατίθεσθαι
448 3000 593 3078 τράπεζαν,
624 2997 692 3058 ἀλλ’
705 2997 846 3076 δψωνίζειν
869 2996 916 3058 καί
939 2999 1100 3078 διαιτᾶσθαι,
1130 2999 1203 3058 καθὰ
1225 2996 1272 3058 καὶ
1295 2999 1324 3058 έν
1346 3001 1407 3069 ταῖς
1433 2999 1536 3060 δεσπο-

233 3122 321 3192 τικαῖς
349 3121 455 3200 ἑορταῖς
480 3123 713 3202 προετυπῶσαμεν
740 3120 871 3202 γίνεσθαι,
901 3121 964 3180 καθ’
978 3112 1033 3180 οἷον
1056 3123 1089 3180 ἂν
1111 3121 1181 3203 τύχη
1203 3121 1297 3200 καιρόν
1319 3122 1337 3196 ή
1359 3123 1408 3180 τού
1435 3122 1537 3181 τελευ-

233 3244 367 3320 τήσαντος
399 3244 502 3319 μνήμη.
548 3243 623 3320 πλὴν
652 3241 675 3302 εί
703 3241 754 3319 μὲν
784 3243 812 3301 ἐν
838 3243 948 3323 τετράδι
975 3249 1028 3302 τῶν
1058 3245 1163 3303 λοιπῶν
1192 3245 1345 3324 ήμερῶνή
1373 3251 1536 3326 παρασκευῇ

235 3363 380 3444 συνδράμοι
410 3367 441 3426 τδ
472 3367 653 3446 μνημόσυνον,
684 3363 913 3444 ὀστρακοδέρμοις
941 3363 987 3424 καὶ
1018 3365 1111 3440 μύνοις
1142 3365 1362 3438 έστιασθήσονται
1395 3365 1461 3425 άνευ
1484 3373 1537 3426 τῶν

235 3487 415 3562 μνημοσύνων
441 3491 487 3546 τού
516 3487 657 3568 κρατίστου
684 3485 731 3547 καί
761 3487 839 3566 ἁγίου
863 3507 913 3562 μου
947 3485 1099 3560 βασιλέως·
1131 3487 1161 3545 ἐν
1187 3487 1242 3566 γὰρ
1265 3489 1322 3559 τοῖς
1352 3490 1537 3564 μνημοσύναις

235 3611 339 3688 τούτου,
369 3612 422 3668 κάν
446 3608 474 3668 ἐν
496 3608 607 3688 τετράδι
637 3609 813 3689 συνδράμοιεν
836 3569 884 3668 καί
912 3615 1081 3690 παρασκευῇ,
1113 3606 1160 3668 καί
1184 3607 1275 3686 ἰχθύες
1305 3609 1537 3687 ὀψωνισθήσονται

238 3731 388 3810 φιλοτίμως
409 3731 469 3801 ταῖς
492 3731 628 3806 μοναχαῖς
652 3727 690 3802 εἰς
713 3730 843 3790 ἑστίασιν·
873 3732 929 3812 χρὴ
952 3730 1006 3810 γάρ
1028 3731 1074 3789 τόν
1102 3727 1239 3810 ἐξαήοετον
1263 3731 1292 3789 ἐν
1315 3729 1470 3808 ἀνθρώποις
1492 3731 1537 3792 καὶ

236 3854 267 3912 τδ
297 3851 467 3928 μνημόσυνον
499 3847 638 3931 ἐξαίρετον
668 3851 857 3932 ἀποφέρεσθαι.
905 3851 933 3910 ἐν
956 3851 987 3910 δέ
1009 3853 1068 3924 ταῖς
1090 3850 1180 3923 λιταῖς
1210 3853 1328 3922 άπάσαις
1349 3853 1470 3931 ἡμέραις
1492 3852 1538 3912 καί

238 3971 282 4034 ἐπὶ
304 3975 360 4044 τοῖς
387 3977 441 4032 τῶν
471 3971 575 4033 λοιπῶν
606 3978 745 4052 συγγενῶν
776 3974 855 4048 ήμῶν
886 3974 1067 4050 μνημοσύναις
1099 3973 1350 4053 ίχθυοφαγήσσυσιν.
1398 3971 1422 4033 εἰ
1455 3973 1486 4034 δὲ
1510 3976 1536 4034 ἐν

237 4117 303 4157 τισιν
332 4101 385 4156 τῶν
417 4100 467 4171 τῆς
497 4095 627 4173 μεγάλης
656 4101 875 4177 τεσσαρακοστῆς
904 4097 1016 4177 ήμερῶν
1047 4095 1216 4173 μνημόσυνόν
1246 4115 1318 4166 τινος
1348 4095 1536 4176 ἀπαντήσειεν,

239 4219 267 4278 ἐν
298 4219 368 4299 μάνη
397 4223 431 4298 τῇ
463 4217 565 4298 ἑσπέρᾳ
594 4223 644 4292 τῆς
674 4223 851 4298 παρασκευῆς
882 4215 989 4294 ἐκείνης
1018 4223 1068 4293 τῆς
1098 4215 1263 4292 ἑβδομάδος,
1297 4217 1360 4276 καθ’
1379 4219 1413 4292 ἢν
1445 4219 1536 4295 φθάσαι

238 4341 268 4400 τό
299 4340 481 4415 μνημόσυνον,
510 4339 528 4413 ἡ
558 4337 689 4416 παννυχὶς
721 4339 969 4418 ἐπιτελεσθήσεται,
999 4337 1046 4398 καί
1075 4337 1114 4416 τῷ
1145 4337 1246 4398 έπιόντι
1273 4335 1404 4416 σαββάτῳ
1433 4337 1463 4397 αἱ
1485 4359 1535 4412 μσ-

238 4459 323 4539 ναχαί
352 4457 386 4520 δι’
400 4459 625 4541 ὀστρακοδέρμων
652 4459 921 4540 παρακληθήσονται.
967 4457 991 4519 εί
1020 4460 1051 4520 δέ
1073 4481 1113 4531 τις
1136 4458 1182 4519 καὶ
1210 4457 1305 4537 ἰχθύας
1332 4459 1395 4534 ήκαι
1417 4459 1533 4535 κομΐζων

239 4582 342 4663 αύταῖς,
366 4580 534 4643 καὶτούτων
559 4583 786 4661 έστιασθήσονται,
818 4585 871 4640 τῶν
894 4579 992 4641 άλλων
1015 4581 1061 4640 δύο
1083 4585 1307 4662 τεσσαρακοστῶν
1331 4581 1426 4640 ἄνετον
1449 4589 1532 4641 πάσαν

238 4707 344 4786 ἡμέραν
376 4705 496 4784 ἐχουσῶν
529 4701 567 4776 εἰς
597 4705 628 4765 τό
657 4705 743 4765 ποιεῖν
773 4703 807 4763 τδι
839 4705 1006 4782 μνημόσυνα.
1059 4701 1106 4765 καὶ
1135 4703 1184 4783 τἠν
1216 4705 1245 4764 ἐν
1275 4704 1380 4766 πυλῶνι
1412 4703 1443 4767 δέ
1475 4705 1530 4765 διά-
