3222 5284
1317 379 1379 447 347

65 572 109 644 είς
133 575 172 634 τ“ο
198 579 379 654 μοναστήριον
401 581 451 651 τῆς
472 577 630 655 ἡγουμένης
655 575 846 656 ἐπιτρεπούσης
861 574 908 636 καί
931 576 1146 636 συνεστιασθεῖσα
1169 579 1228 647 ταῖς
1248 579 1383 656 μοναχοιῖς

64 696 118 769 τἠν
144 699 353 778 παρατεθεῖσαν
375 697 474 778 τροφὴν
497 698 672 778 ύποχωρήσει
683 697 703 777 ¹)
719 699 787 779 πρδς
803 699 930 778 ἑσπέραν,
954 697 1030 776 εἴπερ
1046 698 1215 776 ὑγιαίνουσαν
1231 697 1298 760 ἰδεῖν
1314 719 1382 776 αυγ-

65 824 143 894 γενῆ
173 821 354 900 παρεγένετο,
378 817 524 880 καὶτοῦτο
548 819 641 900 δράσει
665 817 739 893 ἅπαξ
761 823 779 894 ἡ
803 818 844 891 δίς
866 823 912 879 τού
936 818 1063 879 ἐνιαυτοῦ.
1096 817 1118 878 εί
1143 818 1174 879 δὲ
1189 824 1318 880 νοσούοαν
1334 818 1382 880 καί

67 941 158 999 νάσον
185 940 308 1022 βαρεῖαν,
337 939 361 1000 εί
385 941 435 1016 μέν
459 943 547 1020 μήτηρ
571 941 624 1020 εἴη,
656 942 841 1020 ἐγκαταμενεῖ
862 949 895 1023 τῇ
919 948 989 1024 μονῇ
1011 939 1058 1000 καὶ
1080 943 1255 1022 παρεδρεύσει
1278 947 1311 1024 τῇ
1333 961 1382 1001 νο·

69 1063 164 1145 σούσῃ
189 1063 324 1144 θυγατρί,
340 1061 387 1123 καῖ
409 1063 480 1123 κατά
502 1064 551 1139 τήν
575 1063 701 1144 δευτέραν
731 1065 837 1144 ἡμέραν
858 1066 918 1135 ταῖς
941 1066 1077 1142 μοναχαῖς
1107 1061 1208 1140 δμοίως
1242 1085 1381 1124 συνεστια-

72 1187 176 1244 σθεῑσα
198 1187 267 1265 πρδς
290 1185 407 1266 ἑσπέραν
430 1186 611 1266 ύποχωρήσει.
646 1183 670 1244 εἰ
694 1185 725 1246 δὲ
748 1185 855 1263 ἀδελφὴ
878 1187 1007 1264 τυγχάνει
1028 1188 1047 1260 ἢ
1070 1187 1156 1264 νύμφη
1181 1185 1224 1246 ἐπ’
1237 1184 1382 1266 ἀδελφῷῆ

74 1307 182 1384 ἀνεψιά
205 1305 258 1366 ἀπδ
282 1307 407 1386 ἀδελφῆς
428 1309 446 1380 ῆ
469 1306 591 1386 ἀδελφοῦ
612 1308 630 1382 ή
653 1308 721 1387 πρδς
743 1308 808 1367 θέαν
831 1306 992 1386 ἀφικδμένη,
1015 1310 1102 1382 πάντη
1118 1305 1164 1367 καὶ
1185 1309 1294 1380 πάντως
1316 1309 1383 1388 πρδς

73 1431 110 1502 ἢν
136 1431 171 1486 ἀν
193 1428 301 1508 ἡμέραν
324 1426 461 1508 ἀφίκηται,
483 1429 551 1508 πρδς
574 1429 692 1508 ἑσπέραν
715 1429 897 1508 ἀποχωρήσει.
930 1426 954 1486 εῖ
977 1426 1008 1488 δὲ
1031 1427 1099 1508 ἀνὴρ
1123 1427 1165 1502 είη
1189 1429 1203 1487 δ
1225 1431 1292 1510 προς
1315 1431 1381 1489 θέαν

74 1549 255 1629 παραβαλὼν
277 1550 367 1630 πατὴρ
389 1551 471 1627 τυχδν
494 1553 512 1624 ἢ
537 1549 656 1628 ἐδελφδς
679 1554 696 1624 ή
722 1549 764 1609 ἐπ’
778 1546 886 1630 ἀδελφή
909 1549 1045 1630 γαμβρός,
1070 1548 1110 1622 είς
1126 1550 1177 1625 μὲν
1191 1552 1221 1610 τδ
1245 1553 1384 1626 μοναοτή-

78 1693 138 1750 ριον
170 1671 300 1746 ούδαμῶς
331 1669 528 1732 εἰσελεύσεται·
560 1673 661 1747 ἄβατον
684 1671 838 1752 γάρτοῦτο
868 1673 1037 1731 παντάπασιν
1068 1668 1194 1752 ἀνδράσιν
1215 1673 1233 1746 ή
1257 1672 1385 1748 βασιλεία

79 1813 133 1868 μου
159 1793 304 1872 διορίζεται
320 1791 367 1853 καὶ
381 1793 580 1870 κεκλεισμένον
600 1793 743 1872 διηνεκῶς,
769 1789 870 1866 ἔξωθεν
887 1792 919 1853 δὲ
933 1795 1096 1874 κρούσαντες
1117 1794 1206 1874 αύτσῡ,
1229 1799 1277 1870 τῆς
1297 1797 1384 1872 ήγου-
1474 1805 1478 1814 “

81 1919 171 1990 μένης
194 1915 420 1995 ύπομνησθείσης,
448 1917 466 1990 ή
489 1917 619 1992 θεαθῆναι
642 1917 793 1992 ζητουμένη
817 1917 972 1991 μονάζουσα
993 1917 1120 1976 κελεύσει
1142 1917 1239 1992 ταύτης
1264 1911 1384 1995 ἀφίξεται

81 2039 154 2116 πρδς
176 2037 222 2096 τδν
244 2037 368 2118 πυλῶνα,
400 2033 569 2117 συναφίξεται
593 2036 624 2097 δέ
647 2036 693 2097 καί
717 2039 735 2114 ή
758 2039 961 2117 καθηγουμένιη,
993 2038 1068 2118 εῖπερ
1092 2036 1184 2099 ἐθέλει
1206 2035 1253 2097 καὶ
1277 2037 1383 2098 δύναιτο

81 2163 100 2234 ἡ
125 2159 301 2235 κελευσάσης
324 2160 406 2235 αύτῆς
430 2160 480 2234 μία
501 2165 554 2218 τῶν
578 2159 797 2240 γηραλεωτέρων
819 2157 867 2219 καί
889 2161 1054 2240 τιμιωτέρων
1078 2163 1251 2234 μοναζουσῶν
1274 2158 1385 2238 καὶτῆς

82 2283 166 2362 θύρας
189 2279 345 2358 ἀνοιγούσης
366 2281 432 2360 προς
455 2279 494 2358 τῷ
516 2281 621 2340 πυλῶνι
644 2282 708 2353 στὰς
731 2280 778 2341 καί
801 2281 890 2361 βραχύ
912 2303 935 2341 τι
960 2279 1123 2357 δισμιλήσας
1145 2289 1178 2364 πή
1202 2290 1313 2365 μοναχῇ
1329 2283 1384 2344 ἀπ-

83 2405 236 2464 ελεύσεται.
269 2401 293 2462 εἰ
317 2403 341 2463 δ’
352 2401 419 2475 ἴσως
442 2404 460 2480 ἡ
483 2406 603 2482 μοναχή,
627 2398 662 2478 ἧς
684 2405 751 2484 πρδς
774 2402 823 2478 τἠν
846 2405 911 2463 θέαν
934 2405 1052 2484 δπατηρ
1076 2404 1184 2483 ἀφίκετο
1200 2408 1218 2479 ἢ
1234 2406 1248 2463 δ
1264 2405 1385 2484 ἀδελφδς

84 2529 103 2599 ἢ
127 2525 142 2584 δ
167 2524 210 2584 ἐπ’
223 2526 330 2608 ἀδελφή
353 2524 491 2606 γαμβρός,
514 2525 606 2600 νοσοίη
629 2529 675 2584 καί
693 2526 777 2598 ούτως
794 2526 864 2605 ἔχοι,
889 2497 927 2598 ῶς
943 2525 1015 2601 μηδὲ
1030 2525 1069 2604 τῷ
1091 2528 1196 2586 πυλῶνι
1218 2526 1387 2606 προσβαλεῖν

88 2647 228 2726 δύνασθαι,
252 2649 301 2706 ούκ
323 2645 507 2707 εἰσελεύσεται
531 2647 582 2722 μὲν
605 2646 667 2708 οῦδὲ
691 2647 760 2708 ούτω
783 2667 824 2719 τις
848 2649 934 2707 αύτῶν
958 2645 997 2720 εἰς
1019 2649 1049 2708 τδ
1073 2651 1261 2727 μοναοτήριον.
1308 2647 1331 2708 εί
1355 2648 1386 2708 δέ

87 2767 214 2841 βούλοιτο
237 2771 254 2843 ή
279 2773 393 2829 νοσοῦσα
415 2768 461 2828 καῖ
483 2770 632 2848 ἀναγκαῖον
654 2771 750 2847 ἡγοῖτο
765 2771 811 2829 τδν
833 2770 1030 2848 παραβαλόντα
1053 2768 1120 2830 ίδεῖν
1136 2775 1263 2849 συγχενῆ,
1288 2771 1387 2850 φορείῳ

88 2891 276 2969 βασταχθεῖσα
297 2890 344 2950 καὶ
366 2893 433 2970 προς
456 2889 493 2970 τῷ
517 2890 619 2950 πυλῶνι
649 2893 786 2968 γενομένη
818 2892 961 2951 θεασάσθω
993 2891 1071 2952 αἰπύν
1096 2893 1187 2956 ἐκεῖσε
1210 2889 1256 2950 καί
1280 2892 1386 2950 ἐπανα-

86 3015 194 3090 χθήτω·
218 3013 248 3071 τδ
271 3012 324 3092 γὰρ
348 3011 439 3073 δοῦναι
460 3015 591 3092 πρόφασιν
615 3010 721 3072 είσύδου
743 3015 799 3084 τοῖς
824 3011 935 3093 ἀνδράσι
958 3013 1026 3092 πρδς
1048 3012 1097 3088 τὴν
1121 3013 1206 3088 μονὴν
1222 3009 1268 3070 καὶ
1285 3013 1323 3087 μὴ
1339 3013 1387 3086 τὴν

89 3131 141 3206 ἔξω
168 3135 258 3210 πύλην
290 3135 367 3205 εύθύς
399 3134 611 3194 ἀποκεκλεῖσθαι
640 3139 714 3212 πᾶσι,
746 3131 849 3214 σφόδρα
881 3134 1003 3212 φορτικδν
1035 3140 1067 3214 τῇ
1099 3132 1227 3215 βασιλείᾳ
1259 3153 1310 3208 μου
1342 3133 1389 3194 καὶ

89 3255 256 3332 ἀβούλητον·
287 3256 350 3327 δέος
373 3257 426 3336 γὰρ
450 3259 488 3332 μή
511 3277 536 3315 τι
559 3256 677 3337 συνέλθῃ
701 3254 809 3328 βλάβος
832 3254 961 3336 ἐπηρείας
985 3254 1144 3332 δαιμονικῆς
1166 3259 1226 3328 ταῖς
1249 3253 1287 3333 τῷ
1311 3257 1386 3336 οίγνῷ

88 3377 191 3457 νυμφίῳ
222 3379 433 3456 νυμφευομέναις
464 3375 511 3438 καί
541 3377 587 3438 διά
617 3381 694 3437 τούτο
723 3379 813 3452 πάσης
848 3375 953 3437 εἰσέδου
982 3377 1044 3449 τούς
1075 3377 1176 3458 ἀνδρας
1212 3377 1389 3457 ἀπείργεσθαι

88 3501 236 3576 προσήκειν
266 3501 383 3576 ἠγοῦμαι
413 3497 460 3559 καί
493 3501 576 3573 ούτως
607 3500 813 3575 διακελεύομαι.
859 3501 889 3559 τδ
918 3499 942 3559 δ’
958 3501 1021 3560 αύτδ
1051 3500 1193 3579 κρατείτω,
1226 3503 1277 3558 κάν
1306 3499 1330 3558 εἰ
1356 3507 1389 3581 τῇ

88 3616 246 3702 προεστῶση
275 3617 468 3697 ἐντευξόμενος
495 3623 617 3704 ἀνὴριῇ
647 3628 716 3702 μονῇ
744 3621 912 3702 παραβάλοι.
960 3619 982 3680 εί
1007 3619 1109 3691 δ’ἴσως
1135 3626 1188 3680 τῶν
1213 3623 1386 3697 μοναζουσῶν

88 3763 159 3814 τινος
182 3744 271 3822 πατὴρ
295 3747 312 3818 ἡ
336 3745 426 3824 μήτηρ
448 3743 539 3818 νοσοίη
563 3741 609 3802 καί
633 3743 717 3814 ούτως
741 3744 810 3822 ἔχοι,
835 3743 905 3802 ῶστε
928 3743 961 3803 τά
984 3743 1129 3803 τελευταῖοι
1152 3745 1238 3822 πνεῖν,
1263 3743 1388 3818 βούλοιτο

89 3863 118 3922 δὲ
148 3865 166 3938 ή
199 3867 363 3944 μονάζουσα,
393 3859 427 3940 ἧς
455 3867 469 3923 δ
498 3867 587 3945 πατὴρ
614 3868 632 3940 ἢ
663 3867 681 3939 ἡ
712 3867 802 3945 μήτηρ
833 3863 994 3944 ἀρρωστοίη,
1025 3862 1071 3923 καί
1104 3863 1253 3942 ἀναγκαῖον
1283 3867 1388 3944 ήγοῖτο,

89 3987 133 4044 τἐν
164 3987 326 4045 ἀσθενοῦντα
355 3990 460 4065 πατέρα
489 3991 508 4062 ἢ
535 3987 583 4062 πἠν
611 3989 717 4066 μητέρα
745 3984 820 4066 ἰδεῖν,
854 3981 1026 4056 ἐξελεύσεται
1053 3991 1102 4060 τῆς
1130 3992 1216 4061 μονῆς
1243 3981 1388 4064 προστάξει
1448 4065 1453 4074 .

90 4117 138 4184 της
161 4109 373 4186 καθηγουμένης
394 4107 646 4188 συμπαραλαβούσα
670 4108 716 4167 δύο
740 4108 814 4178 τινάς
836 4113 890 4166 τῶν
913 4107 1132 4188 γηραλεωτέρων
1152 4106 1198 4167 καῖ
1219 4107 1389 4186 σεμνοτέρων

91 4233 264 4304 μοναζουσῶν
286 4229 333 4290 καῖ
349 4231 506 4306 θεασαμένη
523 4233 568 4290 τὀν
583 4235 712 4290 νοσοῦντα
732 4231 838 4308 πατέρα
852 4230 933 4307 τυχδν
950 4232 967 4303 ή
983 4229 1031 4303 τὴν
1048 4231 1164 4308 μητέρα,
1187 4229 1255 4308 πρὸς
1271 4223 1389 4308 έσπέραν

94 4353 285 4429 ἐποινακάμψει
311 4354 378 4432 προς
400 4353 448 4426 τὴν
480 4355 575 4432 μονήν,
608 4350 738 4428 μηδαμοῦ
769 4352 924 4429 ἀνεχομένη
957 4352 1048 4425 μεῖναι
1079 4347 1181 4422 ἔξωθεν
1211 4357 1261 4426 τῆς
1291 4355 1389 4425 μονῆς,

94 4475 185 4544 αύτούς
208 4475 300 4548 μέντοι
323 4494 357 4550 γε
380 4474 440 4545 τούς
467 4475 681 4552 προνοουμένους
704 4479 758 4532 τῶν
781 4479 829 4548 τῆς
853 4479 939 4552 μονῆς
962 4469 1008 4530 καί
1030 4471 1091 4546 τούς
1115 4471 1214 4546 άλλως
1235 4469 1389 4552 παραβάλ-

195 4734 214 4804 ¹)
233 4729 385 4808 ύιτοχωρήση
405 4732 440 4788 Μ,
