3166 5298
1281 350 1321 416 91

46 550 160 626 αἰτησεων
183 551 397 632 σπουδαιοτέραν
419 549 479 626 θείη
502 551 545 629 ἄν,
569 548 616 611 καί
636 549 789 630 παραυτίκα
804 551 901 625 ταύτην
917 551 1044 630 εύμαριῐις
1059 546 1243 628 ἐκπληρώσας
1256 547 1326 626 πρδς

46 675 95 732 θέεν
119 675 197 734 αύτδν
220 672 370 747 διαβαίνειν
394 671 476 745 εἰδὼς
496 673 531 733 τὰ
552 678 602 746 τῆς
624 672 748 748 τοιαύτης
770 669 917 752 εἰτησεωςφ
948 673 1010 732 ὅτου
1033 670 1064 731 δέ
1085 671 1166 750 χάριν
1189 669 1324 728 λέλεκται

44 799 122 874 ταῦτα,
149 795 252 876 προϊὼν
278 796 293 854 θ
322 795 409 874 λόγος
437 795 569 869 δηλώσει.
603 793 850 872 θθεοφιλέστατος
874 792 1020 864 ἐπίσκοπος
1042 793 1159 869 Ζιχνιῖιν,
1190 788 1326 871 εύλαβείᾳ

44 913 138 996 τραφεὶς
164 913 211 976 καὶ
238 915 279 994 ἐφ’
292 914 395 988 ἱκανοῖς
416 917 472 987 τοῖς
494 918 603 994 χρόνοις
624 914 815 994 ρροντιστηρίιρ
837 911 1019 994 παραμείνας,
1047 911 1152 990 ἔλαχεν
1175 910 1324 992 ἱερατεύειν

44 1036 97 1116 θεῷ,
118 1033 177 1097 εἶτα
197 1035 245 1098 καὶ
267 1039 282 1096 θ
304 1037 453 1117 περίκειται
475 1035 678 1116 ἀρχιερωσύνης
700 1032 819 1110 ἀξίωμα,
843 1035 913 1096 ούτω
932 1032 1019 1096 τοίνυν
1035 1031 1082 1094 καὶ
1096 1033 1190 1112 θαρρεῖ
1204 1051 1323 1109 τετυχη-

45 1159 107 1216 κέναι
136 1161 183 1219 τοῦ
212 1159 281 1238 τρδς
310 1159 358 1233 τὴν
382 1157 525 1232 βασιλείαν
549 1177 600 1234 μου
623 1155 783 1237 αἰτηματος,
805 1155 853 1216 καί
876 1156 1047 1234 ἐπιτυγχάνει
1071 1156 1110 1226 ὡς
1131 1155 1161 1215 τδ
1184 1151 1271 1226 εἰκὸς·
1305 1155 1324 1228 ἡ

45 1279 87 1358 γὶρ
111 1279 170 1360 περὶ
191 1281 240 1354 την
262 1278 345 1338 πόλιν
367 1280 476 1359 Σερριῖιν
499 1276 538 1351 εἰς
560 1279 591 1338 τύ
614 1277 678 1358 δρας
699 1279 729 1338 τδ
751 1281 798 1338 τοῦ
820 1279 982 1349 Μενοικέως
1005 1276 1164 1353 διακειμένη
1188 1272 1325 1350 σεβασμία

45 1403 111 1479 μοι-η,
132 1401 150 1476 ἠ
174 1400 216 1460 ἐπ’
229 1401 342 1476 θνύμοττι
363 1401 504 1476 τιμωμένη
519 1403 566 1460 τοῦ
581 1399 668 1475 τιμίου
683 1401 818 1480 προφήτου
834 1399 1005 1480 Προδρθμου,
1030 1398 1168 1478 ἀνηγέρθη
1185 1396 1235 1472 μὲν
1250 1395 1325 1476 παρὰ

46 1645 114 1701 ἕνεκα
137 1641 183 1703 καὶ
207 1644 321 1723 κρείττω
350 1643 506 1718 βελτίωσιν·
542 1643 603 1702 ὅθεν
631 1639 679 1702 καί
706 1641 801 1716 ἐπειδὴ
826 1639 975 1722 ἐξῃτήσατο
1000 1641 1233 1722 ἐπιχορηγηθῆναι
1256 1640 1324 1720 αὐτῇ

44 1764 106 1842 παρὰ
125 1769 172 1839 τῆς
194 1763 338 1838 βασιλείας
361 1785 413 1840 μου
434 1762 641 1844 χρυσύβουλλον
664 1755 709 1823 ἐπὶ
729 1765 786 1834 τοῖς
799 1765 925 1842 προσοΰσι
939 1763 1023 1844 ταύτῃ
1038 1764 1158 1838 κτήμασι
1174 1758 1220 1820 καί
1236 1779 1321 1836 μετο-

45 1885 104 1960 χίοις
124 1885 167 1946 διὰ
188 1885 323 1966 διαφόρων
347 1886 547 1962 δικαιωμάτων,
569 1885 589 1960 ἡ
612 1883 740 1958 βασιλεία
764 1903 815 1958 μου
834 1885 883 1959 τὴν
903 1883 1007 1961 αίτησιν
1022 1885 1101 1944 αἰτοῦ
1116 1883 1323 1964 προσηκαμένη,

46 2007 81 2064 τὀν
105 2011 220 2088 παρόντα
247 2007 456 2089 χρυσόβσυλλον
478 2007 564 2084 λόγον
589 2004 764 2086 έπιβραβεύει
784 2011 818 2088 τῇ
841 2005 950 2088 τοιαύτῃ
972 2004 1110 2088 σεβασμίᾳ
1133 2010 1214 2086 μονῇ,
1246 2004 1280 2064 δι’
1293 1999 1325 2064 οὖ

46 2127 187 2206 προστάσσει
208 2128 256 2190 καί
279 2128 423 2210 διορίζεται
445 2130 573 2206 κατέχειν
597 2128 678 2203 αύτην
700 2126 747 2187 καί
770 2125 809 2200 εἰς
831 2129 863 2187 εδ
883 2125 948 2203 ἑξῆς
964 2125 1162 2204 ἀνηνσχλήτως
1178 2125 1225 2188 καί
1240 2125 1323 2186 ἀδια-

47 2248 151 2328 αείστως,
182 2252 253 2332 ἅπερ
279 2249 350 2310 κατὰ
375 2251 421 2310 τδν
450 2247 592 2330 εἰρημένον
619 2250 716 2328 τρίπον
744 2249 893 2328 εὑρίσκεται
915 2250 1070 2324 κεκτημένη
1095 2249 1178 2328 μέχρι
1200 2251 1247 2308 τού
1269 2252 1323 2328 νῦν,

46 2369 114 2446 ἡγοιν
134 2372 192 2442 τοὶις
216 2370 257 2444 εἰς
279 2373 329 2446 τἠν
350 2371 483 2452 περιοχὴν
506 2375 556 2448 της
578 2369 702 2446 τοιαύτης
725 2369 876 2446 σεβασμίας
899 2376 985 2448 μονῆς
1000 2371 1241 2450 προοκαθημένους
1258 2369 1324 2429 ἀνυ-

46 2495 174 2564 ποστάτους
193 2491 321 2570 πτωχούς
347 2491 394 2552 καὶ
417 2491 585 2571 ἀκτημονας,
612 2491 674 2563 τούς
695 2489 757 2570 περὶ
778 2492 828 2566 τὴν
851 2489 998 2571 εἰρημένην
1020 2490 1100 2550 πόλιν
1123 2492 1233 2572 Σερρῶν
1257 2491 1325 2552 ἑπτὰ

47 2613 164 2696 μύλωνας,
193 2613 228 2674 τὰ
252 2613 328 2686 ἐντδς
349 2613 448 2688 ταύτης
470 2612 529 2693 τρία
552 2609 700 2694 οἰκήματα,
731 2611 816 2691 ἤγουν
837 2611 871 2672 τὰ
894 2611 945 2688 μὲν
968 2611 1015 2672 δύο
1039 2612 1214 2694 ἐργαστήρια,
1238 2613 1269 2672 τδ
1293 2611 1325 2672 δὲ

48 2734 122 2814 ἕτερον
146 2737 346 2815 φουτονσιρεῖον·
374 2733 437 2815 περὶ
462 2735 511 2808 τἠν
540 2733 621 2808 αὐτὴν
646 2733 726 2792 πόλιν
750 2732 778 2792 έν
802 2731 937 2813 διαφόροις
959 2737 1050 2804 τύποις
1073 2733 1197 2810 ἀμπέλια
1221 2731 1323 2810 μοδίων

47 2857 178 2936 τρυίκσντα,
207 2855 365 2938 περιβύλιον
394 2854 496 2932 μοδίων
527 2853 573 2913 δύο
602 2851 649 2913 καὶ
679 2860 768 2930 κῆπον
795 2853 898 2930 μοδίων
921 2854 982 2914 δύο·
1015 2854 1077 2936 περὶ
1098 2857 1129 2916 τδ
1151 2853 1253 2936 χωρίον
1276 2855 1325 2929 τήν

48 2975 137 3036 Κίσιαν
164 2975 211 3037 καὶ
238 2977 272 3036 τὰ
295 2977 372 3056 Κρύα
394 2976 472 3056 Νερὰ
498 2981 550 3054 γῆν
580 2975 608 3035 ἐν
636 2975 772 3055 διαφόροις
798 2977 891 3048 τύποις
914 2977 1016 3052 μοδίων
1038 2975 1149 3057 χιλίων,
1180 2978 1209 3036 ἐν
1232 2971 1250 3057 ᾖ
1274 2973 1325 3035 εἰσι

48 3095 82 3154 κεί
100 3098 247 3172 μυλοτύπια
269 3099 335 3158 δύο·
358 3099 454 3179 ἑτέραν
476 3103 529 3177 γῆν
554 3096 592 3169 εἰς
614 3098 663 3172 τὴν
687 3099 852 3176 Κινστέρναν
875 3096 978 3173 μοδίων
1000 3098 1170 3178 τριακοσίων,
1193 3095 1239 3158 καί
1261 3095 1325 3178 περὶ

49 3217 70 3273 εἰ
87 3217 239 3299 Νεοχύριον
263 3220 358 3300 ἑτέραν
381 3225 434 3297 γῆν
457 3218 559 3294 μοδίων
583 3219 695 3279 ἑκατόν·
721 3221 848 3297 μετύχιον
872 3218 1044 3294 διακείμενον
1065 3218 1181 3295 πλησίον
1200 3223 1250 3294 τῆς
1264 3239 1323 3278 τοι-

52 3337 114 3412 αύτης
141 3340 291 3416 σεβασμίας
322 3345 408 3417 μονῆς
441 3338 480 3412 είς
502 3340 590 3415 ὄνομα
611 3336 764 3416 τιμώμενον
786 3347 836 3416 τῆς
858 3340 1007 3421 ὐπεραγίας
1030 3339 1169 3402 Θεοτύκου
1190 3337 1238 3400 καὶ
1261 3339 1322 3400 ἐπι-

50 3459 198 3535 κειλημένον
228 3465 275 3522 τοῦ
298 3462 433 3539 Δοχῆνος.
469 3464 561 3542 ἕτερον
588 3460 650 3542 περὶ
676 3462 725 3539 τὴν
748 3463 830 3538 αυτὴν
852 3464 932 3524 πόλιν
956 3463 1064 3544 Σερρῶν
1088 3463 1261 3540 διακείμενον
1285 3461 1325 3535 είς

52 3699 116 3767 τζίαυ·
137 3704 206 3762 θεῖον
227 3704 294 3762 ναδν
317 3702 356 3775 εἰς
378 3705 409 3764 τδ
430 3703 532 3783 χωρίον
552 3705 761 3783 Γαστελέγκους
784 3703 824 3776 εἰς
847 3705 934 3782 θνομα
955 3709 1110 3782 τιμώμενον
1133 3711 1178 3768 τοῦ
1194 3708 1323 3787 Σωτῆρος

52 3819 156 3898 Χριστοῦ·
190 3827 283 3906 ἕτερον
307 3823 446 3903 εὐκιηριον
473 3820 548 3885 οἰκον
570 3823 632 3905 περὶ
655 3825 703 3901 τὴν
726 3825 912 3906 παραλιμνίαν
935 3826 973 3898 εἰς
995 3829 1026 3888 τ“ο
1048 3826 1148 3908 χωρίον
1171 3829 1324 3909 Βερνύρους

55 3937 81 4010 ³³5
105 3943 182 4018 ὄνομα
210 3947 365 4021 τιμώμενον
395 3951 444 4022 τῆς
475 3946 555 4024 ἁγίας
578 3945 743 4026 Βαρβέρας·
779 3949 871 4029 ἕτερον
896 3948 968 4007 θεῖον
997 3951 1062 4008 ναδν
1093 3947 1132 4021 εἰς
1161 3950 1192 4007 τδ
1221 3949 1323 4028 χωρίον

54 4057 242 4144 ίλυλλαριτζούς
270 4064 310 4138 είς
332 4065 418 4142 ὄνομα
439 4063 594 4142 τιμώμενον
616 4071 665 4142 τῆς
686 4068 837 4148 ύπεραγίας
861 4067 998 4130 Θεοτύκου
1020 4075 1070 4148 τῆς
1092 4070 1253 4149 Ἐλεούσης,
1276 4067 1324 4130 καί

56 4179 123 4260 ἕτερον
144 4187 279 4268 εύκτηριον
302 4181 378 4248 οίκον
399 4187 462 4268 περὶ
483 4190 529 4249 τδν
553 4189 710 4248 Μελενίκαν
734 4189 762 4248 έν
785 4195 818 4270 τῇ
841 4189 985 4273 τοποθεσίρ
1006 4195 1061 4249 τῶν
1083 4192 1236 4252 [Ιλατανῶν
1260 4191 1323 4252 δια-

55 4300 154 4378 κείμενον
182 4309 230 4368 καί
260 4307 299 4380 εἰς
328 4309 416 4386 ὄνομα
445 4313 599 4385 τιμώμενον
629 4314 675 4370 τού
705 4311 783 4390 ἁγίου
817 4310 1063 4392 μεγαλομσίρτυρος
1091 4311 1246 4393 Δημητρίου
1276 4313 1324 4374 καί

58 4419 241 4504 ἓτεκεκλημέναν
263 4435 310 4491 τού
326 4430 476 4492 Καϊλοίτου.
501 4437 583 4492 ταῦτα
605 4431 691 4491 τοίνυν
714 4431 825 4505 καθέξει
848 4431 895 4492 καί
917 4435 1097 4509 νεμεθησεται
1112 4437 1130 4511 ἡ
1145 4437 1254 4511 τοιαύτη
1271 4457 1322 4497 σε·

58 4540 133 4618 ἐκοπία
153 4553 219 4626 μουή
246 4551 294 4610 καί
318 4551 356 4622 εἰς
379 4555 409 4611 τ“ο
426 4551 489 4629 ἑξῆς
505 4554 575 4629 μετὰ
590 4559 643 4613 τῶν
659 4555 812 4634 προούντων
828 4557 884 4625 τοῖς
899 4556 1027 4627 τοιούτοις
1044 4556 1183 4634 μετοχίοις
1199 4555 1321 4637 δικαίων,

58 4667 212 4756 βὲμφανείρ
233 4676 280 4733 τοῦ
302 4675 435 4755 παρέντος
457 4674 662 4756 χρυσοβούλλου
685 4675 771 4754 λύγου
793 4679 843 4752 τῆς
865 4675 1010 4751 βασιλείας
1034 4697 1095 4758 μου,
1128 4677 1322 4756 ἀνενοχλήτως
