3166 5298
265 329 326 391 114

262 525 293 583 τό
315 521 415 604 χωρίον
437 522 468 582 τό
483 520 709 592 Μελλενικίτζιον
720 518 742 603 ¹)
766 521 896 602 παροίκου
918 519 964 581 καὶ
987 526 1039 582 τῶν
1063 519 1218 598 οἰκημάτων
1239 521 1285 582 καὶ
1308 526 1359 598 τῆς
1379 522 1472 602 ἑτέρας
1489 527 1543 600 γῆς,

263 647 297 720 ῆν
320 639 395 723 εἶχεν
417 646 432 704 ό
455 643 547 725 ῥηθεὶς
562 643 712 723 Λάσκαρης
735 643 806 720 μετὰ
827 649 873 704 τού
896 642 1016 722 ἀδελρού
1036 645 1114 704 αὺτοῦ
1131 644 1159 704 ἐν
1176 644 1312 725 διαρόροις
1324 646 1425 720 τόποις,
1450 641 1544 704 καὶτοῦ

264 769 468 849 παλαιοχωρίου
490 770 536 828 τού
558 767 713 846 λεγομένου
729 763 979 850 Πρωτσκυρίτζηῖ),
1002 765 1049 826 καί
1070 774 1116 828 που
1131 766 1284 828 Βελιδόλσυ
1299 764 1413 826 καὶτῶν
1430 766 1486 826 ἐκεῖ
1506 763 1544 825 δύο

264 891 407 971 μυλῶνων,
431 889 504 950 καθὰ
524 887 736 970 προκατείχοντο
758 887 804 948 καί
827 888 902 970 παρὰ
922 892 969 948 τού
993 887 1036 950 ἐπὶ
1057 893 1104 950 τοῦ
1118 889 1276 950 κανικλείου
1291 888 1410 950 ἐκείνου·
1434 887 1545 948 παλαιο-

264 1015 365 1094 χιύριον
393 1011 433 1084 είς
459 1013 505 1071 τδν
528 1011 646 1072 Πάνακα
667 1012 697 1071 τ“ο
721 1011 938 1088 ἐπικεκλημένοι
960 1010 987 1072 οί
1008 1012 1139 1092 Κυνηγοί,
1172 1012 1316 1088 μετὰτῶν
1340 1011 1399 1072 ἐκεῖ
1419 1011 1545 1091 παροίκων

264 1133 311 1196 καὶ
332 1134 564 1216 προσκαθημένων
586 1132 633 1214 καί
653 1132 888 1213 ύδρομυλῶνωνί)
912 1131 958 1193 καί
980 1138 1033 1193 τῶν
1057 1134 1156 1215 ἑτέρων
1168 1134 1214 1194 δύο
1231 1135 1407 1210 δημοοιακῶν
1423 1133 1545 1209 μολύνων

264 1255 381 1334 καὶτῆς
403 1257 539 1337 Δρύστρας
561 1254 608 1315 καί
630 1257 718 1330 πάσης
740 1263 790 1331 τῆς
812 1261 898 1331 νομῆς
919 1253 967 1316 καὶ
988 1262 1121 1336 περιοχῆς
1143 1257 1235 1316 αύτυύ·
1264 1253 1303 1327 είς
1324 1257 1373 1330 τῆν
1398 1256 1475 1335 Πέρα
1496 1255 1546 1313 Πο-

264 1376 398 1460 λεάνανί)
426 1378 547 1438 αύλάκια
575 1377 701 1460 τέσσαρα,
735 1379 766 1437 τό
795 1378 948 1457 λεγόμενον
977 1379 1026 1452 τὴν
1051 1372 1196 1461 Λογγόοιί)
1225 1377 1295 1452 μετὰ
1319 1383 1369 1455 τῆς
1396 1381 1483 1452 νομῆς
1507 1375 1547 1436 καί

263 1505 396 1582 περιοχῆς
419 1502 507 1579 αδτού,
531 1501 561 1560 τδ
582 1505 628 1560 τού
644 1501 816 1578 Φωτεινοῶί)
840 1501 910 1576 μετὰ
931 1499 977 1560 καὶ
998 1505 1044 1560 τού
1052 1497 1076 1583 ⁷)
1092 1499 1232 1579 Τζυκαλᾶ,
1255 1500 1285 1558 τδ
1308 1497 1340 1558 δέ
1361 1500 1488 1578 τέταρτον
1509 1505 1546 1557 τού

264 1619 475 1706 Σκυλομῆτουῧ)
499 1622 568 1698 μετὰ
593 1627 643 1698 τῆς
664 1618 832 1705 παπυρίαςί)
856 1619 901 1682 καὶ
925 1617 996 1706 [τῆς]
1019 1629 1106 1699 νομῆς
1127 1619 1174 1681 καί
1195 1627 1327 1701 περιοχῆς
1350 1623 1440 1680 αύτού.
1472 1617 1546 1700 ἔτιίθ)

265 1746 297 1806 δέ
319 1743 366 1806 καὶ
388 1751 441 1806 τῶν
463 1747 600 1825 τεσσάρων
623 1744 781 1825 ἀνθρώπων,
804 1737 842 1804 ῶν
863 1743 898 1802 τὰ
919 1743 1040 1819 όνόματα
1062 1741 1112 1803 εἰσὶ
1130 1747 1227 1804 ταύια·
1251 1747 1295 1802 τού
1312 1744 1428 1819 Ποτάμη
1444 1741 1546 1802 καὶτῶν

263 1873 343 1948 τριῶν
372 1866 435 1926 υἱῶν
465 1871 511 1928 τού
534 1867 707 1947 Καλσγέρου.
746 1869 830 1925 ταῦτα
858 1867 946 1945 πάντα
975 1864 1110 1944 όρειλουσι
1140 1867 1267 1944 κατέχειν
1297 1863 1344 1924 καί
1374 1867 1501 1940 νέμεσθαι
1525 1861 1547 1922 αί
1571 1899 1572 1916 2

265 1989 432 2066 δηλωύεῑοαι
455 1989 602 2066 σεβασμίου
625 1986 706 2064 μοναί
728 1992 773 2048 τού
793 1985 880 2062 τιμίου
897 1985 1005 2060 ἐνδόξου
1019 1989 1154 2068 προρῆτου
1172 1986 1332 2066 ίίροδρόμου
1346 1985 1393 2047 καί
1409 1988 1546 2047 Βαττιστσῦ

265 2113 402 2191 Ἰωάννου,
426 2113 465 2183 ὡς
487 2109 600 2192 είρηται,
625 2107 679 2182 ἐξω
692 2106 729 2193 ¹¹)
751 2111 841 2186 πάσης
863 2106 909 2168 καί
931 2109 1059 2180 παντοίας
1075 2107 1203 2189 ἐπηρείας
1218 2107 1265 2168 καὶ
1281 2108 1385 2178 δόσεως
1400 2107 1447 2168 καί
1460 2109 1546 2166 ἀνενσ-
1571 2139 1572 2142 ¹

265 2232 396 2312 χλησίας.
435 2233 497 2292 ὅθεν
527 2231 573 2292 καί
595 2239 628 2314 τῆ
654 2229 724 2309 ἰσχύι
746 2229 793 2290 καὶ
816 2231 928 2307 δυνάμει
949 2234 995 2290 τού
1018 2233 1149 2312 παρόντος
1171 2229 1377 2312 χρυσοβούλλου
1400 2230 1486 2308 λόγου
1506 2236 1547 2304 τῆς

266 2353 436 2434 κρσλότητός
459 2374 509 2429 μου
533 2356 581 2414 ούκ
603 2353 707 2432 όρείλει
728 2373 768 2424 τις
788 2357 840 2412 τῶν
857 2353 980 2412 ἁπάντων
995 2353 1043 2427 τὴν
1059 2350 1214 2426 οἱανδῆτινα
1230 2349 1273 2412 ἐπὶ
1287 2351 1390 2424 τούτοις
1406 2352 1547 2430 ἐπαγαγεῖν

267 2475 383 2554 ὄχλησιν
406 2475 453 2536 καὶ
481 2475 646 2556 διασεισμόν,
680 2474 758 2535 ἀλλὰ
786 2473 923 2550 διαμένειν
950 2479 1033 2535 ταῦτα
1054 2472 1094 2544 εἰς
1116 2475 1146 2534 τύ
1169 2473 1293 2549 διηνεκὲς
1316 2473 1491 2552 ἀνενόχλητα
1509 2468 1548 2530 καί

269 2597 434 2674 άδιάσειστα,
463 2599 501 2670 ὡς
527 2599 545 2673 ῆ
573 2598 712 2677 κραλόπης
740 2618 791 2672 μου
819 2598 946 2677 ἀνωτέρω
969 2597 1156 2658 διακελεύεται
1179 2597 1250 2658 κατὰ
1270 2596 1319 2670 τῆν
1341 2595 1487 2678 περίληψιν
1508 2591 1547 2653 καὶ

268 2720 381 2797 δύναμιν
403 2726 456 2780 τῶν
479 2723 631 2800 προσόντων
655 2717 789 2800 αύιοῑςίῖ)
812 2717 1028 2800 χρυσοβούλλων
1049 2740 1080 2780 τε
1099 2717 1146 2778 καί
1161 2720 1376 2800 προσταγμάτων
1391 2717 1438 2778 καί
1455 2717 1548 2776 λοιπῶν

268 2841 469 2918 δικαιωμάτων,
501 2842 538 2902 ἔτι
561 2861 590 2901 τε
618 2842 668 2901 ούκ
690 2841 824 2921 ὀφείλουσι
847 2841 949 2909 διδόναι
971 2841 1005 2901 τὰ
1027 2839 1162 2902 σανδάλια
1184 2849 1238 2900 τῶν
1259 2841 1491 2922 προσκαθημένων
1510 2840 1548 2898 τοῦ

268 2961 504 3048 Ἐσφαγμένουίύ)
533 2966 563 3026 τό
591 2964 784 3040 ἀπαιτούμενον
812 2965 907 3045 τρίτον,
938 2964 1002 3024 ούδέ
1028 2965 1120 3046 πόρον,
1150 2963 1227 3024 ἀλλὰ
1250 2963 1491 3042 διατηρηθήσονται
1511 2956 1549 3019 καὶ

266 3092 351 3148 τοῶτα
376 3087 509 3169 ἐλεύθεροι
531 3093 584 3146 τῶν
606 3087 732 3148 τοιούτων
756 3086 866 3146 δόσεων.
896 3087 987 3146 τούτου
1011 3085 1089 3162 δέίί)
1109 3088 1188 3165 χάριν
1213 3085 1321 3164 ἐγένετο
1344 3087 1404 3157 ταῖς
1425 3085 1548 3150 τοιαύτας

268 3213 367 3286 μοναῖς
388 3208 436 3270 καὶ
457 3210 472 3268 ό
494 3209 586 3290 παρὼν
609 3208 816 3289 χρυσύβουλλος
837 3208 923 3285 λόγος
946 3214 995 3284 τῆς
1016 3207 1185 3288 κραλύτητός
1209 3227 1269 3288 μου,
1305 3205 1451 3277 ἀπολυθεὶς
1474 3201 1549 3264 κατά

268 3338 355 3408 μῆνα
378 3331 559 3412 όκτὼβριον
588 3338 646 3407 τῆς
672 3336 726 3390 νύν
749 3331 932 3410 τρεχούσης
953 3328 1164 3402 ἰνδικτιῶνος
1186 3327 1548 3409 τεσσαρεσκαιδεκάτης

268 3456 323 3518 ,τού
355 3448 646 3529 ἑξακισχιλιοστού
676 3451 940 3512 όκτακοσιοστού
961 3455 1188 3528 πεντηκοστοῦ
1210 3453 1367 3531 τετάρτου
1391 3449 1498 3530 ἔτους,
1526 3447 1548 3505 ἐν

270 3568 292 3654 ᾧ
314 3571 362 3633 καὶ
382 3575 400 3648 ῆ
423 3574 545 3654 ῆμετέρα
569 3573 683 3648 εύσεβῆς
705 3573 843 3654 κραλότης
866 3573 1056 3650 ύπεσημῆνατο
1078 3577 1103 3650 †.

372 3699 389 3770 †
411 3689 494 3773 Εἶχε
517 3691 573 3754 καὶ
595 3693 632 3754 δι’
647 3694 790 3776 ἐρυθρῶν
812 3697 1017 3776 γραμμάτων
1039 3696 1087 3754 τό·
1118 3695 1286 3774 Στέφανος
1308 3695 1341 3754 ἐν
1364 3693 1494 3773 Χριστῷ
1513 3687 1548 3768 τῷ

268 3814 333 3895 θεῷ
355 3818 472 3888 πιστός
494 3816 623 3896 κράλης
644 3815 700 3876 καί
723 3818 936 3899 αύτοκράτωρ
958 3815 1103 3897 Σερβίας
1123 3815 1180 3877 καί
1204 3815 1392 3892 Ῥωμανίας
1413 3820 1439 3893 †.

376 3943 477 4002 samaa
493 3945 517 3999 1.
530 3963 562 4016 p.
582 3947 653 4000 234.
679 3945 823 4000 Ισαιτιιίάσο
840 3947 890 4000 Nr.
911 3949 936 4000 1.

374 4255 392 4320 ¹)
417 4249 594 4304 Μελενικίτυιον
620 4254 641 4305 1.
714 4252 734 4317 ²)
758 4249 927 4320 Πρωτσκνένζη
954 4253 976 4302 1.
1046 4250 1066 4316 ³)
1085 4248 1230 4320 ύδρομυλῶν
1256 4251 1277 4300 Ι.
1349 4251 1369 4317 ⁴)
1389 4247 1507 4300 Πολιάνον
1529 4246 1546 4297 1.

268 4349 288 4416 ⁵)
315 4345 407 4417 Αυγιιάν
430 4347 451 4400 Ι.
521 4347 544 4415 ⁶)
568 4345 682 4398 Φωτινού
705 4347 731 4398 S.
803 4347 823 4412 ⁷)
846 4347 920 4398 addit
942 4347 963 4400 I.
1034 4346 1056 4414 ⁸)
1080 4343 1232 4416 Σκυλομίτου
1256 4345 1276 4398 1.
1348 4346 1369 4413 ⁹)
1393 4345 1513 4414 παπυρέας
1532 4341 1547 4392 Ι.

269 4443 300 4512 ¹⁰)
320 4441 385 4496 ίσται
408 4445 434 4498 S.
506 4445 537 4512 ¹¹)
557 4441 580 4504 ἐξ
602 4439 694 4508 ἁπάσης
713 4443 739 4494 S.
812 4441 843 4510 ²²)
863 4439 942 4493 σύτῶν
965 4443 990 4493 S.
1063 4443 1093 4508 ¹³)
1119 4441 1281 4512 Ἐοριγμένου
1300 4441 1324 4492 S.
1398 4443 1429 4511 ¹¹)
1448 4441 1515 4493 τοῦδε
1531 4437 1548 4486 Ι.
