3240 5286
746 577 812 662 IX.¹
833 597 909 664 Sine
931 596 1057 680 ann0.¹)

276 782 430 851 Imperator
445 782 616 836 Andronicus
632 781 673 834 11.
691 781 872 852 Ραθιεσίσμυι
892 781 976 834 donat
992 781 1088 834 Irenae
1103 782 1242 850 Αυφυείυε
1254 781 1375 850 praedia
1389 779 1523 834 ποπκυίία.

401 985 510 1061 Λόγος
532 982 786 1064 χρυσόβουλλος
814 982 868 1042 ἐπί
889 1003 951 1042 τινι
976 981 1176 1061 δεσποινικῴ
1200 982 1403 1058 βουλήματι.

356 1156 521 1228 Σπουδόζειν
545 1156 595 1232 μὲν
619 1156 806 1218 ἀποδεικνύναι
829 1157 859 1214 τό
882 1159 926 1215 νῦν
945 1156 1010 1230 ἡμῖν
1031 1155 1158 1230 κείμενον
1173 1155 1244 1215 κστά
1260 1157 1360 1216 σκοπόν
1375 1153 1423 1214 καί
1438 1158 1545 1231 γνώμην

254 1281 292 1350 ὡς
319 1277 434 1357 εὔλογον
462 1277 510 1338 καί
536 1281 587 1356 οὺχ
616 1277 777 1358 όπερβαῖνον
806 1278 837 1337 τό
868 1275 983 1357 δίκαιον,
1015 1275 1071 1337 οὔδ’
1086 1273 1141 1350 ἔξω
1170 1283 1224 1336 τῶν
1251 1279 1308 1349 τοῖς
1336 1267 1491 1350 βασιλεῦσιν
1519 1274 1546 1349 ἐξ

255 1401 332 1472 ἔθους
360 1399 407 1460 καί
434 1401 610 1479 δεδογμένων
637 1399 683 1460 καί
709 1401 909 1479 πεπραγμένων
935 1400 1060 1480 περισσόν
1089 1393 1165 1474 οἶμαι
1192 1398 1239 1459 καί
1265 1398 1411 1471 παντελῶς
1439 1400 1546 1479 ἀκαιρον

254 1519 301 1582 καί
324 1521 396 1598 μηδὲ
420 1521 519 1600 σχεδόν
543 1519 656 1602 εἰδότος,
679 1521 740 1600 περὶ
762 1519 839 1580 τίνων
863 1522 913 1596 μὲν
936 1521 965 1580 αί
983 1519 1148 1580 κατασκευαί
1164 1519 1211 1580 καί
1227 1517 1381 1594 ἀποδείξεις
1396 1521 1443 1581 καί
1457 1523 1475 1595 ἡ
1490 1520 1546 1602 περί

254 1645 353 1717 ταότας
374 1645 513 1724 περιουσία
538 1642 585 1703 καί
609 1643 721 1720 δύναμις
743 1649 795 1702 τῶν
818 1644 922 1723 λόγων,
953 1645 992 1702 ότι
1014 1641 1075 1722 περί
1097 1649 1151 1702 τῶν
1174 1643 1262 1718 μηδὲν
1287 1641 1415 1718 ἑκδήλων
1437 1642 1484 1703 καί
1507 1644 1546 1704 δι-

254 1765 339 1826 καίων
361 1769 528 1826 παντάπασιν
551 1765 811 1842 ἀνωμολογημένων
835 1764 945 1824 δικαίων
970 1763 1052 1824 όντων
1075 1767 1093 1840 ἡ
1115 1763 1162 1823 καί
1184 1763 1301 1844 ἰσχυρῶς
1321 1765 1546 1842 ἀντιλεγομένων,

254 1885 301 1948 καί
330 1887 390 1946 τότε
422 1887 455 1962 δὴ
485 1853 545 1946 τότε
575 1885 621 1946 καί
651 1893 776 1966 χωρῆσαι
807 1885 849 1946 δεῖ
876 1886 944 1966 πρός
975 1886 1070 1964 ἀγῶνα
1099 1883 1146 1944 καί
1170 1887 1303 1962 βοηθῆσαι
1326 1887 1383 1958 τοῖς
1407 1885 1547 1968 δικαίοιςί)

254 2009 481 2084 πολεμουμένοις.
505 2010 572 2069 όπου
595 2007 625 2068 δὲ
650 2007 688 2084 μὴ
706 2009 787 2082 μόνον
803 2013 857 2078 τοῖς
872 2027 911 2077 τις
926 2008 1109 2085 συνομολογεῖ
1123 2005 1184 2087 περί
1200 2011 1246 2068 τοῦ
1260 2009 1451 2088 προκειμένου,
1475 2007 1548 2068 ἀλλά

253 2129 300 2190 καί
322 2131 409 2190 πλέον
433 2131 561 2210 ἐπιζητεῖ,
584 2131 628 2190 ἵνα
649 2132 831 2210 περιοιίισηται
854 2131 884 2190 τό
906 2128 990 2208 είκός,
1013 2131 1052 2200 ὡς
1073 2129 1219 2202 ἐλάττονος
1235 2130 1311 2202 όντος
1325 2134 1372 2190 τοῦ
1386 2133 1549 2210 γιγνομένου

254 2250 302 2312 καί
333 2252 404 2327 μηδὲ
432 2253 532 2330 σχεδόν
558 2255 673 2328 ἥκοντος
702 2251 742 2322 εἰς
772 2252 856 2328 λόγον
878 2253 946 2330 πρός
967 2253 1016 2326 τὴν
1039 2249 1116 2324 ἀξίαν
1139 2257 1184 2312 τοῦ
1208 2252 1376 2331 δεδογμένου
1384 2249 1419 2337 ³),
1452 2254 1477 2312 τί
1497 2255 1549 2332 χσὴ

256 2383 386 2454 περιττῶν
408 2375 502 2452 λόγων
525 2374 571 2434 καί
595 2377 684 2450 ζητεῖν
708 2376 826 2453 εὑρέσεις
850 2375 1069 2454 ἐπιχειρημάτων
1085 2373 1131 2434 καί
1145 2373 1301 2435 ποικίλλειν
1316 2373 1362 2434 καί
1377 2379 1550 2455 τεχνουργεῖν
1608 2421 1609 2442 ,

256 2495 303 2557 καί
325 2498 399 2574 μέγα
421 2496 446 2556 τί
470 2495 561 2557 δοκεῖν
585 2497 697 2575 ἀνύτειν,
722 2497 832 2568 ἑαυτοὺς
855 2497 937 2574 δῆθεν
960 2500 1092 2574 μέμψεως
1116 2494 1332 2578 ἐξαιρουμένους,
1356 2500 1395 2573 μή
1419 2517 1485 2557 ποτε
1502 2497 1550 2557 δό-
1608 2485 1609 2518 ί

256 2617 321 2690 ξωσι
344 2615 419 2697 παρὰ
440 2621 471 2677 τ“ο
495 2617 568 2690 εἰκός
589 2639 614 2678 τι
636 2621 809 2698 πεπραγότες
830 2618 877 2679 καί
900 2619 1117 2700 ὑπερδραμόντες
1136 2622 1167 2680 τό
1187 2619 1304 2700 δίκαισνς
1329 2619 1391 2680 δεόν
1406 2623 1438 2680 όν
1452 2621 1551 2692 παντός

256 2741 367 2814 μᾶλλον
389 2743 456 2819 πρός
478 2741 628 2800 τούναντίον
652 2739 756 2800 ἀπιδεῖν
778 2739 825 2800 καί
849 2741 996 2800 σπουδάσαι
1019 2739 1114 2820 δεῖξαι,
1139 2744 1179 2802 ότι
1202 2744 1241 2818 μὴ
1264 2743 1404 2820 ἐνέχονται
1419 2749 1454 2822 τῇ
1471 2741 1550 2824 αίτία,

256 2864 295 2934 ὡς
325 2863 439 2940 μεγάλα
468 2861 518 2937 μὲν
550 2862 704 2941 ὀφείλοντες
737 2863 849 2942 διδόναι,
881 2865 988 2943 μικροῖς
1019 2863 1044 2922 δ’
1058 2863 1235 2939 ἀμειβόμενοι
1266 2862 1313 2923 καί
1342 2865 1373 2923 τό
1399 2865 1461 2924 κατ’
1474 2862 1551 2936 ἀξίαν

257 2983 471 3055 ἐλαττονσῦντες.
507 2985 705 3062 φιλοτιμεῖσθαι
728 2986 778 3060 μὲν
801 2986 854 3064 γὰρ
878 2984 921 3044 ἐπὶ
946 2984 1061 3065 δωρεαῖς
1084 2985 1144 3055 τοὺς
1167 2985 1363 3060 βασιλεθσντοις
1384 2985 1432 3045 καί
1453 2987 1551 3057 ταύτας
1607 3071 1608 3084 γ

257 3108 370 3186 διαιρεῖν
392 3105 439 3166 καί
462 3105 606 3183 ἀπονέμειν
628 3109 685 3178 τοῖς
708 3107 878 3186 κατὰλόγον
893 3107 1115 3185 ὑποδεχομένοις,
1139 3106 1276 3167 τοῦτοκαὶ
1293 3107 1418 3181 βασιλεῖς
1434 3106 1551 3167 αι’ντοίέν
1607 3133 1608 3146 ¹

255 3233 397 3308 γροίμμοιοι
420 3229 590 3308 ῥητορεύουσι
613 3227 660 3289 καί
681 3229 743 3302 τσίις
765 3230 867 3306 λόγους
889 3235 938 3304 τῆς
959 3227 1022 3308 περί
1044 3229 1077 3287 τά
1099 3233 1209 3290 τοιαῦτα
1231 3231 1363 3310 πληροῦσι
1385 3229 1549 3308 φιλοτιμίας.

256 3349 278 3412 εί
311 3351 341 3412 δέ
363 3356 440 3412 τοῦτο
462 3349 523 3430 περί
546 3355 648 3422 πάντας
672 3353 768 3424 ἁπλῶς
793 3348 974 3426 ἐξητασμένον
999 3349 1028 3410 εὖ
1052 3351 1117 3429 ἔχον
1142 3351 1206 3430 ἐστί,
1237 3351 1262 3412 τί
1283 3373 1323 3423 τις
1346 3355 1378 3410 ἀν
1401 3351 1467 3430 φαίη
1489 3351 1551 3431 περί

255 3477 309 3532 τῶν
338 3471 456 3551 γνησίως
486 3474 662 3548 συνημμένων
689 3471 736 3530 καί
757 3473 879 3549 ἡκόντων
903 3473 974 3532 κατὰ
996 3475 1077 3548 γένος
1100 3471 1140 3543 είς
1163 3471 1287 3546 βασιλεῖς
1310 3471 1357 3532 καί
1379 3475 1551 3552 πανταχόθεν

255 3595 385 3672 λαμπρὰς
408 3592 454 3654 καί
471 3595 600 3672 μεγάλας
617 3593 843 3670 ἐπιδεικνυμένων
859 3593 905 3654 καί
921 3593 1161 3674 προβαλλομένων
1175 3594 1225 3665 τὰς
1241 3593 1374 3673 ἀφορμάς,
1398 3597 1469 3655 ὥστε
1485 3603 1551 3675 σφᾶς

256 3716 350 3786 σοίτοίνς
378 3715 510 3788 βασιλέας
532 3717 627 3794 τρόπον
651 3717 680 3774 όν
704 3717 806 3795 ἔφημεν
828 3718 1082 3796 προτεθυμημένους
1104 3713 1151 3774 καί
1174 3715 1359 3790 βουλομένους
1380 3718 1551 3798 χαρίζεσθαι,

256 3838 332 3910 είιθὺς
362 3839 484 3918 στρέφειν
507 3837 588 3910 όλους
610 3836 656 3897 καί
679 3838 826 3913 μεθέλκειν
849 3837 888 3909 είς
912 3839 1035 3916 ἑαυτούς,
1067 3835 1185 3912 ἧτοῖπο
1207 3835 1254 3896 καί
1276 3839 1354 3898 παντί
1377 3859 1429 3900 που
1453 3841 1549 3916 δῆλον.

255 3959 278 4021 εί
303 3956 333 4020 δὲ
356 3961 426 4021 τοῦθ’
440 3961 533 4040 οότως,
557 3961 605 4036 τὴν
628 3963 756 4020 κοινωνόν
781 3959 840 4035 ἐμοὶ
856 3965 902 4020 τοῦ
917 3963 1041 4040 κράτους,
1064 3961 1112 4034 τὴν
1127 3959 1305 4038 περιπόθητόν
1322 3981 1373 4035 μου
1391 3961 1551 4042 αθγοόσταν,

253 4085 367 4163 πότερον
391 4081 573 4158 βουληθεῖσαν
596 4083 706 4158 μᾶλλον
729 4081 775 4142 καί
799 4081 981 4157 αἰτησαμένην
1003 4088 1058 4154 πᾶς
1079 4103 1118 4153 τις
1141 4085 1173 4140 ἀν
1198 4081 1231 4142 ἐκ
1251 4083 1352 4154 παντός
1376 4083 1433 4162 ἐρεῖ
1453 4087 1552 4164 τρόπον

255 4205 359 4266 δίκαιον
376 4205 465 4276 αὺτοῖς
480 4205 515 4280 δὴ
530 4205 642 4283 τούτοις,
666 4198 705 4274 οἷς
721 4207 753 4262 ἀν
769 4202 816 4263 καὶ
831 4203 990 4282 βουληθείη,
1007 4203 1082 4274 εῐιθυς
1097 4201 1144 4262 καὶ
1158 4179 1311 4284 χρησασθαι
1326 4205 1551 4286 τετελεσμένοις,

255 4330 273 4402 ἢ
296 4329 335 4387 ότι
358 4329 396 4403 μὴ
420 4326 588 4402 βεβουληται
610 4326 720 4402 μαλλον
744 4325 815 4401 μηδὲ
838 4331 891 4385 τῶν
914 4325 1024 4385 δικαίων
1048 4327 1251 4400 μεταποιεῖσθαι
1273 4324 1321 4386 καὶ
1341 4327 1551 4410 εδλογωτοίτων,

361 4615 381 4680 ¹)
400 4617 473 4666 Inter
493 4615 672 4665 lese-132⁸.
745 4614 765 4676 ²)
784 4615 811 4664 Ζ.
827 4613 929 4664 mavult
942 4611 1049 4672 δικαίως.
1107 4615 1141 4679 ,3)
1161 4615 1321 4680 Recepimus
1333 4615 1479 4666 lectionem
1494 4635 1552 4683 pro·

254 4715 367 4778 positam
386 4727 402 4760 a
420 4711 447 4760 Z.
468 4727 514 4776 pro
534 4707 674 4778 δεδεγμένον
693 4709 799 4760 codicis.
