3166 5298
637 531 763 597 XVIII.
792 529 867 596 Sine
890 553 975 596 anno
999 539 1172 596 otmense.

264 699 324 754 Rex
332 697 484 770 Stephanus
494 699 591 753 Πυέαιι
599 698 739 768 confimat
746 698 906 752 monasterio
909 699 1104 766 ροσεωσίοιιιω
1111 695 1296 751 amasco-ioli
1303 695 1420 750 Sanctae
1429 695 1536 760 Μστὶυι,

764 803 832 857 dicti
850 800 1044 871 Sompelacum.

262 988 488 1069 Πρὸσταγμα
513 987 540 1067 γ’
565 988 834 1068 ἐπικυρωτικδν
865 985 918 1059 είς
946 987 1008 1061 τὴν
1037 987 1208 1047 ὑπόθεσιν
1238 991 1297 1047 τοῦ
1328 984 1382 1058 είς
1404 983 1538 1064 Τερλή-

758 1130 836 1170 σισν
860 1108 1048 1186 μετοχίσυ.

366 1271 381 1344 φ
405 1265 483 1326 Ἐπεὶ
505 1266 531 1326 σί
554 1264 668 1344 μοναχσὶ
690 1273 739 1342 τῆς
764 1265 826 1346 περὶ
846 1265 896 1338 ’τὰς
918 1267 1022 1347 Σέρρας
1046 1265 1074 1323 ἐν
1095 1263 1134 1345 τῷ
1157 1265 1213 1346 δρει
1236 1268 1282 1325 τοῦ
1302 1265 1464 1336 Μενοικέως
1486 1263 1539 1322 διτ-

259 1389 390 1464 κειμένης
418 1387 567 1464 σεβασμίας
597 1395 685 1465 μονῆς
706 1395 755 1464 τῆς
778 1385 817 1459 εἰς
844 1388 930 1462 ὄνομα
956 1389 1112 1463 τιμωμένης
1138 1391 1184 1447 τοῦ
1206 1386 1292 1462 τιμίου
1314 1390 1451 1467 προφήτου
1475 1387 1538 1464 Πρε-

260 1509 360 1592 δράμου
381 1509 427 1570 καί
445 1512 593 1570 Βαπτιστοϋ
609 1510 734 1570 Ἰωάννου
757 1516 806 1586 τῆς
829 1509 1024 1590 ἀναγερθείσης
1048 1509 1098 1584 μὲν
1120 1508 1195 1589 παρὰ
1216 1513 1261 1569 τοί
1285 1507 1430 1589 ἱερωτάτευ
1446 1527 1539 1586 μητρσ-
1571 1553 1572 1594 3

259 1632 370 1692 πολίτου
396 1633 503 1710 Ζιχνῶν
529 1630 576 1692 καὶ
603 1631 756 1712 ὑπερτίμου,
788 1631 944 1706 ἐκδοθείσης
973 1629 1003 1689 δὲ
1025 1631 1089 1710 παρ’
1101 1631 1180 1689 αὺτοῦ
1207 1632 1274 1710 πρδς
1299 1632 1345 1689 τδν
1372 1631 1539 1711 περιπόθητον
1571 1601 1572 1604 ¹

258 1753 383 1834 γαμβρδν
406 1761 455 1831 τῆς
478 1751 619 1827 βασιλείας
642 1749 726 1839 [μου],
749 1755 794 1812 τδν
817 1754 905 1830 μέγαν
929 1752 1097 1832 δσμέστικον,
1127 1755 1176 1831 κϋρ
1200 1753 1327 1828 Ἰωάννην
1353 1751 1539 1827 Παλαισλθγσν

257 1877 303 1934 τον
318 1876 552 1956 Καντακσυζηνδν,
575 1874 622 1934 καὶ
645 1875 821 1954 ἐφορισσμένη
837 1874 912 1956 παρὰ
925 1877 971 1935 τοῦ
985 1872 1069 1954 ’ίδίσυ,
1092 1873 1229 1952 ἀνέφερον,
1254 1874 1292 1945 ὡς
1312 1874 1326 1932 ὁ
1342 1873 1540 1952 θεοφιλέστατος

259 1997 405 2070 ἐπίσκοπος
420 1993 567 2080 Φερεμιθν,
591 1999 663 2075 ἔχων
687 1997 732 2056 διὰ
753 1994 957 2075 χρυσοβοθλλου
979 1993 1026 2054 καὶ
1048 1993 1136 2071 τιμίας
1151 2001 1349 2076 πατριαρχικῆς
1368 2002 1475 2075 γραφῆς
1489 1991 1540 2070 περὶ

257 2121 287 2180 τθ
303 2119 448 2198 Τριλῆσισν
472 2117 611 2200 μσνθδρισν
633 2120 663 2178 τδ
687 2115 725 2189 εἰς
747 2118 834 2192 θνομα
855 2118 1007 2192 τιμώμενον
1029 2123 1079 2192 τῆς
1101 2115 1249 2195 θπεραγίας
1265 2114 1403 2177 Θεοτάκου
1425 2115 1472 2176 καὶ
1486 2116 1538 2175 ἐτι-

257 2240 434 2317 κεκλημὲνης
460 2245 505 2302 τοῦ
527 2241 719 2318 Σομπελάκου,
750 2240 939 2320 προσεκύρωσε
969 2243 1046 2299 τοῦτο
1070 2237 1115 2297 διὰ
1145 2241 1307 2318 γράμματος
1331 2241 1412 2300 αὐτοῦ
1435 2247 1467 2322 τῇ
1489 2259 1539 2298 τοι·

258 2363 324 2444 αὐτη
352 2360 488 2444 σεβασμίφι
514 2369 593 2444 μονῇ,
627 2359 819 2440 παρεκάλεσαν
842 2363 931 2439 τυχεῖν
960 2358 1003 2419 ἐπὶ
1026 2360 1109 2440 τούτῳ
1132 2363 1348 2440 προστάγματος,
1379 2362 1398 2436 ἡ
1422 2359 1540 2435 βασιλεία

257 2504 308 2560 μου
338 2479 476 2559 δεξαμένη
506 2483 553 2558 τὴν
582 2482 681 2543 τούτων
703 2481 877 2561 παράκλησιν
906 2482 951 2542 τον
979 2482 1099 2560 παρόντα
1126 2483 1235 2560 θρισμδν
1263 2481 1427 2563 ἑπιχσρηγεῑ
1449 2483 1538 2558 αδτοίς,

258 2603 293 2665 δι’
305 2597 336 2666 σθ
357 2603 404 2666 καὶ
428 2605 579 2684 διορίζεται,
602 2605 730 2682 κατέχειν
743 2605 848 2678 Ιαῐντοὶις
870 2601 917 2663 καὶ
934 2602 978 2675 είς
999 2604 1029 2663 τδ
1045 2601 1111 2680 ἑξῆς
1126 2606 1155 2664 τδ
1170 2608 1288 2665 τοιοῦτον
1306 2603 1450 2686 μσνθδριον
1467 2599 1538 2662 ἀνεν-

256 2725 386 2806 οχλήτως
407 2725 455 2786 καὶ
478 2725 653 2797 άδιασείστως
675 2726 746 2786 κατὰ
772 2727 820 2802 τῆν
843 2725 988 2804 περίληψιν
1011 2731 1057 2786 τοῦ
1081 2725 1207 2800 δοθέντος
1229 2731 1392 2808 γράμματος
1415 2731 1461 2788 τοῦ
1482 2729 1538 2786 θεσ-

255 2848 415 2929 φιλεστάτου
438 2849 583 2909 ἐπισκδπσυ
599 2847 735 2928 Φερεμὼν
757 2845 804 2908 καὶ
826 2849 864 2920 ὡς
888 2847 1042 2928 ἐθιωρίσατο
1067 2840 1153 2922 οὗτος,
1177 2850 1214 2922 ὡς
1235 2849 1400 2930 δεδήλωται,
1417 2847 1465 2910 καὶ
1478 2869 1538 2908 κατ·
1571 2837 1572 2842 ’

255 2975 315 3049 εἶχε
337 2965 447 3042 τ’σθτος
470 2967 518 3031 καὶ
539 2970 577 3042 ὡς
599 2971 758 3048 κατέχουσιν
781 2961 851 3029 οὗτοι
875 2970 937 3030 αθτδ
953 2971 1035 3050 μέχρι
1055 2973 1171 3051 τσῦνῦν,
1187 2967 1287 3047 καὶμὴ
1304 2971 1437 3051 εὑρίσκειν
1453 2969 1538 3040 αὐτοὺς

254 3096 328 3174 παρά
350 3113 428 3154 τινων
450 3091 679 3154 καταδυναστείαν
701 3089 828 3152 τινὰκαὶ
850 3091 1023 3170 διενθχλησιν
1047 3091 1087 3165 είς
1109 3113 1133 3152 τι
1155 3097 1209 3152 τῶν
1232 3092 1354 3173 δικαίων,
1386 3095 1426 3166 ὡς
1448 3091 1493 3154 καί
1514 3093 1537 3151 τί

254 3217 339 3295 ταρδν
362 3222 411 3292 τῆς
435 3213 579 3290 βασιλείας
602 3235 653 3290 μου
675 3217 837 3296 πρόσταγμα
860 3213 1001 3294 διορίζεται
1025 3219 1050 3292 †.

357 3332 482 3414 βΕίχε
506 3336 541 3396 δὲ
564 3333 619 3396 καί
643 3335 840 3417 δι’ἐρυθρῶν
862 3336 1068 3416 γραμμάτων
1089 3343 1148 3412 τῆς
1171 3335 1355 3412 βασιλικῆς
1376 3334 1433 3396 καὶ
1456 3335 1538 3404 θείοις

254 3459 369 3536 χειρίς
390 3461 439 3517 τθ·
464 3459 629 3537 Στέφανος
651 3457 745 3537 κράλ.
769 3462 796 3530 ί.

359 3585 503 3640 Ιοσιιιιίάω
519 3585 571 3640 Nr.
587 3587 614 3638 3.

651 3871 743 3937 XIX.
769 3873 844 3938 Sine
867 3895 951 3938 anno
975 3883 1148 3938 otmense.

255 4053 316 4107 Ra
329 4051 482 4124 Stephanus
493 4052 592 4108 ὒυάαιι
604 4052 746 4122 confimat
757 4055 925 4110 άοτιαίίσιιιιιη
931 4055 1039 4124 saetam
1051 4053 1212 4110 monasterio
1224 4071 1242 4108 ιι
1253 4055 1395 4112 άσιιιαιίίοσ
1405 4058 1534 4112 Μαοτισο.

254 4253 460 4334 Πράσταγμσι
483 4255 506 4314 δ’
532 4255 772 4336 ἐπικυρωτικδν
796 4254 843 4328 είς
865 4257 923 4331 τὴν
946 4263 1007 4316 τῶν
1031 4255 1053 4338 ρ’
1080 4251 1314 4342 [νομισμάτων]
1339 4256 1536 4334 οἰκονομίαν,

546 4380 583 4453 ῆν
608 4363 736 4437 έδωκὲν
759 4379 774 4435 θ
797 4377 999 4453 δομὲστικσς
1021 4379 1035 4437 ὁ
1058 4379 1248 4458 Μακρῆνσς,

355 4555 371 4627 †
394 4548 472 4609 Ἐπεὶ
495 4550 520 4609 σί
543 4548 659 4629 μσναχοὶ
682 4555 728 4612 τσῦ
750 4549 811 4630 περὶ
827 4551 876 4624 τὰς
891 4552 995 4633 Σέρρας
1018 4551 1196 4631 μοναστηρίου
1211 4555 1257 4611 τοῦ
1272 4550 1360 4626 τιμίου
1377 4547 1532 4639 [προφῆτουβ

255 4671 412 4754 Προδράμσυ
434 4672 480 4734 καί
496 4673 645 4734 Βαπτιστσῦ
662 4675 787 4734 Ἰωάννου
810 4674 948 4755 ἀνέφερον,
972 4676 1010 4733 ὅτι
1034 4677 1071 4746 ὡς
1094 4675 1236 4755 διωρίσατο
1255 4675 1273 4748 ἡ
1290 4671 1418 4750 βασιλεία
1433 4697 1483 4751 μου
1498 4671 1535 4732 διά
