3166 5298
228 343 288 410 118

223 546 274 616 τῆς
294 539 418 614 τοιαίτης
439 540 544 619 χώρας,
566 539 605 611 ὡς
627 541 659 598 ἂν
681 537 862 618 παραδώσωσι
883 539 950 614 πρδς
973 538 1051 598 αδτδν
1073 539 1122 613 τὴν
1144 539 1289 614 ποσότητα.
1318 537 1361 597 διδ
1383 536 1414 597 δὲ
1438 537 1519 598 οὐδέν

226 661 323 740 έφθασε
345 660 472 736 γενέσθαι
494 663 570 720 τοῦτο
592 660 656 740 παρ’
670 662 766 740 αὐτῶν,
789 659 886 735 συνέβη
910 657 1011 719 δὲκαὶ
1033 657 1072 732 εἰς
1093 659 1127 720 τὰ
1141 662 1290 740 πράγματα
1305 660 1441 738 σύγχυσις,
1465 659 1520 718 ἀν-

226 781 328 862 έδραμε
350 781 433 842 πολιν
456 782 471 839 ό
494 782 573 854 αἰιτδς
588 782 726 862 Μαρτῖνος
748 776 827 866 [πρδς
847 781 897 856 τὴν
921 780 1061 854 βασιλείαν
1078 777 1140 868 μου]
1162 780 1210 842 καὶ
1232 783 1347 858 ἐζήτησε
1367 781 1414 841 καὶ
1428 801 1520 861 παρε-

224 903 328 964 καλεσε
352 899 401 977 καί
431 902 512 978 ἐδόθη
541 904 608 983 πρός
638 904 715 963 αιίτδν
745 904 776 962 τό
805 906 922 964 τοιοῦτον
952 902 1082 982 οἰγρίδιον,
1113 903 1211 984 ἀρτίως
1233 902 1266 963 δέ
1289 903 1447 986 ότητησατο
1468 903 1521 977 τὴν

226 1025 334 1100 ζήτησιν
359 1021 407 1084 καί
435 1023 563 1103 διαφορὰν
589 1021 651 1105 περὶ
676 1028 723 1084 τοῦ
745 1023 866 1103 ἀγριδίου
877 1023 900 1105 ¹)
923 1024 938 1082 ὁ
961 1022 1119 1104 διαληφθεὶς
1141 1025 1349 1103 θεοφιλέστατος
1372 1023 1523 1097 ἐπίσκοπος

226 1147 342 1224 Ζιχνῶν,
366 1145 514 1224 ἐμφανίσας
535 1147 602 1226 πρός
625 1147 705 1222 αἰνιὴν
727 1148 758 1206 τό
781 1146 990 1226 ἑπιχορηγηθέν,
1014 1149 1052 1219 ὡς
1075 1145 1187 1226 εἴρηται,
1210 1147 1368 1229 τῇτοιοιίιτη
1383 1147 1523 1230 σεβασμίᾳ

227 1273 297 1350 μονῇ
326 1266 530 1346 χρυσόβουλλον
559 1266 606 1328 καί
635 1267 834 1349 παρεκάλεσεν,
865 1269 904 1339 ὡς
931 1270 963 1327 ἂν
994 1267 1038 1327 διὰ
1067 1269 1116 1343 τὴν
1140 1266 1214 1346 ἰσχὺν
1235 1267 1283 1327 καὶ
1303 1267 1452 1347 περίληψιν
1474 1273 1523 1328 τοῦ

228 1389 429 1468 διαληφθέντος
443 1387 647 1468 χρυσοβοόλλου
670 1387 816 1468 διορίσηται
837 1390 855 1462 ἡ
879 1387 1006 1462 βασιλεία
1029 1409 1081 1464 μου
1103 1387 1150 1448 καί
1165 1388 1341 1471 ἰκανατοιηθῇ
1358 1389 1523 1467 ἀλλαχόθεν

227 1511 242 1568 ό
273 1508 431 1588 διαληφθεὶς
453 1505 606 1596 σεβίαστδς]
629 1511 766 1590 Μαρτϊνος
786 1511 817 1571 τό
840 1510 1017 1589 ὀφειλόμενον
1039 1515 1115 1571 τοῦτο
1139 1512 1332 1591 διαπρακτικδν
1353 1513 1438 1572 ποσόν
1463 1511 1523 1571 ἀντὶ

226 1635 273 1692 τοῦ
300 1630 495 1712 διοιληφθέντος
523 1631 645 1711 ἀγριδίου
670 1633 741 1692 κατὰ
762 1633 793 1692 τό
816 1633 1000 1712 ἀνυστέρητον,
1029 1633 1060 1692 τό
1084 1632 1115 1691 δὲ
1136 1636 1253 1692 τοιοῦτον
1277 1632 1398 1714 ἀγρίδιον
1423 1633 1523 1693 Μονό-

228 1773 327 1829 σπητον
349 1753 499 1830 κατέχηται
521 1753 604 1812 πάλιν
626 1753 700 1832 παρὰ
721 1759 771 1829 τῆς
794 1751 938 1832 εἰρημένης
961 1753 1110 1828 οεβαομίας
1133 1760 1228 1832 μονῆς,
1251 1754 1334 1832 Ιἰὶγουν
1356 1754 1524 1828 ἠβασιλεία

229 1894 279 1950 μου
303 1874 349 1934 διό
369 1875 417 1950 τὴν
439 1874 518 1951 τιμὴν
540 1875 747 1954 προηγουμένης
771 1869 918 1958 [πράξεως]
926 1870 952 1958 ²)
974 1873 1021 1934 καί
1042 1876 1073 1933 τό
1096 1874 1265 1936 ἀκατοίλυτον
1285 1880 1331 1934 τοῦ
1346 1874 1524 1951 δηλωθέντος

227 1994 444 2077 χρυσοβοόλλου,
468 1997 506 2056 ἔτι
529 1996 560 2056 δὲ
582 1994 630 2056 καί
652 1996 696 2056 διόι
717 1999 765 2072 τὴν
788 1995 849 2076 περὶ
870 1997 962 2057 τοὺτου
986 1997 1092 2073 ζήτησιν
1111 1995 1159 2056 καί
1172 1997 1345 2075 παράκλησιν
1360 2001 1406 2058 τοῦ
1423 1997 1524 2074 δηλω-

228 2117 321 2190 θέντος
350 2119 556 2197 θεοφιλεστάτου
583 2118 727 2178 ἐπισκόπου
750 2119 856 2196 Ζιχνῶν
887 2117 989 2178 δίκαιον
1020 2115 1067 2178 καί
1094 2116 1209 2195 εὔλογον
1237 2118 1409 2197 λογισαμένη
1432 2124 1524 2198 τοῦτο,

230 2240 290 2318 ἔχει
313 2238 423 2316 θέλημα
446 2241 492 2300 καί
515 2239 657 2318 διορίζεταί
680 2261 721 2298 σοι
743 2235 839 2326 [οἰκεία
861 2245 894 2322 τῇ
918 2237 1045 2322 βασιλείᾳ
1067 2260 1128 2318 μου,
1155 2240 1264 2318 κεφαλὴ
1286 2235 1429 2325 Βολεροϋ].
1464 2239 1524 2300 ἐπεὶ
1581 2279 1582 2286 1

230 2359 379 2442 εὑρίσκεται
400 2359 461 2440 περὶ
483 2361 532 2433 τὰς
546 2361 651 2440 Σέρρας
671 2362 690 2434 ἡ
712 2357 863 2441 οἰκονομία,
886 2363 920 2436 ἣν
942 2355 1018 2438 είχεν
1040 2363 1055 2420 ό
1078 2361 1146 2441 ἀνὴρ
1167 2367 1217 2437 τῆς
1236 2362 1369 2442 θυγατρός
1383 2365 1430 2422 τοῦ
1447 2363 1523 2422 Ῥω-

230 2481 311 2558 μαίου
334 2481 438 2542 ἐκείνου
461 2484 475 2542 ό
499 2483 658 2563 Σαρακηνδς
679 2481 841 2562 λεγόμενος,
863 2484 1012 2557 ποσότητος
1034 2477 1109 2562 οὖσα,
1137 2485 1176 2555 ὡς
1198 2483 1358 2560 ἀνηγγέλθη
1379 2488 1414 2564 τῇ
1438 2483 1523 2557 βασι-

229 2602 295 2686 λείφι
317 2624 379 2683 μου,
410 2601 581 2680 νομισμάτων
602 2602 641 2682 π’,
672 2607 705 2680 ἦν
732 2606 845 2683 κατέχει
869 2604 965 2684 ἀρτίως
986 2605 1004 2678 ἡ
1027 2605 1094 2683 γυνὴ
1119 2603 1232 2684 ἐκείνου,
1262 2602 1324 2684 παρ’
1339 2604 1451 2685 όρισμδν
1474 2613 1525 2682 τῆς

231 2725 374 2800 βασιλείας
396 2747 457 2806 μου,
480 2725 656 2806 προλαβοῦσα
677 2724 724 2786 καί
746 2724 786 2799 εἰς
808 2725 956 2802 συνοίκησιν
980 2725 1106 2802 ἀθέσμως
1128 2725 1280 2806 ὑποχείριον
1305 2729 1396 2805 αίιτῆς,
1428 2747 1524 2808 παρα-

231 2848 327 2920 διίιοεις
357 2848 410 2908 οἰπδ
436 2849 534 2925 ταύτης
555 2850 623 2930 πρός
644 2849 689 2908 τόν
712 2848 873 2924 δηλωθέντα
894 2843 1048 2933 [σεβαστόν]
1071 2847 1209 2926 Μαρτῑνον
1232 2847 1362 2928 ἀκεραίαν
1384 2847 1432 2908 καί
1455 2849 1524 2908 οἰνυ-

231 2971 358 3050 στέφητον
382 2970 414 3030 ἐκ
434 2977 484 3047 τῆς
507 2965 582 3056 [τῶν]
604 2968 633 3048 χ’
651 2972 821 3046 νομισμάτων
835 2971 992 3048 ποσότητος,
1017 2967 1055 3041 εἰς
1069 2971 1103 3044 ἣν
1117 2967 1330 3050 καταγράφεται,
1354 2971 1392 3042 ως
1407 2969 1524 3050 εἴρηται,

232 3092 277 3154 διὰ
297 3095 445 3172 πρακτικοῦ
468 3093 598 3153 εἰστοῦτο
621 3091 745 3169 δηλωθὲν
767 3091 897 3171 οἰγρίδιον,
925 3091 973 3166 τὴν
997 3091 1028 3151 δὲ
1052 3093 1146 3172 ἑτέραν
1167 3094 1303 3168 ποσότητα
1325 3093 1373 3167 τὴν
1397 3093 1451 3153 ἀπό
1473 3101 1525 3168 τῆς

231 3215 355 3290 τοιαίτης
377 3209 533 3288 οἰκονομίας
554 3215 697 3294 κρατήσεις
718 3211 765 3273 καί
786 3213 993 3294 περιορίσειςί),
1015 3213 1093 3290 λέγω
1108 3217 1154 3273 τοῦ
1170 3212 1307 3292 δημοσίου,
1331 3214 1386 3274 ἔστ’
1398 3217 1431 3274 ἂν
1446 3215 1525 3296 όρίση

231 3333 292 3414 περὶ
315 3337 397 3411 αὐτῆς
418 3338 436 3410 η
460 3334 587 3409 βασιλεία
609 3355 671 3414 μου,
694 3336 755 3394 όσον
779 3335 908 3414 διακρίνει
929 3333 977 3394 καί
999 3335 1058 3413 ἔχει
1080 3335 1200 3414 θέλημα,
1222 3336 1290 3414 πρός
1309 3334 1341 3394 δὲ
1360 3337 1409 3412 την
1426 3337 1524 3412 δηλω-

232 3459 323 3518 θεῖσαν
346 3456 494 3533 σεβασμίαν
517 3458 602 3533 μονὴν
626 3456 777 3528 ἀποδώσεις
798 3458 829 3517 τδ
850 3460 967 3516 τοιοῦτον
990 3455 1111 3536 ἀγρίδιον
1133 3457 1163 3516 τό
1179 3457 1368 3538 Μονόσπητον,
1390 3455 1438 3518 καί
1453 3479 1525 3518 κατ-

233 3582 330 3657 έχηται
351 3578 398 3639 καὶ
420 3581 534 3656 νέμητιιι
557 3581 620 3638 αότδ
639 3581 716 3638 τοῦτο
732 3577 925 3657 ἀνενοχλήτως
939 3576 986 3638 καί
1002 3577 1177 3651 ἀδιασείοτως
1192 3580 1262 3638 κατὰ
1276 3585 1365 3639 πᾶσαν
1380 3582 1430 3654 τὴν
1447 3577 1524 3659 ἰσχίον

231 3700 278 3762 καὶ
299 3703 443 3780 τεριληψιν
464 3706 509 3761 τοῦ
523 3703 822 3782 προεπιχορηγηθέντος
839 3703 914 3784 αἰτῇ,
936 3702 1028 3774 καθὼς
1044 3700 1157 3782 εἴρηται,
1179 3700 1387 3782 χρυσοβοόλλοο
1401 3709 1453 3780 τῆς
1470 3702 1524 3778 βα-

233 3823 338 3896 σιλείας
353 3845 414 3906 μου,
437 3823 483 3884 καί
497 3823 608 3900 ποίησον
623 3823 693 3883 κατὰ
708 3825 737 3882 τό
751 3825 837 3901 παρόν
852 3825 1021 3904 πρόσταγμα,
1043 3825 1057 3882 ’ό
1072 3821 1119 3883 καὶ
1135 3823 1307 3904 οἰντίστρεψον
1324 3822 1368 3884 ἐπὶ
1384 3822 1422 3904 τῷ
1437 3845 1524 3906 προσ-

234 3950 302 4008 εῖναι
324 3953 357 4028 τη
381 3945 534 4026 δηλωθείτη
554 3944 689 4027 σεβασμίᾳ
709 3951 778 4026 μονῇ
794 3943 834 4016 εἰς
849 3945 1008 4024 ἀσφάλειαν.
1032 3945 1084 4004 ἀπό
1101 3944 1131 4005 δὲ
1146 3952 1196 4021 τῆς
1211 3945 1352 4006 ἐπιλοίπου
1368 3943 1525 4022 οἰκονομίας

233 4077 282 4148 της
305 4068 475 4146 δηλωθείσης
490 4068 630 4143 Ῥωμαίας
652 4067 762 4144 θέλημα
785 4069 839 4148 ἔχη
860 4069 878 4142 ἡ
903 4067 1029 4141 βασιλεια
1051 4088 1113 4146 μου,
1137 4067 1175 4140 ὡς
1196 4066 1242 4128 καί
1267 4069 1393 4148 ἀνωτέρω
1410 4068 1523 4150 εἰρηται,

232 4193 277 4252 ίνα
299 4191 386 4268 μηδὲν
409 4191 544 4272 ἐπιδὼτης
561 4193 628 4270 πρός
648 4211 705 4250 τινα
726 4191 809 4270 μέχρι
827 4187 874 4248 καὶ
893 4193 938 4249 τοό
954 4185 1133 4276 [ἑλαχίστουβ
1151 4189 1245 4266 ἐπειδὴ
1261 4189 1390 4271 γνωρίσαι
1407 4191 1525 4267 μέλλεις

235 4313 269 4372 δι’
282 4314 372 4393 ἑτέρου
394 4309 601 4392 προστάγματος
620 4313 651 4372 τό
669 4309 731 4391 περὶ
750 4313 847 4388 τοιότης
861 4312 973 4387 θέλημα
986 4309 1033 4371 καὶ
1048 4313 1078 4370 τ“ο
1094 4312 1191 4391 όρισμα
1206 4319 1255 4388 τῆς
1271 4311 1414 4387 βασιλείας
1430 4307 1489 4390 μου
1498 4317 1523 4390 †.

340 4599 359 4665 ¹)
378 4599 409 4648 In
428 4598 579 4665 apographo
597 4597 618 4647 Ι.
638 4597 681 4647 hic
703 4599 828 4647 inseritur
845 4592 904 4663 πρὸς
923 4593 965 4660 τὴν
983 4593 1108 4661 βασιλείαν
1127 4612 1183 4662 μου,
1206 4595 1279 4661 quod
1297 4597 1420 4662 superius
1439 4598 1522 4649 haben

234 4697 263 4745 in
281 4701 418 4746 contextu.
488 4695 509 4759 ²)
528 4692 723 4759 Supplevimus.
795 4693 815 4758 Ι)
833 4689 983 4759 περιορησεις
1002 4691 1024 4741 Ι.
