3166 5298
1287 373 1330 438 83

57 561 136 641 χωρίον
160 563 210 638 τήν
233 561 449 642 Ζελοχοβίσταν,
479 565 510 624 τό
539 563 641 644 χωρίον
667 563 715 640 τἠν
738 563 869 643 Ψεάδαν,
898 567 928 624 τό
950 567 1042 626 τότιον
1064 566 1113 642 τήν
1136 565 1329 648 Σανόοβίτζαν,

56 684 78 742 τό
94 683 184 763 χωρίον
211 684 262 760 τὴν
286 684 498 765 Ἀθριχοβίσταν,
529 687 559 746 τό
582 685 684 766 χωρίον
710 688 759 762 τήν
782 685 934 768 Γλοξίανιν,
963 689 994 748 πθ
1015 689 1118 769 χωρίον
1140 690 1170 750 τό
1193 687 1327 770 Γαρδίκιν,

55 803 186 884 τ’σχωρίον
208 805 258 880 τήν
281 805 459 886 Λεαυοίσταν,
482 807 513 866 τό
535 808 638 887 χωρίον
660 809 706 867 τὀν
728 808 929 888 Τριστεάνικον,
952 809 983 868 τό
1004 810 1106 891 χωρίον
1128 811 1178 884 τὴν
1201 809 1329 890 Τρεαβο-

55 921 165 1006 βιόίοταν,
185 927 217 985 τό
239 926 343 1007 χωρίον
364 927 413 1002 τήν
428 927 603 1008 Νοβοσέλην,
626 930 657 988 τό
679 927 781 1008 χωρίον
796 929 846 1004 τὴν
862 929 1039 1010 Ἀρόομίστοιν
1054 928 1101 991 καί
1115 931 1150 990 τὰ
1163 925 1224 1011 τρία
1240 931 1329 990 ἐκεῖσε

55 1047 144 1127 βιβίρια
171 1048 270 1128 αιίτῶν,
299 1049 451 1126 κατέχωσιν
481 1051 675 1128 ἀνενοχλήτως
696 1053 783 1126 πάντη
806 1047 854 1109 καί
876 1049 1063 1126 ἀδιασείστως,
1085 1053 1178 1124 καθὼς
1200 1055 1329 1130 κατεῖχον

54 1173 118 1228 τκίτα
138 1167 183 1228 ναί
204 1171 352 1250 πρότερον·
380 1173 519 1248 κατέχωοι
542 1169 572 1231 δὲ
596 1171 726 1242 ὡσαύτως
747 1168 796 1230 καί
818 1171 870 1230 ὅσα
890 1169 1129 1250 προσεπεθόθησαν
1153 1174 1243 1243 αυτοῖς
1256 1173 1331 1252 παρὰ

55 1295 89 1348 τοί
105 1291 279 1370 περιποθήτου
300 1290 427 1371 γαμβροῦ
448 1296 498 1366 τῆς
521 1290 664 1365 βασιλείας
687 1311 748 1370 μου,
764 1295 811 1352 τοῦ
825 1295 957 1374 πιγκέρνη
973 1293 1123 1373 Συργιάννη
1138 1298 1185 1353 τοῦ
1200 1294 1329 1354 Παλαιο-

55 1411 131 1490 λόγου,
156 1413 240 1491 ἤγουν
267 1414 298 1472 τό
324 1413 426 1492 χωρίον
452 1413 501 1488 τὴν
524 1407 637 1494 Σίππαν,
667 1415 698 1473 τό
725 1412 827 1494 χωρίον
849 1413 898 1488 τήν
921 1413 1089 1492 Ῥαόοτόβιν,
1121 1417 1153 1475 τό
1175 1415 1276 1496 χωρίον
1299 1418 1329 1476 τό

55 1533 197 1613 Δρεάνοβον,
220 1535 251 1594 τό
272 1532 375 1614 χωρίον
398 1533 433 1594 τὰ
449 1535 622 1620 Φρεάστονα,
644 1536 675 1594 τό
697 1534 798 1614 χωρίον
817 1536 866 1610 τὴν
881 1533 1037 1616 Λιπνίτζαν,
1059 1536 1090 1596 τό
1104 1535 1207 1618 χωρίον
1222 1539 1253 1597 τό
1268 1539 1329 1597 Κο-

54 1657 152 1734 τάντζιν,
180 1657 211 1715 τό
240 1655 343 1736 χωρίον
371 1656 420 1730 τήν
447 1657 590 1736 Στριίιμην,
620 1658 650 1716 τό
679 1655 781 1736 χωρίον
812 1657 859 1730 τήν
886 1655 1050 1737 Δρεαβοψόιν
1080 1656 1127 1718 καί
1154 1660 1184 1718 τό
1208 1656 1247 1730 εἰς
1269 1659 1331 1730 τοὺς

53 1775 149 1849 Ψάθους
162 1777 309 1856 ἁμτέλιον,
330 1773 386 1862 [τὰ]
402 1776 493 1856 χωρία
507 1779 556 1852 τὴν
572 1777 703 1853 Κατάνην
719 1775 766 1837 καί
780 1777 811 1836 τό
826 1776 971 1856 Κρεχοβθν
987 1777 1033 1838 καί
1049 1780 1079 1838 τό
1093 1777 1155 1859 περί
1171 1779 1219 1854 τὴν
1234 1779 1330 1857 Βαγε-

53 1899 123 1957 νετίαν
143 1897 268 1972 λιβάόιον
290 1900 339 1974 τήν
361 1897 543 1970 Σκουτίτζαν·
566 1898 611 1958 ίνα
633 1898 665 1958 δὲ
689 1899 774 1976 ἔχωσι
796 1899 830 1958 τὰ
851 1899 960 1958 τοιαότα
981 1900 1070 1978 χωρία
1093 1899 1164 1975 μετὰ
1185 1905 1235 1974 τῆς
1250 1919 1330 1980 περι-

53 2026 108 2096 οχῆς
126 2020 168 2080 κεί
188 2025 278 2097 νομῆς
299 2017 346 2080 καὶ
368 2024 421 2080 τῶν
445 2019 556 2080 δικαίων
581 2017 679 2099 αίιτῶν,
703 2019 781 2079 ἀλλὰ
801 2017 835 2093 δὴ
851 2019 966 2080 καὶτῶν
982 2019 1011 2080 ἐν
1027 2021 1116 2088 αυτοῖς
1134 2021 1330 2100 εὑρισκομένων

52 2139 165 2213 λιβαόίων
188 2141 276 2201 αἰτῶν
298 2141 495 2222 ἀναραιρέτως,
520 2136 734 2214 ἁναποσποίστως
755 2141 803 2201 καί
826 2141 1031 2219 οἰνενοχλήτως.
1055 2139 1116 2200 ἐπεί
1132 2140 1163 2200 δέ
1179 2141 1204 2200 οί
1219 2145 1330 2201 τοιοῦτον

52 2261 176 2340 κιοτρηνοί
190 2259 392 2322 Ἰωαννινιῶται
416 2261 550 2338 ἐζήτησαν
573 2260 620 2320 καί
641 2261 845 2342 παρεκάλεσαν,
868 2262 912 2322 ίνα
934 2261 968 2321 τὰ
989 2265 1116 2338 κτήματα
1139 2263 1237 2342 αὑτῶν,
1262 2264 1331 2342 άπερ

52 2381 176 2462 διορίζεται
196 2384 215 2458 ή
239 2383 368 2458 βασιλεία
391 2403 443 2458 μου
459 2383 533 2461 ἔχειν
551 2383 645 2455 αὺτοίις
660 2381 707 2444 καὶ
722 2381 767 2442 aa&
781 2387 828 2443 τοῦ
841 2386 976 2464 παρόντος
989 2382 1207 2464 χρυσοβοίνλλου,
1224 2385 1332 2464 στέργει

51 2502 89 2576 εἠν
114 2503 149 2576 είς
174 2508 259 2564 ταῦτα
285 2504 408 2582 κατοχὴν
435 2503 482 2564 καί
509 2505 596 2581 νομὴν
623 2506 721 2585 αίιτῶν,
744 2507 795 2564 κάν
818 2505 884 2564 όπου
909 2505 962 2586 ἄρα
982 2503 1029 2564 καί
1051 2501 1101 2564 ὦσι
1123 2508 1207 2564 ταῦτα
1231 2503 1331 2585 ἐκεῖσε,

50 2623 113 2683 αἰόὲν
134 2626 232 2703 ἔχωσιν
257 2625 351 2686 άόειοιν
372 2627 476 2685 πωλεῖν
498 2625 558 2685 τινὰ
580 2626 632 2685 ἀπό
655 2625 754 2685 τούτων
776 2625 844 2705 πρός
860 2625 980 2707 ἄρχοντα
995 2625 1105 2686 τοτιιιόν
1121 2627 1139 2699 ή
1156 2619 1331 2706 στρατιώτην,

52 2743 69 2803 εί
95 2747 129 2821 μὴ
156 2745 304 2808 διαπωλεῖν
331 2747 398 2808 αίιτόι
424 2748 509 2808 πάλιν
536 2749 604 2828 πρός
630 2748 806 2827 καστρηνοὺς,
829 2746 911 2828 ὁρίζει
933 2748 952 2825 ἠ
975 2746 1104 2823 βασιλεία
1128 2767 1179 2823 μου
1201 2744 1249 2807 καί
1272 2748 1331 2826 ἔχει

52 2865 155 2946 θέλημα,
177 2867 221 2928 ίνα
245 2867 389 2950 ἐνεργήται
408 2868 506 2948 ρότως,
529 2868 622 2939 καθὼς
644 2866 719 2928 αθτοί
742 2865 918 2951 ἐξῃτήσαντο,
941 2865 988 2929 καί
1010 2867 1074 2928 οθδέ
1090 2867 1206 2946 δέχηταί
1220 2889 1260 2940 τις
1276 2847 1345 2928 τῶν

53 2987 160 3048 ίπιίντων
183 2987 214 3062 ἐξ
236 2989 324 3048 αίιτῶν
347 2987 387 3061 εἰς
408 2994 502 3065 κτῆμα
525 2991 604 3049 αὑτοῦ
625 2992 756 3070 πάροικον
779 2989 882 3070 ἐτέρου.
911 2988 949 3048 ἐτι
973 2987 1032 3050 ἐπεὶ
1055 2989 1069 3047 ό
1092 2987 1230 3066 δηλωθείς
1251 3009 1331 3070 περι-

52 3110 152 3184 πόθητος
176 3109 303 3190 γαμβρός
329 3093 544 3186 τήςβασιλείας
567 3131 629 3191 μου,
658 3109 672 3168 ό
694 3111 853 3190 τιγκέρνης,
883 3105 963 3180 ἔταξε
987 3109 1032 3169 διὰ
1053 3112 1216 3188 γράμματος
1242 3109 1332 3189 αίποῦ,

54 3227 89 3288 'wa
114 3231 187 3292 σὐθέν
217 3233 361 3307 άπαιτήται
392 3232 467 3303 ὅλως
497 3229 528 3304 ἐξ
560 3231 646 3290 οιίυτῶν
677 3231 817 3310 βιολόγιον
843 3233 861 3305 ἢ
888 3230 1074 3310 καιτνολόγιον
1104 3231 1285 3310 ήνόμιστρον
1314 3233 1332 3304 ἢ

55 3347 162 3424 λιμναῖον
187 3354 291 3412 πάκτον
321 3355 339 3427 ἡ
369 3353 547 3431 ζεογολόγιον
577 3355 596 3427 ή
626 3352 744 3434 όρικὴή
776 3351 1016 3428 μελισοοεννόμιον
1038 3354 1056 3426 ή
1078 3349 1281 3431 χοιροδεκατία,
1315 3353 1333 3410 όί

56 3466 112 3544 ἐῆτα
136 3473 181 3533 καί
211 3473 398 3550 ἐπενοήθησαν
424 3475 476 3553 πρό
503 3471 599 3552 όλίγου
625 3471 672 3533 καὶ
700 3473 866 3548 ἐπετέθησαν
888 3471 963 3553 παρὰ
989 3477 1042 3532 τῶν
1074 3470 1260 3543 δεσποζόντων
1290 3469 1333 3529 ἐ’

56 3590 139 3673 νἰτοίς,
162 3595 221 3673 ἔχει
243 3596 356 3670 θέλημα
377 3596 395 3670 ή
419 3593 548 3669 βασιλεία
572 3615 633 3673 μου,
656 3593 699 3653 ἵνα
723 3592 895 3674 είιρίσκωνται
919 3593 944 3654 οί
958 3597 1072 3654 τοιοῦτοι
1087 3591 1264 3668 άναπαίτητοι
1280 3592 1333 3652 ἀπό

55 3717 97 3770 τῶν
117 3713 263 3796 εἰρημένων
285 3713 458 3796 καραλαίων,
482 3715 576 3788 καθὼς
599 3715 726 3792 δηλονότι
750 3715 904 3793 ἐτάχθησαν
927 3713 967 3788 είς
989 3719 1065 3776 τοῦτο
1085 3713 1160 3794 παρά
1174 3718 1220 3775 τοῦ
1236 3712 1333 3790 δηλω-

56 3831 133 3910 θέντος
152 3839 329 3920 περιποθήτου
350 3836 476 3918 γαμβροῦ
498 3843 548 3914 τῆς
571 3834 717 3912 βασιλείας
740 3857 801 3918 μου,
825 3841 871 3896 τοῦ
886 3837 1031 3918 πιγνέρνη,
1048 3835 1094 3896 καί
1109 3835 1173 3895 οίιδέ
1188 3835 1333 3914 ἀπογραφὴ

56 3957 151 4031 γένηται
171 3957 210 4032 εἰς
233 3959 337 4038 αῐιτοίις,
360 3959 454 4031 καθὼς
475 3957 522 4020 καί
542 3962 620 4020 τοίπο
643 3958 786 4038 ἐζήτησαν,
811 3952 888 4018 ἀλλὰ
911 3957 1066 4034 διαμείνωσι
1085 3956 1132 4018 καί
1143 3957 1242 4032 ταύτης
1258 3955 1333 4016 άνιίι-

56 4093 124 4155 τεροι,
143 4079 186 4140 ίνα
207 4080 239 4140 όέ
261 4076 326 4140 ὦσιν
349 4077 389 4151 είς
410 4079 459 4154 τὴν
482 4079 655 4159 άτοβίγλιοιν
676 4083 722 4139 τοῦ
737 4079 856 4139 τοιούτου
871 4080 987 4160 κάστρου
1002 4078 1050 4139 καί
1064 4079 1148 4139 πάλιν
1164 4077 1189 4138 οί
1203 4078 1333 4158 πρότερον

56 4203 197 4278 τΞτνγμένοι
224 4199 265 4274 εἰς
292 4205 369 4262 τοῦτο
394 4201 466 4261 κατὰ
492 4203 541 4276 τήν
567 4202 701 4282 προτέραν
723 4203 875 4280 συνήθειαν,
898 4198 945 4260 καί
972 4200 1050 4260 οίιδὲν
1078 4201 1286 4277 ἀναγκάζωνται
1309 4197 1334 4258 οἱ

56 4321 144 4382 tomi
164 4321 202 4394 εἰς
223 4323 273 4398 τὴν
294 4321 418 4398 τοιαύτην
442 4321 614 4403 ἀποβίγλισιν
635 4325 682 4382 τοῦ
704 4323 819 4402 κάστρου
843 4323 929 4381 αἰτῶν
951 4319 1038 4401 χωρίς
1057 4321 1181 4400 ἀνάγκης
1202 4317 1250 4380 καὶ
1272 4319 1334 4395 βίας

56 4441 114 4515 τινὸς
132 4451 252 4528 καιρικῆς
274 4445 534 4524 καταναγκαζοθσης
557 4443 597 4516 είς
618 4449 704 4505 τοῦτο.
732 4444 777 4504 ἵνα
799 4443 831 4504 δὲ
854 4443 1027 4524 είιρίσκωνται
1050 4441 1098 4502 καὶ
1120 4441 1146 4503 οί
1169 4443 1197 4501 ἐν
1219 4447 1252 4522 τῇ
1275 4461 1332 4501 τοι-

58 4563 111 4646 ωθιη
130 4567 206 4629 πόλει
230 4567 357 4628 Ἰουδαῖοι
380 4564 421 4640 είς
443 4566 601 4648 ἐλευθερίαν
624 4563 671 4625 καί
694 4563 893 4642 άνενοχληοίαν
912 4564 984 4623 κατὰ
1002 4563 1064 4636 τοίις
1078 4563 1192 4634 λοιποίις
1207 4560 1334 4634 ἐποίκους

59 4681 134 4762 ἲντῆς.
157 4687 213 4750 ἐπεί
236 4689 267 4749 δὲ
291 4689 411 4768 ἔφθασαν
434 4689 449 4746 ό
472 4689 551 4760 αέτός
571 4687 753 4767 περιπόθητος
775 4685 900 4766 γαμβρός
921 4690 972 4759 τῆς
995 4683 1141 4758 βασιλείας
1156 4704 1218 4764 μου,
1235 4684 1250 4741 ό
1265 4703 1331 4760 τιγ-

1092 4801 1124 4854 6*
