3194 5298
261 359 323 424 166

260 549 395 638 [θρᾴκης]
404 555 427 630 ¹)
450 551 576 636 διδῶσιῖ)
602 556 683 635 χάριν
709 553 877 634 κομμερκίου
900 552 939 624 είς
960 556 1098 630 ποσότητα
1120 556 1293 630 νομισμάτων
1301 551 1327 638 ¹)
1351 553 1374 634 ρ’
1397 553 1555 628 νομίσματα
1583 567 1584 602 1

261 674 298 755 β’,
322 673 362 746 εἰς
384 675 415 734 δὲ
437 676 498 748 τοθς
520 675 632 748 λοιποίις
653 678 756 748 πάντας
778 677 876 748 τόπους
897 673 944 736 καί
966 678 1062 754 χώρας
1083 673 1130 736 καὶ
1152 676 1261 747 σκάλας
1274 683 1323 752 τῆς
1340 674 1492 749 βασιλείας
1508 695 1556 748 μου

261 798 423 873 διαμένωσιν
447 797 577 878 ἀνώτεροι
599 793 771 872 ἀπαιτήσεως
793 797 961 878 κομμερκίου
983 797 1136 870 παντελῶς,
1161 797 1340 878 διατηρῶνται
1362 795 1395 858 δὲ
1417 794 1470 856 καί
1495 796 1558 854 ἔνθα
1584 816 1585 876 γ

260 923 293 980 ἀν
320 919 493 1000 εὑρίοκωνται
520 917 567 978 καὶ
592 925 753 980 κατοικῶσιν
780 919 961 998 ἀνενόχλητοι
987 917 1033 979 καὶ
1062 919 1115 980 άπδ
1142 925 1235 979 πασῶν
1258 919 1356 980 ἀλλων
1380 919 1491 980 δόσεων
1514 916 1559 976 καί

262 1037 446 1117 ἀπαιτῆσεων·
470 1041 665 1121 παρεκάλεσαν
688 1041 728 1116 δέ,
751 1040 796 1100 ἵνα
817 1041 918 1119 τύχωσι
941 1038 988 1101 καί
1011 1041 1045 1100 ἐκ
1066 1042 1127 1101 νέου
1150 1041 1307 1121 εὐεργεσίας
1329 1038 1401 1113 ἰδίας
1415 1040 1499 1119 παρὰ
1513 1045 1559 1114 τῆς

261 1162 404 1239 βασιλείας
427 1183 488 1241 μου,
513 1160 546 1222 δι’
554 1164 589 1238 ῆν
610 1163 670 1240 ἔχει
685 1164 774 1234 αίιτοῑς
788 1169 838 1239 τῆς
853 1163 994 1243 χάριτοςί)
1013 1164 1100 1242 ἔφεσιν
1116 1161 1163 1224 καὶ
1178 1158 1266 1242 όρεξιν
1283 1163 1436 1242 εὐεργετεῖν
1453 1163 1559 1230 πάντας

260 1285 323 1357 τοὺς
345 1283 386 1356 εἰς
407 1284 489 1359 αὐτὴν
512 1284 728 1364 ἀναφερομένους
747 1290 856 1355 πιστοὺς
871 1283 917 1346 καὶ
933 1285 1147 1360 εδϋπσλῆπτους·
1171 1287 1332 1367 προστάσσει
1347 1282 1394 1344 καί
1410 1267 1558 1365 διορίζεται
1585 1283 1586 1288 ’

261 1406 315 1481 ἤδη
342 1408 360 1481 ἡ
388 1405 516 1482 βασιλεία
543 1427 594 1481 μου
621 1406 777 1466 ἀπολύουσα
802 1409 848 1466 τόν
875 1407 996 1488 παρόντα
1016 1405 1222 1487 χρυσόβσυλλαν
1244 1407 1331 1485 λόγον
1354 1403 1486 1488 αὐτῆςὸ),
1518 1405 1559 1464 ἵνα

261 1529 360 1599 πάντες
382 1527 407 1588 οί
423 1527 663 1608 Μονεμβασιῶται,
686 1529 714 1590 οἵ
733 1551 763 1590 τε
787 1529 815 1588 ἐν
835 1531 1027 1612 τῆθεοσώστῳ
1041 1531 1123 1590 πόλει
1138 1527 1339 1605 Μονεμβασίας
1354 1533 1558 1598 κατοικοῦντες,

201 1721 204 1726 Ι
262 1649 339 1710 ἀλλά
362 1649 396 1724 δὴ
419 1647 466 1709 καί
488 1645 536 1734 [οἱ]
559 1650 659 1710 ἐκτῶν
677 1651 789 1730 Πηγῶν,
812 1649 859 1711 καί
874 1653 940 1712 ὅπου
956 1652 1009 1732 ἀρα
1024 1651 1196 1732 εόρίστιωνται
1211 1649 1258 1710 καί
1272 1657 1448 1732 κατοικῶσιν,
1475 1650 1517 1721 εἰς
1531 1671 1558 1708 τε

262 1771 310 1846 τὴν
332 1767 512 1844 θεοδόξαστον
537 1771 827 1854 Κωνσταντινσίιπολιν,
855 1772 910 1833 εἴτε
931 1772 978 1833 καὶ
1001 1773 1139 1854 ἀλλαχοῦ,
1162 1773 1320 1834 ἀπολοώωσι
1343 1773 1395 1849 μὲν
1418 1782 1471 1851 τῆς
1494 1773 1558 1849 ῆνθ)

263 1889 340 1972 εἶχον
366 1895 501 1976 προτέρας
524 1891 726 1976 ἑξκσυσσείαςί)
749 1895 795 1957 καί
818 1895 1018 1975 δεφενδεόσεως
1040 1894 1084 1956 διὰ
1105 1901 1158 1954 τῶν
1182 1895 1317 1974 ῥηθέντων
1338 1894 1558 1976 χρυσοβοόλλων

261 2015 308 2078 καί
330 2019 546 2096 προσταγμάτων
566 2011 604 2077 ὧν
620 2012 695 2096 εἶχον
710 2017 736 2078 οί
751 2018 803 2078 ἀπό
818 2023 872 2077 τῶν
888 2017 990 2097 Πηγῶν
1005 2015 1083 2098 καὶὸ)
1101 2011 1149 2102 [οἱ]
1164 2017 1291 2097 ῥηθέντες
1306 2017 1557 2093 Μονεμβσσιῶται·

261 2136 309 2198 καί
336 2137 463 2210 ἐπέκεινα
471 2135 496 2220 ¹¹)
521 2137 552 2200 δὲ
574 2147 624 2216 τῆς
645 2140 769 2216 τοιοότης
792 2136 964 2212 ἑξκουσσείας
987 2141 1124 2220 εὐεργετεῖ
1145 2141 1163 2214 ῆ
1187 2139 1314 2214 βασιλεία
1337 2159 1390 2214 μου
1414 2139 1558 2212 αδτοίνςίθ)

261 2266 360 2332 κοινῶς
383 2260 465 2332 όλους
486 2260 548 2332 τοὺς
568 2261 814 2340 Μονεμβασιῶτας,
837 2263 897 2333 τοίις
919 2281 949 2320 τε
973 2261 1080 2321 ἐκτῶν
1105 2261 1207 2339 Πηγῶν
1230 2259 1360 2333 καὶτοὺς
1384 2261 1418 2320 ἐκ
1436 2261 1557 2334 Μονεμ-

263 2381 370 2462 βασίας,
399 2383 443 2442 ἵνα
471 2383 512 2462 ἐφ’
527 2375 571 2455 αίς
598 2385 629 2442 ἀν
655 2389 751 2444 ποιῶσι
777 2383 976 2464 πραγματείαις
1004 2379 1159 2466 διδῶσινΗ)
1189 2380 1227 2455 τίς
1253 2385 1283 2442 τό
1309 2384 1481 2461 κομμέρκιον
1510 2387 1558 2455 τῆς

263 2500 441 2575 θεοδοξάστου
457 2505 772 2576 Κωνσταντινουπόλεως
794 2505 860 2586 ὑπὲρ
883 2505 1005 2582 ἐκβολῆς
1027 2508 1176 2581 ποσότητος
1198 2507 1372 2581 νομισμάτων
1388 2504 1412 2584 ρ’
1435 2507 1557 2581 νόμισμα

264 2623 301 2705 α’,
331 2623 378 2685 καί
404 2625 470 2706 ὑπὲρ
498 2625 620 2702 ἐκβολῆς
642 2625 734 2703 mist)
757 2627 861 2708 ἀγορᾶς
883 2627 979 2708 ἑτέρας
1000 2625 1190 2706 πραγματείας
1210 2628 1359 2704 ποσότητος
1381 2629 1556 2704 νομισμάτων

263 2745 287 2826 ρ’
314 2747 433 2823 νόμισμα
456 2747 493 2828 α’,
525 2747 579 2808 εἴτε
606 2747 733 2825 δηλονότι
761 2748 806 2808 διά
833 2749 904 2808 σίτου
932 2748 961 2808 ἐν
988 2747 1027 2827 τῷ
1048 2749 1246 2830 προσφορίιρέί)
1269 2747 1316 2809 καὶ
1339 2747 1468 2827 ἀλλαχοῦ
1494 2749 1556 2808 ἔνθα

263 2869 425 2952 βούλωνται,
448 2869 504 2930 είτε
527 2869 571 2929 διά
593 2868 674 2950 οίνου,
699 2869 746 2929 ἐάν
768 2869 929 2946 σίαςδῆπστε
945 2873 1040 2951 χώρας
1055 2870 1232 2946 διακομίσωσι
1247 2874 1349 2950 τοῦτον,
1373 2870 1454 2946 ῆδιόι
1467 2891 1555 2952 προσ-

263 2991 366 3070 φαγίων
392 2997 502 3052 παστῶν
528 2995 546 3067 ῆ
573 2991 756 3074 τομαρίωνίί)
782 2995 801 3066 ῆ
827 2991 941 3065 πετζίων
963 2996 981 3068 ῆ
1004 2992 1100 3052 πανίου
1121 2997 1139 3068 v)
1162 2993 1326 3053 λινοκόκκου
1348 2995 1366 3070 ῆ
1389 2995 1555 3073 τζοχαρικῆς

263 3117 280 3188 ῆ
302 3113 475 3194 τετραπόδων
497 3117 515 3189 ῆ
539 3115 638 3194 ἑτέρων
662 3111 742 3174 εἰδῶν
764 3109 802 3175 ὧν
826 3117 857 3174 ἀν
881 3113 1045 3188 βούλωνται·
1070 3113 1136 3191 μηδ’
1146 3115 1220 3187 όλως
1235 3114 1310 3195 παρὰ
1325 3113 1445 3192 μηδενός
1460 3115 1553 3175 κωλυ-

263 3239 355 3310 όμενοι
378 3235 423 3296 ἐπὶ
444 3239 503 3309 ταῖς
526 3235 685 3318 διαπράσεσι
706 3243 760 3296 τῶν
782 3237 907 3296 τοισότων
929 3242 1123 3317 πραγματειῶν
1144 3236 1241 3317 αὐτῶν,
1264 3236 1501 3312 ῆκαθελκόμενοι
1516 3235 1553 3306 είς

264 3357 421 3432 ἀπαιτήσεις
436 3363 658 3438 καμπανιοτικοό,
679 3364 825 3438 μεσιτικοῶ,
846 3362 1013 3439 ζυγαστικοῦ,
1030 3363 1201 3440 μετριατικοό
1213 3356 1258 3441 ¹⁵),
1274 3364 1448 3440 παχιατικοῶ,
1464 3379 1551 3440 γομε-

264 3478 438 3562 ριατικοόῐθ),
461 3479 584 3556 όψωνίου,
608 3481 794 3561 σκαλιατικοῶ,
818 3481 998 3560 βιγλιατικοό,
1022 3481 1160 3560 δεκατίας,
1184 3481 1340 3560 ἁλιευτικῆς
1355 3481 1552 3562 τετραμογοίας,

263 3598 426 3682 ξυλαχόρου,
443 3598 606 3685 δρεινῆςῑί),
623 3608 672 3677 τῆς
688 3602 796 3675 ἐνιάδσς
812 3600 850 3674 είς
865 3603 914 3675 τάς
930 3601 969 3676 είς
985 3603 1079 3676 αὐτοὺς
1089 3605 1124 3680 ¹¹¹)
1139 3601 1200 3683 περὶ
1217 3603 1299 3678 αυτὴν
1314 3605 1421 3674 ἀπάτας
1436 3603 1550 3678 οκάλας,

264 3722 342 3782 ἀλλά
364 3723 398 3798 δὴ
423 3717 493 3808 [καὶ]
511 3724 726 3804 καστροκτισίας,
749 3723 980 3805 κατεργοκτισίας,
1005 3725 1158 3805 μαγειρίας,
1181 3725 1349 3806 ἀντινοάλσυ,
1373 3722 1550 3830 έςωπρασίας,

263 3847 447 3924 κοσμιατικσῡ,
463 3845 671 3924 καπηλιατικοό,
688 3851 855 3926 μηνιατιιιοῶ,
873 3848 1097 3927 ἐργαστηριαιιοό,
1110 3844 1310 3928 μεταξιατικοῦ,
1322 3853 1371 3923 τῆς
1383 3846 1551 3922 ἀπαιτήσεως

263 3970 309 4026 τοῦ
334 3965 430 4026 πανίου
451 3970 498 4028 τοῦ
521 3965 610 4047 ἐντῷ
633 3969 706 4048 φόρῳ
727 3968 917 4049 πωλουμένου,
945 3969 983 4028 ἔτι
1007 3968 1037 4028 δὲ
1060 3966 1106 4028 καί
1128 3971 1174 4028 τοῦ
1195 3967 1347 4046 κεφαλαίου
1369 3971 1415 4028 τοῦ
1438 3969 1550 4049 σιταρίου

263 4092 309 4148 τοῦ
332 4085 574 4166 είσαπσταχθέντος
596 4089 763 4150 ἀπαιτεῖσθαι
786 4090 839 4150 ἀπό
861 4095 914 4149 τῶν
934 4091 1083 4170 καραβίων,
1107 4091 1233 4169 ῆέτέρου
1249 4091 1320 4161 τινός
1335 4089 1488 4168 κεφαλαίου
1503 4097 1551 4150 τῶν

371 4332 391 4399 ¹)
410 4333 495 4384 Deest
517 4335 544 4382 in
567 4331 685 4384 editione
703 4331 850 4385 Βοιιιιοιισί.
922 4331 943 4394 ¹)
962 4329 1049 4382 δίδωσι
1066 4333 1097 4383 Β.
1168 4331 1191 4398 ¹)
1209 4349 1276 4398 νουμ.
1300 4331 1335 4386 ἰιδ.
1407 4333 1430 4400 ¹)
1449 4332 1549 4403 αθτῆτῆ

264 4425 345 4498 χάριτι
358 4429 393 4479 id.
464 4429 484 4494 ¹)
504 4425 583 4486 αὐτοῖς
602 4429 629 4478 Z.
701 4427 722 4492 ί)
741 4419 769 4492 ἧς
782 4429 810 4477 Ζ.
881 4427 903 4494 ⁷)
922 4427 993 4477 Edit.
1009 4423 1125 4486 ἐξουσίας,
1143 4427 1365 4480 Emendationom
1379 4431 1548 4498 ίιιιισυερτο-

264 4525 353 4590 posuit
364 4525 393 4575 Z.
464 4523 486 4588 Ι)
506 4523 545 4574 καὶ
563 4524 636 4575 addit
654 4523 695 4574 ed.
708 4524 739 4574 B.
810 4523 831 4588 ¹)
850 4519 1000 4572 κοίτιπέκεινα
1012 4524 1043 4573 B.
1116 4523 1147 4590 ¹⁰)
1165 4520 1246 4582 αὑτοῖς
1259 4525 1287 4574 Z.
1360 4523 1392 4590 ¹¹)
1410 4523 1510 4576 δίδωσιν
1522 4527 1547 4576 B.

266 4620 298 4682 ¹²)
311 4619 351 4672 καί
368 4620 427 4672 add.
438 4621 467 4672 B.
540 4621 571 4684 ¹³)
584 4636 655 4687 προφ-
673 4619 737 4673 edit.
810 4619 842 4684 ¹¹)
854 4615 907 4682 ῆτσι
920 4616 1010 4686 μιρίων
1020 4621 1049 4673 Ζ.
1122 4620 1152 4688 ¹¹)
1165 4621 1307 4689 μετρητικσῦ
1318 4621 1349 4674 Β.
1422 4621 1455 4687 ¹¹)
1467 4637 1548 4693 γσμαρ.

264 4721 292 4775 Ζ.
366 4719 397 4790 ¹¹)
416 4711 514 4789 ὀρειμῆς
533 4719 596 4774 edit.
669 4717 700 4786 ¹¹)
720 4713 753 4778 τίς
771 4713 823 4770 αάτ.
841 4715 916 4770 addit
933 4716 963 4770 B.
