3486 5282
299 221 434 386 ‚m

368 475 512 556 αρχιιιόι
493 473 649 555 προέβησαν
671 477 831 556 γράμματα,
856 473 985 545 αλλοις
976 473 1051 554 παρὰ
1072 475 1133 534 τό
1124 475 1226 554 πρέπον
1248 493 1295 532 ιιαι
1286 471 1454 534 ί“δίιιαιον
1429 491 1479 546 την
1495 468 1606 544 ἐξουσίαν
1618 489 1642 530 τε

367 596 415 662 ιιαί
438 597 567 672 διοίκησιν
588 599 758 679 χορηγοῦντα
781 600 826 658 τοῦ
848 597 928 658 αὺτοῦ
950 595 1022 658 θείου
1044 595 1235 677 μονασιηρίου
1261 594 1338 658 ἀλλὰ
1359 599 1443 656 ταῦτα
1466 594 1516 670 μὲν
1530 594 1604 672 τρότε
1605 613 1642 673 ρον

367 718 451 784 666
437 742 490 794 εως
512 714 543 780 οῦ
566 719 670 799 ἀφανὴς
692 716 765 797 ἦν,
748 721 765 778 6
789 719 915 800 ἀνωτέρω
938 719 1051 799 ῥηθεῑσα
1073 720 1168 800 νεαροὶ,
1190 717 1290 780 τοῦδὲ
1305 717 1456 792 ἀοιδίμου
1444 715 1547 776 εκείνου
1560 736 1643 795 πατρι-

368 845 454 922 άρχου
476 847 525 924 ιιῦρ
548 839 683 908 Διονυσίου
704 842 780 901 τὸν
770 843 965 922 πατριαρχιιιόν
987 847 1036 919 τῆς
1058 839 1371 912 Κωνσταντινουπόλεως
1392 839 1488 919 θρόνον
1510 838 1643 913 διέποντος,

367 965 425 1024 6
410 967 561 1042 αγιιθτατος
586 966 755 1044 πατριάρχης
779 963 978 1043 ἰΙεροσοίθμων
1005 966 1054 1043 νῦρ
1077 963 1226 1044 Γερμανὸς,
1258 967 1419 1038 σωματικῶς
1446 955 1537 1020 ιθδε
1525 981 1554 1020 εν
1573 960 1643 1018 Κων-

367 1086 502 1152 οταντίνσυ
530 1087 755 1167 παραγενόμενος
784 1084 830 1146 ιιαί
860 1085 979 1164 ἐντυχὼν
1009 1083 1116 1164 νομίμῳ
1146 1084 1282 1164 βασιλικῷ
1304 1081 1416 1161 παλαιῷ
1440 1077 1570 1168 [ιιώδοιι],
1589 1082 1644 1160 πρδς

365 1211 422 1280 τοῖς
445 1203 546 1280 σίλλοις
567 1205 614 1271 ιιαὶ
635 1208 683 1283 τὴν
705 1207 831 1288 ῥηθεῖσαν
854 1207 954 1288 νεαρὰν
977 1207 1067 1285 ἔχοντι
1089 1209 1297 1288 γεγραμμένην,
1324 1205 1358 1266 τὰ
1380 1206 1430 1282 μὲν
1453 1205 1573 1278 οὓτως
1560 1223 1644 1282 εχσντι

366 1335 415 1407 της
444 1329 577 1410 ἐπαρχίας
603 1329 682 1393 αἰτοῦ
707 1331 797 1406 πάσης
819 1331 889 1410 θρια,
921 1329 1050 1406 ἐζήτησεν
1074 1328 1152 1403 ἐπιβε
1153 1327 1198 1404 βα
1194 1330 1304 1404 ωθηναι
1325 1328 1400 1409 παρὰ
1420 1335 1470 1404 τῆς
1492 1329 1551 1388 τότε
1573 1325 1644 1401 ἐνδη-

366 1452 467 1529 μούσης
490 1450 674 1531 μεγάλης
642 1472 694 1512 των
718 1447 868 1533 ἀρχιερέων
891 1473 936 1512 συν
938 1451 1011 1514 ό.δσυ
1041 1449 1088 1514 καὶ
1110 1455 1155 1512 τοῦ
1170 1455 1272 1514 σκοποῦ
1287 1471 1318 1512 ου
1333 1449 1492 1531 διήμαρτεν,
1515 1451 1573 1508 66
1564 1467 1643 1530 ε

365 1573 443 1636 δοθὲν
473 1573 545 1652 αθτῷ
574 1577 634 1638 τότε
590 1573 802 1636 όσυναδυίον
829 1576 945 1655 γράμμα
975 1573 1127 1652 δηλσποιεῖ,
1158 1575 1224 1654 ὅπερ
1254 1574 1272 1647 6
1296 1573 1437 1653 μετριότης
1458 1572 1539 1647 ἡμῶν
1560 1570 1644 1652 ἀριίως

365 1697 472 1775 ἀνέγνω
494 1693 542 1760 ιιαί
564 1695 706 1758 ἐθεάσατο.
753 1693 831 1756 οῦδὲν
855 1695 886 1758 δὲ
911 1693 985 1768 ἰδίως
1007 1694 1139 1775 περὶτῆς
1163 1693 1320 1776 ἐλευθερίας
1342 1689 1645 1770 τηςθείαςταιτηςιιαι

365 1818 510 1895 βασιλικῆς
533 1823 622 1894 μονῆς
641 1815 687 1878 666
709 1821 755 1876 τοῦ
778 1817 807 1876 ἐν
830 1819 897 1898 αῦτῄ
920 1815 1075 1895 ὀφείλοντος
1097 1811 1195 1879 είναι
1184 1817 1328 1878 επισιιόπσυ
1347 1814 1394 1876 ιιαί
1408 1821 1462 1878 τιθν
1478 1815 1618 1894 άλλων,θ
1619 1837 1644 1874 σι

363 1939 523 2004 συιτείνουσι
546 1939 586 2012 είς
609 1941 729 2002 σῦσιαοιν
751 1937 798 2000 καί
821 1939 954 2015 διαμονὴν
977 1940 1074 2015 ταῦτ-ην
1098 1939 1216 2016 έζητηθη
1238 1942 1256 2013 6
1281 1938 1464 2015 6666666'
1432 1959 1470 2019 τιρ
1493 1940 1556 1999 τότε
1577 1957 1644 1998 συνο-

363 2063 459 2142 διττῶς,
481 2063 521 2124 διό
543 2061 589 2123 ιιαὶ
614 2063 651 2122 έτι
675 2064 757 2143 μέχρι
779 2066 824 2124 τοῦ
845 2067 890 2122 νῦν
913 2063 999 2142 σἰμιρίβ
981 2063 1055 2138 βολα
1076 2059 1194 2140 6666
1167 2083 1201 2122 τα
1222 2055 1284 2142 περὶ
1306 2062 1408 2134 τοῦτου,
1431 2061 1472 2138 μὴ
1491 2061 1644 2140 φαινομένων

362 2193 415 2246 τιθν
443 2207 466 2246 ει
459 2184 594 2266 ρημένων
616 2187 784 2265 γραμμάτων
807 2183 854 2245 ιιαί
876 2191 991 2266 νεαρῶν,
1021 2183 1067 2244 καί
1090 2187 1205 2257 ἕκαστος
1226 2189 1280 2244 τῶν
1302 2187 1514 2265 πατριορχῶνε
1501 2183 1588 2258 (6666
1607 2179 1646 2240 ιιαί

362 2307 464 2382 ἤθελεν
488 2305 650 2380 ἑξουσιάζειν
678 2306 725 2367 καί
754 2307 900 2368 διοιιιεῑν
888 2329 917 2368 εν
940 2309 1011 2390 αυτ-ᾖ
1028 2315 1061 2390 τῇ
1084 2307 1144 2390 θείᾳ
1166 2313 1236 2392 μονῇ
1260 2306 1358 2368 άνευ
1347 2308 1494 2368 επιαοιόπου
1516 2306 1645 2382 μειοῦσης.

363 2427 477 2490 ἐπείε
446 2427 532 2490 δέπι
499 2436 549 2505 τῆς
570 2431 649 2505 ἡμιθι
673 2431 846 2510 μετριότητος
869 2429 1053 2504 συνοδιιτῶς
1035 2449 1127 2510 αρτι
1107 2431 1329 2510 προκαθημένης,
1352 2428 1504 2508 συνεδρισίῖ
1492 2449 1574 2488 οντων
1588 2429 1645 2506 αῦτη

361 2549 407 2612 καί
437 2557 490 2612 τιθν
519 2552 737 2632 παρευρεθέντων
767 2553 920 2633 ἱερωτάτων
951 2552 1157 2632 μητροπολιτιθν
1180 2550 1226 2614 ιιαί
1256 2549 1506 2632 θεοριλεστοίτων
1494 2551 1644 2625 επισιιῦπων,

361 2673 593 2754 παραστάιτεςοί
616 2673 660 2734 ἐπὶ
682 2675 767 2753 τούτῳ
790 2674 842 2734 οἰπσ
845 2675 1022 2747 σταλέντες
1013 2674 1087 2754 παρὰ
1108 2673 1215 2750 τῆςθε’
1206 2695 1249 2748 ιας
1263 2675 1362 2750 ταθτης
1378 2679 1474 2752 μονῆς,
1498 2675 1557 2734 ὅτε
1572 2673 1643 2732 6616-

359 2815 440 2868 τατσς
462 2794 644 2876 ίερομόναχος
656 2795 737 2856 ιιαὶ
716 2817 848 2872 πνευματι
849 2798 899 2869 ιιδς
916 2792 1015 2881 [πατὴρ
1018 2792 1027 2881 ]
1044 2801 1093 2877 ιιῦρ
1109 2796 1208 2876 Ἰωσὴφ
1222 2796 1299 2856 ιιαίό
1316 2795 1345 2856 ἐν
1361 2797 1493 2874 μοναχοῑς
1508 2797 1643 2863 ὁσιώτατος

360 2919 484 2995 Μωῦσῆς
503 2915 621 2999 ἤρξαντο
645 2919 877 2998 δικαιολογεῖσθαι
898 2917 945 2980 καί
968 2919 1110 2998 ἀναφέρειν
1130 2918 1164 2978 τδι
1178 2918 1249 2979 νατδι
1263 2919 1312 2993 τὴν
1328 2919 1413 2993 μονὴν
1429 2917 1531 2996 δίιιαια,
1553 2915 1644 2976 δίκαιον

360 3039 444 3120 ἐφάνη
472 3039 520 3102 ιιαί
543 3040 658 3122 εθλσγσν
680 3039 729 3102 καί
750 3041 947 3122 θεάρεστσι,”
938 3061 979 3102 ινα
999 3042 1018 3115 6
1041 3040 1201 3100 παλαιό”
1172 3061 1237 3114 αντη
1261 3039 1391 3115 βασιλικὴ
1413 3037 1509 3119 νεαροὶ,
1540 3041 1596 3114 ἣτις
1615 3036 1642 3096 τό

358 3165 403 3222 νῦν
427 3163 522 3242 εὑρέθη
545 3161 592 3224 ναί
615 3162 807 3240 ἀνεγνώσθη
797 3167 910 3222 ενιθπιον
932 3163 1053 3240 ἡμιθνῂ
1045 3159 1208 3244 υπαὶρχῃβε
1212 3161 1277 3236 βίαα
1296 3160 1342 3222 καί
1358 3161 1428 3236 θμετ
1418 3162 1568 3243 αίτρεπτος,
1596 3161 1641 3228 ἕσις

359 3277 390 3343 66
412 3284 427 3342 6
450 3284 529 3359 ἥλιος
553 3285 646 3367 ἐφορᾷ,
669 3283 715 3345 ιιαί
737 3306 757 3344 π
758 3306 868 3363 ροτιμα
855 3306 896 3344 ται
919 3291 972 3344 τιθν
994 3284 1121 3345 σίλλων*
1106 3287 1232 3344 στάντων
1247 3285 1416 3363 γραμμάτων
1431 3290 1484 3344 τιθν
1501 3299 1599 3362 μεταγ
1587 3302 1641 3342 ε-νε
1691 3313 1692 3326 1

357 3407 458 3486 στέρων
480 3407 553 3487 παρὰ
576 3407 664 3482 μηδὲν
686 3408 879 3483 καταλυομένη
902 3409 932 3467 τό
956 3407 1077 3470 σῦνολον.
1124 3407 1251 3486 όγόιρέ
1253 3405 1368 3467 πταιαιδ
1370 3407 1469 3478 έιισιτος
1491 3406 1579 3466 κανὼν
1599 3409 1641 3478 τῆς

357 3527 485 3607 ἁγίας
460 3549 571 3604 ουιαυμε
557 3526 693 3604 ινιτιῆςδ
718 3527 860 3590 συ·.ιόδου
851 3531 920 3610 πρός
941 3531 997 3601 τοῦς
1021 3529 1121 3601 αλλοις
1142 3527 1189 3588 τισί
1212 3525 1295 3590 ταῦτά
1315 3549 1405 3608 φησιν·
1429 3529 1490 3606 ,ὡς
1512 3525 1604 3590 δέον
1594 3522 1640 3586 εστί

355 3649 402 3710 οιαὶ
432 3651 480 3724 τὴν
509 3655 563 3712 τῶν
585 3651 819 3724 ἐκκλησιαστιιιιθν
841 3659 989 3732 παρσιιιιιθν
1012 3671 1042 3711 τε
1064 3649 1112 3711 ναί
1132 3653 1300 3730 πραγμάτων
1322 3648 1397 3723 τάξιν
1419 3651 1476 3722 τοῖς
1499 3649 1640 3726 βασιλικοῖς

355 3772 446 3845 τίποις
465 3772 660 3834 ,άπαλουθεϊνίί
705 3772 752 3833 ιιαὶ
776 3775 836 3849 μετ’
849 3773 944 3851 όλίγσν
967 3773 1066 3834 πάλιν·
1090 3770 1199 3852 ,ἔξεστι
1219 3774 1272 3854 γὰρ
1287 3773 1326 3852 τῷ
1342 3774 1451 3847 βασιλεῖ
1465 3772 1526 3853 περί
1541 3774 1639 3852 ἐνοριιθι

356 3894 589 3970 ἐιιιιλησιαστινιθν
612 3895 798 3956 διατάττεσθαι
820 3893 866 3956 καί
887 3897 1022 3976 προνόμιά
1044 3915 1122 3956 τινων
1146 3895 1314 3975 ἀφαιρεῖσθαι
1336 3894 1382 3956 ιιαὶ
1407 3895 1556 3966 ἐπισποπίις
1574 3891 1639 3960 αὖθις
1691 3941 1692 3956 ι

355 4016 395 4088 είς
411 4017 593 4096 μητροπόλεις
609 4022 687 4092 τιμᾶν
702 4015 749 4096 ιιαὶ
768 4019 937 4096 ἡγουμένους
951 4017 1169 4097 προχειρίζεσθαι
1184 4015 1231 4103 καί
1248 4019 1328 4096 ἐτἐρσί
1343 4038 1402 4076 τινα
1412 4021 1522 4078 τοιαῦτα
1532 4015 1638 4078 ποιεῖνῑί.
1691 4035 1692 4098 γ

355 4139 448 4198 ἔπειτα
475 4138 547 4198 κατὰ
572 4140 620 4214 τὴν
644 4127 768 4200 δοθεῖσαν
791 4141 851 4198 τότε
873 4139 1019 4214 βασιλικὴν
1041 4137 1088 4200 τισὶ
1110 4137 1251 4213 συνοδιιιὴν
1275 4136 1399 4212 ἐξουσίαν
1421 4137 1469 4199 ιιαί
1491 4137 1638 4199 διατύπωσιν

311 4295 315 4302 -
354 4259 487 4336 ἐπισιισπὴ
515 4259 557 4336 είη
586 4258 633 4321 καί
660 4261 777 4344 διαμένῃ
803 4263 833 4322 τό
860 4263 928 4322 ιιατδ
954 4263 984 4322 τό
1007 4261 1114 4323 Σίναισν
1141 4261 1205 4340 όρος
1232 4263 1328 4322 σεπτδν
1351 4263 1530 4342 μοναστήριον
1551 4261 1580 4320 τό
1602 4257 1637 4317 ἐπ’

353 4381 464 4457 ὀνόματι
491 4385 644 4458 τιμώμενον
667 4387 713 4444 τοῦ
735 4385 864 4463 Σωτῆρος
888 4384 1013 4463 Χριστοῦ,
1036 4380 1083 4442 ιιαί
1107 4383 1160 4465 ἔχη
1184 4382 1316 4460 διηνειιιθς
1338 4381 1385 4442 ιιαί
1408 4383 1580 4458 ἀμεταθέτως
1598 4381 1637 4438 τόν

353 4503 432 4565 αῦτδν
454 4505 606 4582 ἡγούμενον
629 4503 676 4564 καί
700 4504 856 4585 ἐπίσποπον,
883 4507 921 4576 ιθς
945 4505 974 4564 ἐν
996 4503 1035 4582 τῷ
1056 4503 1175 4583 τακτιυῷ
1198 4503 1311 4586 είρηται,
1335 4505 1401 4584 ὅπερ
1424 4505 1518 4578 αῦταίς
1538 4501 1636 4576 λέξεσιν

352 4625 479 4706 ἀνωτέρω
506 4626 725 4704 ἐσημειιθοαμεν,
756 4628 795 4698 ιθς
822 4629 854 4686 ἂν
883 4627 914 4686 66
933 4647 962 4686 τε
986 4625 1124 4700 βασιλικαί
1147 4625 1193 4686 τισὶ
1216 4621 1352 4688 συνοδοιαί
1375 4626 1509 4700 διατάξεις
1532 4629 1636 4703 μένωσιν
