3486 5282
380 173 458 291 216Ι

380 421 582 500 ἀναγκαιοτάτη
609 421 796 496 καθέστηκεν·
826 423 879 482 ὅσα
904 421 958 502 γάρ
986 426 1122 482 συνιστῶσι
1149 423 1198 498 τὴν
1226 421 1366 496 εὐσὲβειαν
1391 419 1438 481 καὶ
1463 423 1512 498 τήν
1539 426 1594 482 τοῦ
1642 411 1709 500 θεά

381 543 503 624 καθαράν
529 542 660 622 λατρείαν
686 543 915 624 χαρακτηρίζουοι
940 542 988 604 καὶ
1013 549 1102 604 πᾶσαν
1131 544 1229 626 ἀρετήν
1251 542 1298 604 καὶ
1321 543 1486 622 θεογνωσίαν
1508 543 1572 615 τοθς
1603 551 1709 622 μυαή

383 666 480 740 μένους
503 661 689 725 ἐκδιδάσκουσι
711 663 758 725 καὶ
780 666 904 741 τὴντῶν
926 670 1021 744 ψυχῶν
1043 666 1177 748 σωτηρίαν
1201 667 1429 748 ἐπιβραβεόουσιν,
1454 665 1482 726 ἐν
1502 667 1628 737 τούτοις
1651 657 1709 746 τοή

382 786 465 868 ἱεροῖς
495 788 653 864 σκηνώμασι
685 786 878 867 διενεργεῑσθσι
908 787 1046 866 θηειλουσι
1069 786 1115 848 καί
1145 788 1390 869 διεκπεραιοόοθαι·
1420 789 1502 870 τοώτη
1524 809 1568 847 τοι
1598 786 1670 846 καί
1697 771 1709 868 ή

382 909 481 969 τούτων
510 907 628 987 διαδοχὴ
650 907 697 968 καί
720 912 877 988 συντήρησις
900 909 986 981 ζέοντι
1007 911 1083 989 πόθῳ
1106 910 1240 990 ηιλοθέως
1262 910 1395 970 ἀνέκαθεν
1418 909 1615 980 ἐσπουδάζετο
1650 903 1709 982 τοῖή

383 1031 574 1109 εδαγγελικώς
602 1032 808 1112 προϊσταμένοις
836 1035 882 1091 τοό
905 1029 1049 1110 όρθοδόξου
1072 1032 1152 1112 λαοῦ,
1180 1030 1266 1107 καὶὴ
1289 1031 1389 1092 τὀίιτων
1412 1032 1535 1104 σύντονος
1560 1009 1709 1111 μέριμνή

382 1152 429 1214 καὶ
459 1151 564 1232 φροντὶς
587 1155 617 1212 σὺ
647 1151 755 1212 διέλιπέ
776 1173 843 1213 ποτε
866 1152 1056 1234 ἀπαραιτήτως
1079 1153 1274 1236 ἐνεργουμένη
1305 1151 1428 1234 καὶγὰρ
1451 1155 1623 1234 ἀπρονόητα
1656 1153 1709 1238 ἑνί

385 1275 568 1351 απομείναντα
598 1273 644 1335 καὶ
672 1281 721 1352 τής
748 1276 936 1356 προσηκούσης
957 1275 1125 1352 κηδεμονίας
1148 1276 1317 1358 ἐστερημένα
1340 1274 1379 1349 εἰς
1402 1275 1500 1356 ηθορόιν
1522 1271 1709 1356 παρεκτρέί

383 1419 463 1458 σεται
485 1401 532 1458 καί
554 1397 624 1457 κατὰ
647 1397 741 1479 μικρόν
765 1395 880 1476 ἐξίτηλα
900 1396 1003 1476 γίνεται
1025 1397 1072 1459 καὶ
1093 1398 1132 1478 τῷ
1147 1405 1200 1458 τών
1216 1397 1368 1480 δρθοδόξων
1383 1399 1548 1479 πληρώματι
1565 1393 1709 1477 μεγάληή

385 1518 479 1596 βλάβη
509 1518 556 1579 καί
587 1519 671 1595 ζημία
698 1519 895 1600 προστρίβεται.
931 1520 971 1580 διό
1000 1519 1048 1581 καὶ
1076 1522 1094 1596 ἠ
1126 1523 1268 1601 μετριότης
1290 1523 1379 1603 ἡμῶν,
1402 1522 1473 1581 κατά
1495 1521 1571 1580 θείαν
1598 1525 1709 1606 νεῦσιιή

384 1641 446 1714 τοὺς
475 1642 670 1716 πνευματικοὺς
700 1641 797 1714 οἴακας
827 1647 873 1702 τοῦ
903 1642 1051 1722 παγκοίνου
1081 1647 1198 1723 σκάρους
1222 1643 1459 1724 ἐγκεχειρισμένη,
1488 1645 1519 1703 σὺ
1542 1621 1709 1704 διαλείπειί

386 1763 571 1842 ἀποδέχεσθαι
602 1765 723 1840 εὐμενώς
752 1764 800 1836 τάς
831 1765 966 1845 θεοφιλεῖς
996 1763 1117 1840 αἰτήσεις
1145 1765 1196 1838 τάς
1225 1765 1291 1846 ὑπὲρ
1314 1772 1367 1826 τῶν
1391 1765 1470 1846 ἰερῶν
1492 1769 1702 1842 σκηνωμάτων

385 1887 532 1966 γινομένας
556 1884 599 1945 ἐπί
621 1884 660 1964 τῷ
682 1875 929 1966 κατασηαλίζεοθαι
953 1887 1034 1960 αθτάς
1056 1885 1103 1947 καὶ
1127 1887 1311 1967 ἐπικυροῦσθαι
1335 1886 1375 1960 εἰς
1398 1885 1530 1964 διαμονὴν
1553 1886 1604 1947 καὶ
1627 1909 1709 1968 συν-γ

385 2009 495 2088 τήρησιν
524 2013 578 2068 τῶν
606 2007 685 2088 ίερών
713 2009 911 2089 καταγωγίων·
942 2009 988 2069 καὶ
1011 2010 1065 2090 γὰρ
1086 2009 1287 2090 προσεκομίσθη
1309 2013 1375 2086 ἡμῖν
1397 2008 1444 2072 καί
1465 2012 1540 2092 πάσῃ
1561 2015 1599 2090 τῇ
1628 2007 1700 2088 περίΙ

385 2133 459 2207 ἡμᾶς
489 2131 653 2208 ἀδελφότητι
682 2129 729 2190 καὶ
759 2131 825 2212 άγίᾳ
855 2131 958 2212 συνόδῳ
984 2133 1014 2190 ἓν
1040 2134 1235 2212 πατριαρχικόν
1262 2130 1309 2192 καί
1337 2133 1476 2194 συνοδικόν
1503 2132 1709 2210 σιγιλλιῶδεςί

387 2255 514 2334 γράμμα,
539 2253 651 2313 ἐκδοθὲν
676 2251 719 2314 ἐπὶ
741 2256 786 2313 τοῦ
808 2255 980 2334 προκατόχου
1002 2255 1080 2330 ήμῶν
1100 2254 1172 2314 κατὰ
1185 2256 1216 2314 τό
1230 2254 1424 2335 παρεληλυθός
1438 2255 1576 2332 χιλιοστόν
1593 2256 1698 2313 ἐπτα-

387 2377 525 2436 κοσιοστόν
548 2375 732 2456 όγδοηκοστδν
756 2377 834 2436 ἕκτον
857 2362 988 2457 σωτήριον
1011 2377 1081 2458 ἔτος,
1104 2377 1175 2437 κατὰ
1196 2384 1269 2454 μῆνα
1284 2375 1395 2456 ίοίιλιον,
1419 2377 1621 2453 έπινειμήσεως
1639 2398 1693 2435 τε-

387 2501 496 2579 τάρτης,
519 2500 658 2580 περιέχον,
685 2499 724 2558 ότι
746 2499 776 2558 τδ
798 2498 869 2558 κατὰ
891 2499 939 2574 τήν
963 2499 1096 2579 ἐπαρχίαν
1119 2499 1302 2575 Χαλκηδόνος
1326 2500 1355 2560 ἐν
1376 2505 1410 2582 τῇ
1433 2502 1506 2578 νήσῳ
1529 2500 1691 2578 Ἀντιγόνου

388 2621 513 2696 κείμενον
541 2621 612 2700 ἱερόν
634 2617 681 2680 καί
704 2619 852 2694 σεβάσμιον
876 2622 1064 2702 μσναοτήριον,
1095 2623 1250 2697 τιμώμενον
1273 2622 1316 2680 ἐπ’
1330 2623 1442 2697 δνόματι
1463 2625 1509 2681 τοῦ
1532 2621 1610 2700 ἁγίου
1638 2621 1691 2680 ἐν-

389 2740 467 2815 δόξου
484 2741 730 2823 μεγαλομάρτυρος
742 2741 887 2824 Γεωργίου,
904 2741 929 2803 οἱ
943 2745 1073 2823 χρήσιμοι
1089 2743 1253 2824 μαγίστορες
1267 2747 1313 2803 τοῦ
1329 2743 1465 2824 ρονηετίου
1480 2749 1533 2802 τῶν
1544 2744 1688 2819 καπήλων
1708 2719 1709 2778 f

387 2871 440 2924 τῶν
470 2864 654 2926 δουλευόντων
685 2863 713 2922 ἐν
739 2868 773 2946 τῇ
802 2863 981 2948 βασιλευοίιση
1012 2871 1065 2925 τών
1092 2863 1202 2928 πόλεων
1229 2861 1300 2925 κατὰ
1325 2865 1355 2926 τό
1386 2866 1535 2945 Φαννίριον,
1568 2863 1685 2941 δηλαδή

387 2988 535 3064 Τζσυπαλῆ
551 2986 597 3048 καὶ
611 2987 729 3048 Παλατά
743 2985 789 3047 καὶ
801 2987 1024 3049 Κοντοσκσίλλιον
1040 2986 1086 3048 καὶ
1099 2987 1286 3066 Ὑψωμαθεῖα,
1308 2989 1380 3048 θείον
1396 2988 1481 3063 ζῆλον
1494 2987 1684 3062 ἀναλαβόντες

387 3113 594 3192 περιποιήσαντο
618 3111 680 3171 αθτό
702 3108 749 3170 καὶ
772 3109 821 3170 οὺκ
843 3108 953 3189 όλίγους
976 3110 1086 3189 ἀγῶνας
1108 3110 1264 3185 κατέβαλον
1289 3108 1328 3182 εἰς
1347 3109 1492 3186 ἀνάκτησιν
1509 3111 1599 3170 αυτοῦ.
1635 3115 1681 3168 τοῦ

389 3233 419 3294 δὲ
443 3237 542 3294 σκοποῦ
566 3235 651 3293 αὺτών
675 3234 713 3309 μὴ
737 3231 776 3302 είς
799 3232 909 3307 ἔκβασιν
933 3232 1062 3304 ἐλθόντος
1079 3232 1215 3314 ᾐτήσαντο
1232 3231 1379 3313 ἐνθερμῶς,
1402 3237 1548 3292 συνενώσαι
1563 3235 1626 3292 αὺτδ
1642 3230 1681 3310 τῷ

388 3356 459 3416 κατὰ
485 3357 533 3431 τὴν
557 3355 767 3432 Πελοπόννησον
794 3356 912 3434 κειμένῳ
941 3353 1004 3436 ἱερῷ
1027 3357 1153 3434 ήμετέρῳ
1175 3353 1361 3436 πατριαρχικῲ
1384 3353 1431 3415 καί
1454 3353 1678 3436 ,σταυρωτηγιακιξι

389 3478 560 3560 μσναστηρίῳ
583 3485 632 3555 της
654 3476 803 3556 ὐπεραγίας
826 3476 969 3554 δεσποίνης
991 3479 1070 3554 ἡμῶν
1086 3477 1222 3557 θεοτόκου,
1245 3481 1291 3538 τοῦ
1307 3479 1442 3556 Μεγάλου
1458 3475 1600 3552 Σπηλαίου
1616 3477 1674 3538 ἐπι-

388 3600 566 3680 κεκλημένῳ,
590 3597 629 3671 εἰς
652 3599 784 3658 ἀνάσωσιν
809 3597 955 3658 αὐτοῦκαὶ
978 3598 1082 3678 ἀγαθὴν
1105 3601 1279 3679 κατάστασιν,
1303 3598 1444 3679 ἐνοριακοῦ
1464 3600 1557 3674 μέντοι
1572 3601 1674 3678 τυγχά-

389 3741 489 3793 νοντος.
528 3720 575 3782 καὶ
605 3721 638 3796 δὴ
661 3721 711 3796 τήν
742 3720 884 3801 ἀηιὲρωσιν
907 3722 993 3781 αὑτῶν
1020 3722 1117 3798 τσώτην
1140 3720 1342 3796 ἀποδεξάμενοι
1369 3721 1393 3782 οἱ
1416 3725 1462 3781 τοῦ
1482 3725 1673 3802 πατριαρχικοό

387 3845 466 3918 ήμῶν
493 3839 540 3903 καί
567 3845 800 3924 σταυροπηγιακοῡ
827 3841 1007 3924 μοναστηρίου
1035 3845 1175 3904 όσιώτατοι
1201 3845 1329 3924 πατέρες,
1360 3845 1409 3904 οὺκ
1435 3844 1546 3922 όλίγους
1570 3846 1672 3923 ἀγῶνας

388 3965 595 4040 καταβαλόντες
620 3967 845 4045 περιεποιήσαντο
871 3965 938 4046 πρός
966 3963 1074 4041 αὔξησιν
1097 3959 1144 4026 καί
1167 3963 1310 4050 βελτίωισιν
1333 3967 1422 4026 αὐτοῦ.
1469 3965 1592 4026 ἀλλ’ἵνα
1614 3967 1670 4026 δια-

389 4089 458 4170 μένῃ
482 4087 535 4148 ἀπό
556 4087 634 4148 τοῦδε
656 4086 702 4148 καὶ
726 4085 765 4160 εἰς
787 4089 816 4148 τό
840 4085 906 4163 ἑξῆς
928 4087 1106 4167 ἀναηαίρετον
1127 4085 1175 4148 καὶ
1195 4087 1400 4148 ἀναπόσπαστον
1418 4087 1470 4147 ἀπό
1485 4091 1532 4148 τοῦ
1546 4109 1667 4169 πατριαρ-

387 4215 468 4288 χικσῡ
489 4209 568 4288 ήμῶν
592 4210 695 4270 ἐκείνου
718 4210 896 4291 μοναστηρίου
911 4215 957 4272 τοῦ
973 4211 1109 4290 Μεγάλου
1124 4211 1276 4285 Σπηλαίου,
1301 4207 1466 4292 ἐξῃτήσαντο
1483 4209 1666 4288 ἀναδειχθῆναι

312 4370 315 4375 ι
389 4333 436 4394 καί
450 4337 526 4394 τοῦτο
540 4335 674 4415 ήμέτερσν
688 4336 883 4414 πατριαρχικόν
898 4334 945 4394 καὶ
961 4336 1202 4414 σταυραπηγιακόν,
1219 4333 1374 4414 ἐλεύθερον,
1391 4331 1556 4412 ἀδοθλωτον,
1572 4333 1665 4393 ἀκατα-

388 4459 506 4534 πάτητον
535 4455 581 4517 καὶ
612 4453 814 4539 ἀνεπηρέαστον
844 4454 890 4517 καί
920 4456 1048 4516 ἀσόδοτον
1078 4454 1124 4516 καὶ
1150 4457 1237 4532 πάντη
1265 4455 1450 4535 ἀνενόχλητον
1477 4455 1552 4535 παρὰ
1579 4457 1665 4525 παντός

387 4581 531 4662 προσώπου
558 4579 706 4660 ἱερωμένου
728 4576 774 4639 καί
796 4581 905 4660 λαϊκοῡ,
935 4579 1076 4654 ήνωμένον
1100 4578 1131 4638 δὲ
1153 4581 1171 4654 ή
1193 4579 1408 4659 προσηλωμένον
1431 4577 1469 4656 τῳ
1491 4574 1664 4658 πατριαρχικήι
