3486 5282
324 323 388 388 218

324 518 434 580 εἰθισται
463 521 520 591 τοῖς
548 521 738 600 παριαρχικοῖς
766 520 846 596 ἡμῶν
877 521 1121 600 σταυροπηγιακοῖς
1151 520 1350 602 μοναστηρίοις,
1381 519 1446 598 μηδ’
1469 522 1524 604 ἔχῃ
1555 523 1622 582 ποτέ

325 641 420 702 άδειαν
435 642 451 700 6
465 641 537 701 κατὰ
548 641 657 721 καιρούς
669 640 814 719 ίεριύτατος
826 639 1028 721 μητροπολίτης
1039 641 1231 722 Χαλκηδόνος,
1248 641 1314 720 μηδ’
1323 642 1414 715 ἀλλος
1424 663 1465 714 τις
1477 643 1620 706 ὁποιασοῦν

323 761 430 837 τάξεως
451 762 498 824 καί
521 762 668 842 βαθμοῦ,’
662 783 761 844 ιερωμε
749 762 865 838 ι’“νοςῆ
859 764 953 835 λαικδς
970 763 1128 845 ἐπηρεάσαι,
1153 762 1303 843 ἐνοχλῆσαί
1322 785 1352 824 τε
1367 762 1415 824 καί
1430 772 1622 842 καταπατῆσαι

304 886 372 962 '666
396 886 507 946 ἐνοῦσαν
530 884 602 964 αύτῷ
624 883 862 965 σταυροτηγιακὴν
883 887 963 960 ἡμῶν
983 886 1065 965 χάριν
1087 882 1135 944 καί
1157 883 1315 964 ἐλευθερίαν
1337 889 1355 961 6
1379 886 1490 960 ὅλως
1476 887 1667 965 απαίιησίν

323 1027 383 1068 τινα
413 1006 524 1082 πολλὴν
552 1009 571 1082 6
594 1001 691 1084 δλίγην
722 1008 805 1087 μέχρι
834 1004 881 1066 καί
907 1012 954 1066 666
978 1005 1124 1085 ἐλαχίστου
1145 1005 1312 1087 προσβαλεῖν
1335 1011 1353 1084 6
1376 1007 1474 1082 βίαν
1463 1013 1667 1088 επενεγκεῖν

322 1132 380 1202 τοῖς
409 1128 439 1188 ἐν
470 1127 541 1207 αύτῷ
569 1130 793 1204 συνασκουμένοις
814 1130 929 1208 πατράσι
951 1125 997 1188 καί
1020 1126 1190 1206 ἰδιώταις,
1179 1149 1210 1207 ερ
1213 1127 1412 1210 ὀἱᾳδητινι’
1385 1131 1458 1190 σιτία
1479 1130 1530 1191 καὶ
1553 1153 1621 1212 προ-

324 1253 410 1330 ράοει.
457 1251 483 1312 οἰ
513 1249 587 1311 δὲ
575 1269 604 1311 εν
636 1249 708 1330 αύτῷ
737 1251 984 1326 συναονούμενοι
976 1252 1092 1330 πατέρες
1114 1249 1250 1330 δρειλουσι
1273 1251 1415 1332 διάγειν
1403 1273 1432 1312 εν
1456 1251 1553 1336 εἰρήνῃ
1575 1252 1621 1313 καί

323 1371 557 1433 πὀλιτεύεσθαι
535 1374 671 1445 ευτοίκτως
693 1393 739 1432 και
731 1371 833 1453 ῥυθμί
835 1373 925 1445 ζειν
903 1393 948 1434 τον
965 1373 1067 1432 ἑαυτῶν
1083 1371 1141 1448 βίον
1156 1373 1227 1433 κατὰ
1241 1375 1272 1434 τδ
1288 1373 1435 1450 μοναδικον
1452 1375 1623 1456 ἐπάγγελμα

324 1492 371 1555 καί
393 1496 460 1575 πρδς
482 1496 527 1556 τδν
550 1497 652 1554 κανόνα
674 1499 723 1570 τῆς
746 1494 928 1575 ὀφειλομένης
951 1491 1105 1571 ἀσκήσεως.
1133 1493 1180 1555 καί
1203 1494 1349 1556 ἐπειδὰν
1337 1517 1367 1556 εν
1388 1497 1470 1578 χρείᾳ
1490 1519 1620 1577 χειροτο-

323 1616 382 1690 νίας
408 1621 427 1692 6
457 1617 651 1698 ἀρχιερατικῆς
673 1615 844 1698 λειτουργίας
866 1615 913 1676 καί
935 1616 1107 1692 μιημοούνου
1128 1618 1271 1697 γένωνται,
1300 1618 1393 1696 ἔχουσι
1414 1625 1503 1680 πᾶσαν
1530 1620 1621 1681 ἄδειαν

322 1733 539 1819 προσκαλεῖν,ῃ
528 1761 557 1798 ον
580 1739 613 1798 διν
636 1739 786 1814 βούλωνται
808 1744 862 1798 τῶν
886 1735 1046 1818 ἀρχιερέων,
1070 1738 1115 1797 διά
1136 1745 1335 1818 πατριαρχικῆς
1357 1741 1450 1815 μέντοι
1473 1741 1621 1820 ἐκδόσεως,

324 1859 368 1920 ἐπὶ
397 1859 437 1940 τῷ
467 1860 592 1920 ἐκτελεῖν
621 1861 671 1932 τὰς
701 1855 893 1940 ἀρχιερατικάς
921 1858 1092 1940 λειτουργίας
1119 1858 1166 1920 καί
1193 1863 1352 1936 μνημόσυνα
1377 1860 1425 1921 καί
1450 1863 1622 1942 χειροτονίας

324 1985 410 2042 αἰτιῶν
441 1981 511 2058 μετὰ
540 1984 628 2059 πάσης
658 1987 707 2057 τῆς
737 1989 930 2058 κανονικῆς
911 1985 1136 2062 παρατηρήσεως
1184 1983 1223 2042 ἔτι
1250 1982 1281 2042 δὲ
1304 1983 1319 2041 6
1341 1983 1412 2042 κατίι
1433 1985 1530 2064 καιρδν
1553 2007 1621 2066 προ-

322 2106 468 2179 ἰ’στάμενος
489 2108 536 2164 τοῦ
559 2107 638 2164 αῦτοῦ
661 2105 838 2193 μοναστηρίοιι
860 2104 1099 2182 ἡγούμενεύωνῇ
1083 2125 1122 2176 ως
1143 2104 1258 2183 γηραιδς
1279 2101 1327 2162 καί
1346 2100 1433 2184 άξιος,
1457 2107 1511 2187 ἔχῃ
1530 2107 1622 2166 οῖδεισν

325 2225 492 2285 ἐκτελεῖν
470 2247 501 2286 το
523 2232 573 2301 τῆς
594 2231 779 2302 πνευματικῆς
801 2245 855 2285 πατ
856 2227 968 2304 ρύτητος
990 2224 1061 2306 ίερδν
1084 2225 1271 2306 λειτούργημα
1292 2223 1339 2286 καὶ
1363 2222 1548 2306 ἐξομολογεῖν
1564 2228 1622 2300 τούς

322 2349 557 2427 προσερχομένους
581 2345 653 2424 αύτῷ
676 2347 898 2425 συγκοινοβιάτας
912 2349 1032 2426 πατέρας
1047 2345 1093 2407 καί
1109 2347 1247 2424 μοναχοίις
1261 2367 1308 2407 και
1300 2345 1436 2420 λοιπούς
1449 2351 1620 2428 χριστιανοίις

322 2469 398 2541 ἐντδς
419 2473 465 2528 666
487 2468 559 2548 ἱεροῦ
583 2468 761 2549 μοναστηρίου
781 2465 829 2527 καὶ
852 2468 994 2548 ἀνερευνάν
1017 2469 1051 2528 τὰ
1066 2465 1137 2544 βάθη
1153 2473 1206 2528 τῶν
1221 2468 1383 2548 καρδιῶν
1357 2475 1445 2529 αυτῶν
1460 2469 1495 2530 δι’
1508 2472 1618 2548 ἐκκλη-

322 2594 456 2651 σιαστικοῦ
479 2591 570 2666 μέντοι
593 2589 825 2670 ἐνταλτηριῶδους
846 2595 1018 2670 γράμματος,
1042 2591 1080 2662 ῶς
1101 2593 1264 2666 νενόμισται.
1298 2591 1347 2662 τὰς
1370 2591 1402 2651 δὲ
1425 2591 1552 2672 ἐκλογὰς
1574 2591 1618 2653 καί

322 2712 555 2784 ἀποκαταστάσεις
580 2718 634 2772 τῶν
662 2711 690 2772 ἐν
719 2709 790 2789 6666
812 2713 1017 2792 προϊσταμένων
1045 2709 1089 2770 καί
1111 2707 1161 2782 τάς
1183 2711 1283 2785 λοιπὰς
1306 2713 1526 2794 μοναστηριακάς
1550 2715 1618 2774 διοι-

321 2838 414 2909 κήσεις
444 2835 529 2912 ἔχωσι
557 2837 643 2893 ποιεῖν
672 2839 706 2914 τῇ
738 2831 841 2907 εἰδήσει
870 2831 917 2894 καί
944 2835 1042 2915 γνύμῃ
1070 2838 1124 2893 τῶν
1153 2853 1229 2912 πρωτ
1218 2834 1307 2894 ίστων
1329 2836 1454 2914 πατέρων
1476 2839 1526 2894 τοῦ
1548 2835 1617 2914 ἱεροῦ

322 2955 500 3036 μοναστηρίου
521 2959 568 3016 τοῦ
591 2956 727 3034 Μεγαλου
749 2952 901 3034 Σπηλαίου,
929 2954 1016 3030 μηδὲν
1038 2955 1232 3030 τολμῶντες
1220 2975 1249 3016 εν
1272 2954 1370 3034 μηδενί
1392 2957 1551 3036 παραβῆναι
1572 2955 1616 3017 καὶ

320 3074 450 3154 ἀθετῆσαι
479 3077 528 3152 τὴν
559 3078 804 3158 ἐπιχορηγηθεῖσαν
834 3075 906 3156 αύτῷ
937 3077 1172 3156 σταυροπηγιακὴν
1198 3079 1279 3157 χάριν
1306 3075 1353 3138 καὶ
1380 3077 1428 3154 τὴν
1452 3079 1550 3139 ἕνωσιν
1573 3077 1616 3138 καί

319 3201 492 3278 προσηλωσιν
520 3199 599 3259 αἰτοῦ
624 3200 692 3278 πρὸς
718 3200 749 3258 τδ
772 3197 843 3278 ἰερδν
866 3201 1051 3280 μοναστήριον-
1067 3203 1113 3258 τοῦ
1136 3199 1273 3277 Μεγάλου
1295 3198 1445 3276 Σκηλαίου.
1492 3201 1523 3272 δς
1548 3198 1596 3260 δ’
1584 3221 1614 3259 αν

319 3318 367 3380 καὶ
396 3320 488 3393 ὁποῖος
518 3319 679 3402 ἐπιχειρήσῃ
711 3319 795 3399 66666
778 3321 847 3394 66666
876 3321 966 3400 τρόπῳ
996 3320 1144 3400 ἀνατρέψαι
1174 3321 1297 3381 ὁπωσοῦν
1328 3320 1362 3380 τά
1393 3321 1422 3382 ἐν
1444 3319 1483 3400 66
1506 3323 1614 3456 παρέντι

1666 1063 1667 1142 ί

321 3442 410 3504 συνοδ
404 3463 469 3512 κως
489 3441 677 3520 ἀπορανθέντα
699 3439 745 3500 καί
769 3441 967 3521 ἐπικυρωθέντα
990 3440 1036 3501 καὶ
1059 3442 1109 3501 6666
1133 3441 1297 3502 δουλείαν
1284 3445 1400 3522 ἀγαγεῖν
1426 3441 1475 3504 καί
1489 3444 1613 3524 ρὸροντέ

321 3565 555 3643 σταιροιτηγιακδν
577 3564 656 3638 ἡμῶν
677 3566 753 3622 τοῦτο
777 3563 954 3640 μοναστηριον
977 3562 1031 3638 6
1018 3568 1172 3623 αποστοῖσαι
1193 3567 1212 3636 6
1235 3559 1445 3636 ἀποξενῶσαι
1431 3586 1469 3625 ατ
1460 3567 1548 3626 ἀτοῦ
1564 3566 1611 3644 ῥη-

320 3687 413 3758 θέντος
435 3685 508 3766 ἱεροῦ
530 3682 709 3764 μοναστηρίου
730 3687 776 3744 τοῦ
799 3684 935 3763 Μεγάλου
957 3685 1108 3763 Σπηλαίου,
1131 3685 1146 3743 6
1164 3705 1293 3764 τοιουτος,
1316 3687 1412 3759 ὁποίας
1427 3689 1460 3746 δν
1476 3575 1667 3768 ᾖτάξεωςί
1666 3687 1667 3720 6

319 3805 366 3866 καί
390 3805 543 3885 βαθμοῦ,
530 3807 714 3885 αρωρισμένος
736 3807 851 3887 ύπάρχει
872 3806 947 3887 παρὰ
968 3812 1018 3882 τῆς
1041 3806 1122 3885 άγίας
1141 3827 1188 3866 και
1179 3805 1345 3884 ὀμοουσίου
1359 3806 1406 3868 καὶ
1422 3811 1555 3878 ξωοποιτῦ
1569 3805 1611 3867 καί

320 3927 470 4007 ἀδιαιρέτου
494 3927 631 4006 μακαρίας
652 3927 770 4008 Τριάδος
791 3931 837 3987 τοῦ
861 3929 921 3999 ἑνδς
942 3935 976 4008 66
998 3928 1072 4008 φύσει
1094 3925 1141 3988 καί
1164 3932 1246 4003 μόνου
1268 3930 1332 3990 θεοῦ
1352 3929 1399 3990 καί
1421 3931 1608 4012 κατηραμένος

319 4048 366 4110 καί
389 4049 582 4129 ἀσυγχώρητος
604 4047 650 4110 καί
673 4049 743 4124 μετὰ
765 4051 881 4110 θάνατον
904 4049 1003 4121 ἀλυτος
1024 4047 1071 4109 καί
1093 4051 1269 4126 τυμπανιαῖος
1291 4049 1337 4110 6626
1358 4053 1458 4122 πάσαις
1479 4055 1540 4123 ταῖς
1558 4071 1610 4110 πα·
1666 4071 1667 4144 γ

319 4173 424 4252 τρικαῖς
450 4168 498 4230 καί
528 4171 678 4242 συναδικεῖς
707 4172 786 4251 ἀραῖς
812 4171 954 4244 ὑπεύθυνος
980 4170 1027 4231 καί
1053 4171 1181 4244 ύπόδικος
1206 4172 1245 4250 66
1273 4171 1373 4252 αἰωνίῳ
1396 4173 1545 4248 ἀνοθέματι
1567 4171 1608 4232 καὶ
1666 4147 1667 4164 ¹

321 4293 419 4370 ἔνοχος
441 4297 487 4352 τοῦ
508 4293 592 4373 πυρδς
613 4299 662 4370 τῆς
684 4295 808 4372 γεέννης.
853 4298 937 4352 ταῦτα
958 4298 1023 4372 γοῦν
1046 4294 1186 4372 ἀπεφάνθη
1206 4291 1253 4354 καί
1268 4296 1420 4375 κεκύρωται
1435 4297 1507 4358 κατὰ
1522 4297 1608 4370 κοινὴν

319 4417 432 4492 γνῶμην
459 4413 506 4474 καί
533 4414 674 4490 συνοδικὴν
703 4415 856 4493 διάγνωσιν.
902 4413 941 4488 είς
964 4415 996 4474 δέ
1017 4417 1066 4490 τὴν
1087 4414 1148 4496 περὶ
1171 4416 1270 4476 τούτων
1294 4413 1407 4490 ἔνδειξιν
1430 4417 1477 4478 καί
1501 4419 1606 4494 διηνεκῆ
1666 4459 1667 4462 =

319 4538 367 4611 τὴν
391 4533 541 4616 ἀσφάλειαν
565 4536 687 4612 ἀπελύθη
709 4533 756 4596 καί
778 4537 808 4595 τδ
830 4537 916 4616 παρδν
938 4538 1072 4616 ἡμέτερον
1094 4539 1289 4618 πατριαρχικδν
1304 4537 1351 4599 καί
1366 4539 1505 4602 συνοδικδν
1520 4541 1606 4618 οιγιλ·

320 4659 421 4730 λιῶδες
443 4661 559 4738 γράμμα
582 4657 769 4736 καταστρωθέν
792 4657 842 4716 κάν
865 4657 903 4737 66
927 4657 991 4738 ἱερῷ
1014 4657 1119 4734 κῶδηκι
1141 4665 1190 4734 τῆς
1205 4659 1268 4720 καθ’
1277 4663 1351 4736 ἡμᾶς
1365 4665 1412 4722 τοῦ
1427 4664 1543 4742 Χριστοῦ
1558 4682 1605 4738 με·
1666 4659 1667 4744 ί
