3166 5298
1259 347 1322 412 125

50 541 188 616 νομίσματα
212 539 247 600 θ’.
286 545 361 622 χήρα
384 543 402 618 ἡ
426 541 508 601 Δεσία
531 541 592 618 ἔχει
613 539 668 600 υίσν
691 541 902 622 Κωνσταντίνον,
927 539 1046 602 οἰκιακδν
1067 539 1149 612 τέλος
1172 541 1324 617 νομίσματα

48 661 73 741 t,
94 662 150 740 ἔχει
165 661 304 743 Ζωρίτζαν
327 663 462 738 ἀμπέλων
484 661 586 738 μοδίων
602 659 636 742 ς’,
660 657 713 721 ἀπο
728 667 777 738 τῆς
791 667 903 740 γονικῆς
919 663 998 723 αὑτοῦ
1013 663 1193 742 ὑποστάσεως,
1210 664 1323 739 μὺλωνα

47 783 82 844 καί
107 785 302 866 χεροάμπελον
333 784 435 861 μοδίων
457 783 480 857 ς’
502 783 549 844 καί
578 789 631 862 γῆν
663 783 766 858 μοδίων
790 781 825 864 ρ’,
859 784 949 857 τέλος·
968 785 1120 861 νομίσματα
1139 782 1165 846 δ’
1186 786 1252 867 ὑπὲρ
1273 767 1326 863 τῆς.

48 907 266 987 ἐναποληρθείσης
289 895 320 980 ἐξ
342 907 425 982 αὑτῆς
441 903 674 982 ἐξαλειμματικῆς
689 906 874 979 ὑποστάσεως·
895 907 1092 988 χερσάμπελσν
1108 905 1209 983 μοδίων
1225 905 1251 981 β’
1272 913 1322 984 τῆς

46 1026 156 1104 ἡμισείας
186 1029 299 1109 μερίδος
324 1027 370 1090 καὶ
396 1035 449 1108 γῆς
475 1029 557 1099 τέλος
579 1027 733 1104 νομίσματα
755 1028 793 1087 δ’·
833 1027 872 1100 εἰς
894 1030 924 1088 τ“ο
946 1027 1045 1109 χωρίον
1068 1031 1113 1089 τὀν
1136 1028 1242 1108 Σρολὺν
1269 1029 1322 1090 σίπὺ

46 1157 84 1226 τῆς
104 1151 274 1222 ὑποστάσεως
296 1153 342 1210 τοῦ
357 1152 487 1232 Μερζάνη
511 1149 676 1224 βαλανίδας·
701 1151 829 1212 ἐπέκεινα
851 1150 883 1210 δὲ
905 1151 1004 1210 τοθτων
1020 1151 1081 1230 ἔχει
1095 1152 1112 1228 ἠ
1127 1151 1235 1228 τοιαὺτη
1251 1151 1321 1226 μονὴ

45 1271 110 1354 aa)
142 1270 281 1348 ίδιάκτητα
314 1277 411 1348 ταῦτα·
448 1270 510 1353 περὶ
542 1272 591 1344 τάς
620 1272 724 1353 Σάρρας
754 1273 881 1350 μετάχιον
912 1269 951 1345 εἰς
980 1273 1067 1348 ὄνομα
1095 1275 1247 1349 τιμώμενον
1276 1277 1322 1333 τοὺ

46 1393 67 1452 ἐν
87 1395 170 1474 ἁγίοις
191 1397 295 1476 πατρὸς
316 1398 396 1472 ἡμῶν
412 1396 540 1456 Ἰωάννου
562 1396 727 1474 πατριάρχου
743 1393 1055 1466 Κωνσταντινουπθλεως
1070 1398 1116 1454 τοῦ
1131 1395 1322 1473 Χρυσοστθμου
1411 1445 1417 1460 .

45 1515 104 1588 μετὰ
123 1520 230 1577 πάντων
252 1524 305 1578 τῶν
329 1517 439 1577 δικαίων
461 1514 509 1576 καί
529 1517 682 1596 προνομίων
705 1517 784 1576 αὑτοῦ
806 1517 853 1575 καί
874 1517 964 1576 τάπισν
986 1511 1104 1594 πλησίον
1128 1517 1217 1600 αὑτοῦ,
1248 1518 1277 1577 ἐν
1299 1511 1322 1597 ᾧ

45 1640 234 1717 προσκάθηνται
260 1641 307 1699 καί
328 1660 399 1712 τινες
420 1638 535 1717 πτωχοί,
558 1636 630 1711 ξένοι
651 1635 698 1698 καὶ
721 1637 872 1718 ἐλεύθεροιΙ
911 1639 1002 1720 ἕτερον
1025 1641 1153 1717 μετάχιον
1176 1637 1215 1710 εἰς
1236 1638 1322 1714 ὄνομα

44 1761 182 1834 τιμῶμενον
204 1765 251 1822 τοὺ
274 1759 351 1838 ἁγίου
374 1757 484 1832 ἐνδόξου
507 1759 751 1840 μεγαλομάρτυρος
771 1758 818 1819 καί
839 1763 1031 1841 τροπαιοφόρου
1045 1757 1242 1840 Γεωργίουκαὶ
1259 1759 1321 1820 ἐπι-

44 1880 202 1957 κεκλημένον
231 1887 276 1942 τοὺ
303 1881 491 1964 Κρυονερίτου,
524 1883 590 1960 ὑπερ
618 1883 795 1955 συνεστήσατο
823 1880 873 1956 μὲν
901 1881 934 1940 ἐκ
960 1881 1067 1962 βάθρων
1094 1882 1108 1940 ὁ
1135 1880 1322 1962 σακελλάριος

43 2008 84 2077 τῆς
104 2004 255 2083 ἁγιωτάτης
279 2004 474 2084 μητροπόλεως
491 2004 610 2083 Σερρῶν,
634 2005 847 2082 άΜουρμουράς
864 2001 976 2082 ἐκεῖνος,
1000 1998 1114 2079 ἐξεδόθη
1138 2001 1170 2062 δὲ
1192 2002 1261 2078 μετὰ
1276 2005 1321 2064 τδν

44 2123 135 2184 ἐκείνου
165 2127 281 2186 θάνατον
308 2126 382 2206 παρά
408 2133 458 2202 τῆς
481 2126 592 2204 συζὺγου
616 2125 693 2185 αὑτοῦ
716 2122 837 2184 καὶτῶν
860 2124 930 2184 κατὰ
951 2125 1050 2198 νόμους
1072 2125 1252 2204 κληρονόμων
1273 2123 1321 2185 καὶ

45 2242 168 2325 διαδόχων
197 2249 277 2308 αυτοῦ
303 2249 371 2328 πρὺς
397 2249 427 2308 το
456 2249 539 2327 μέρος
560 2253 608 2322 τῆς
632 2247 755 2323 τοιαὺτης
776 2244 928 2322 σεβασμίας
951 2251 1037 2322 μονῆς
1060 2243 1161 2321 είδησει
1183 2245 1230 2306 καί
1250 2267 1320 2326 προ-

45 2375 117 2449 τροπῇ
137 2365 185 2429 καὶ
206 2374 253 2431 τοὺ
268 2368 413 2450 ίερωτάτου
429 2369 626 2449 μητροπολίτσυ
640 2369 750 2450 Σερρῶν
765 2367 811 2428 καὶ
826 2367 970 2448 ὑπερτίμου
986 2367 1056 2444 μετὰ
1069 2376 1120 2445 τῆς
1132 2368 1321 2448 προσηκοὺσης

47 2489 105 2568 αὑτῷ
134 2491 305 2563 ὑποστάσεως
332 2489 378 2550 καὶ
404 2497 457 2550 τῶν
483 2489 545 2570 περὶ
571 2489 643 2570 αὑτῷ
670 2489 826 2568 οἰκημάτων
848 2488 895 2550 καί
917 2495 963 2550 τοὺ
984 2491 1186 2552 πλινθοκτίστου
1208 2491 1319 2571 πὺργου,

1 2673 2 2698 γ
46 2609 300 2694 ἀμπελοπεριβολίου
326 2613 446 2693 γὺρωθεν
465 2614 561 2672 αὑτοῦ·
601 2615 692 2692 ἕτερον
722 2613 857 2688 άμπέλιον
881 2612 909 2672 ἐν
932 2618 965 2695 τῇ
988 2613 1131 2696 ταποθεσίᾳ
1151 2617 1198 2674 τοὺ
1220 2613 1320 2673 Καλο-

1 2705 2 2798 ί
45 2733 126 2812 γέρον·
149 2737 241 2814 ἕτερον
264 2733 417 2810 ἀμπελῶνα
440 2733 480 2808 είς
502 2736 547 2794 τὀν
571 2736 646 2814 άγιον
664 2735 793 2812 Ἰωάννην
810 2741 858 2810 τῆς
876 2734 1026 2811 Ἡμίσεως·
1052 2737 1143 2816 ἕτερον
1167 2735 1320 2811 ἀμπελῶνα

1 2907 2 2924 ,
47 2852 68 2911 ἐν
87 2861 116 2937 τῇ
137 2855 280 2938 ταποθεσίᾳ
302 2861 347 2916 τοὺ
370 2855 522 2929 Ἐλαιῶνος
545 2859 704 2937 στρέμματα
727 2855 766 2931 β’·
807 2857 882 2928 ἐντος
904 2861 950 2918 τοὺ
971 2860 1086 2938 κάπρου
1109 2858 1216 2938 Σερρῶν
1239 2855 1319 2934 οἰκή-
1358 2943 1360 2948 Α

46 2995 106 3046 ματα
130 2974 394 3064 άνωγαιωκάτω[γα]
425 2977 449 3050 ς’
479 2976 509 3050 ἐξ
536 2978 716 3057 ἀνταλλαγὴς
744 2978 796 3038 ἀπο
824 2976 909 3038 Ξένου
935 2982 982 3038 τοὺ
1004 2979 1167 3059 Μουρκαυρᾱ
1193 2977 1239 3039 καί
1266 2984 1319 3039 τῶν

45 3095 133 3157 λοιπῶν
154 3101 236 3160 πέντε
258 3103 304 3159 τοὺ
327 3100 435 3178 ἀνεψιοῦ
458 3100 537 3160 αὑτοῦ
559 3103 605 3160 τοὺ
621 3101 799 3180 Μουρμουρά·
828 3100 876 3176 τἠν
900 3097 930 3172 ἐξ
953 3099 1103 3181 άγορασίας
1126 3101 1178 3160 ἀπο
1199 3105 1248 3175 τῆς
1270 3101 1319 3159 θυ-

45 3221 131 3299 γατρὺς
151 3225 196 3280 τοὺ
212 3219 318 3299 Tana,
341 3219 444 3281 ἐκείνου
467 3221 581 3300 μερίδας
604 3221 660 3300 δὺο,
685 3221 767 3296 μάδια
782 3219 835 3300 ρκ’,
859 3223 898 3293 ῶς
916 3227 967 3304 τῆς
990 3222 1089 3298 λοιπῆς
1103 3221 1194 3302 τρίτης
1209 3219 1319 3301 μερίδος

44 3344 220 3420 κατεχομένης
241 3343 316 3423 παρὰ
337 3347 383 3403 τοὺ
398 3344 545 3404 Συναδικοὺ
562 3341 592 3416 ἐξ
608 3342 788 3431 ἀνταλλαγῆς
803 3350 848 3404 τοῦ
864 3341 1006 3424 εἰρημένου
1022 3343 1125 3403 Ξένου·
1150 3345 1241 3424 ἕτερον
1256 3363 1318 3420 χω-

45 3464 124 3541 ράριον
146 3462 185 3537 εἰς
207 3464 256 3539 τὴν
279 3465 402 3525 Κοὺσιαν
424 3465 540 3541 πλησίον
563 3469 608 3525 τοῦ
625 3463 755 3544 [Ιηγδέρη
779 3465 880 3541 μοδίων
904 3464 944 3523 α’·
969 3467 1060 3544 ἕτερον
1082 3467 1219 3546 χωράριον
1241 3465 1318 3540 πλη·

46 3583 89 3642 τίον
109 3587 198 3647 τοὺτου
223 3584 324 3661 μοδίων
348 3585 364 3646 ι’
393 3583 423 3658 ἐξ
448 3582 596 3666 ἀγορασίας
619 3587 672 3646 ἀπο
694 3591 741 3647 τοὺ
763 3585 905 3667 εἰρημένου
928 3586 1031 3647 Ξένον·
1070 3589 1161 3666 έτερον
1182 3589 1319 3668 χωράφιον

45 3707 146 3782 πλησίον
168 3713 215 3768 τοὺ
237 3709 364 3784 μὺλωνος
386 3713 432 3769 τοὺ
448 3708 580 3784 [ίαλοὺκη
605 3707 707 3785 μοδίων
723 3707 747 3768 δ’
771 3709 824 3768 ἀπο
845 3705 1031 3789 προσενέξεως
1053 3713 1098 3768 τοῦ
1114 3708 1251 3768 Κανακίου
1273 3707 1319 3769 καί

46 3827 77 3900 τίς
95 3832 138 3890 τὺν
159 3828 380 3908 Εὑαγγελίτζην·
415 3833 505 3912 ἕτερον
527 3833 666 3910 χωράρισν
688 3831 741 3890 ἀπο
763 3829 947 3910 προσενέξεως
969 3835 1015 3891 τοῦ
1038 3829 1194 3906 Ἀπλεμιλὲ
1217 3829 1318 3906 μοδίων

46 3947 81 4022 β’·
113 3952 173 4034 περὶ
195 3957 240 4013 τοῦ
263 3951 349 4030 Ζίχνα
371 3951 411 4024 είς
433 3955 463 4013 τὺ
485 3953 585 4034 χωρίον
609 4001 665 4016 ...

554 4099 673 4170 Reliqua
689 4099 792 4154 denunt.

136 4239 279 4292 Ioannidea
291 4236 353 4307 (Nr.
370 4235 421 4306 11)
436 4239 497 4292 anit
510 4239 558 4292 ἀοσ
567 4238 753 4310 fraenandam
768 4255 827 4292 anm
840 4239 1006 4292 antecedente
1018 4237 1068 4292 Nr.
1085 4240 1133 4306 10,
1150 4239 1179 4291 id
1193 4243 1230 4291 eet
1237 4253 1319 4308 prae-

47 4346 109 4408 αμίο
128 4343 197 4414 παρῶ
220 4332 254 4396 de
275 4343 417 4398 danatn'ane
441 4343 579 4398 domestici
597 4342 683 4397 aaut.
715 4343 798 4397 Nota
819 4343 927 4396 videtur
949 4360 1003 4396 esee
1017 4341 1201 4412 fraymentnm
1220 4359 1320 4396 aureae

48 4439 124 4500 θνίίαε
137 4447 167 4501 de
179 4447 392 4517 possessionibus
407 4448 573 4518 manasterii,
598 4448 675 4502 anian
690 4447 796 4502 initiam
812 4453 837 4500 et
845 4446 911 4515 finde
927 4447 1123 4502 desiderantur.

48 4590 236 4604 Ἢ..-

137 4700 156 4766 1)
174 4698 214 4750 καὶ
233 4697 319 4757 αὑτοὺς
338 4701 358 4749 L
