3166 5298
270 330 331 396 128

268 529 401 606 μάρτυρος
430 524 604 597 Ἀναστασίας
631 531 680 602 τῆς
707 509 958 606 Φαρμάκολυτρίας
983 533 1033 602 τῆς
1059 525 1121 608 περί
1147 530 1177 588 τό
1203 528 1302 608 χωρίον
1329 530 1389 603 τἠν·
1406 530 1538 599 Κάστιτζιν
1571 543 1572 554 ’

268 649 442 724 διακειμένης
464 649 511 722 τὴν
533 646 594 727 περὶ
615 649 645 708 τό
669 649 731 707 αὺτδ
751 646 852 728 χωρίον
866 655 954 708 πάσαν
970 649 1109 710 ὑπόστασιν
1125 657 1177 710 τῶν
1193 651 1240 710 δόο
1257 650 1441 730 οἰυταδέλφων,
1458 650 1539 731 ἱερέων

266 776 319 831 τῶν
342 771 503 851 Κυριαόλων
526 769 637 830 ἐκείνων
664 769 710 830 καί
732 770 871 851 κληρικῶν
893 778 942 847 τῆς
964 771 1116 848 καθολικῆς
1139 772 1288 849 ἐκκλησίας
1310 772 1476 855 Ζελιχόβας,
1502 777 1539 832 τοῦ
1571 835 1572 854 2

267 913 296 952 τε
319 892 408 972 κυρίου
424 892 577 973 Δημητρίου
599 889 645 952 καί
667 896 712 951 τοῦ
735 893 824 971 κυρίου
846 894 865 951 Γ
868 893 991 972 εωργίου,
1014 893 1060 954 καί
1083 893 1184 974 όφειλει
1206 896 1335 973 κατέχειν
1356 893 1404 954 καὶ
1427 895 1539 970 νέμεσθαι

265 1014 362 1089 ταύτην
391 1021 490 1093 πάσαν,
524 1015 616 1088 καθὼς
647 1013 693 1075 καί
723 1015 786 1096 παρ’
799 1015 910 1075 ἐκείνων
933 1017 1075 1094 κατείχετο
1098 1013 1144 1076 καί
1168 1016 1338 1094 ἐδεσπόζετο,
1362 1017 1540 1095 ἁνενσχλητως

265 1139 351 1214 πάντη
378 1134 425 1196 καί
447 1136 631 1214 ἀδιασείττως,
664 1137 701 1196 ἔτι
724 1157 753 1196 τε
776 1125 960 1217 ἀναφαιρέτως
981 1136 1028 1198 καί
1051 1139 1272 1219 άναποσπάστως,
1298 1140 1445 1220 ἐλευθέραν
1465 1135 1539 1211 πάντη

264 1256 311 1318 καί
337 1257 563 1318 άκαταδσόλωτσν
595 1255 643 1318 καί
670 1258 806 1340 άνωτέραν
833 1261 933 1332 παντός
962 1261 1060 1332 τέλους
1082 1259 1129 1320 καί
1151 1261 1260 1343 βάρους,
1291 1261 1330 1333 ὡς
1352 1255 1399 1322 καί
1421 1261 1455 1321 τό
1476 1261 1540 1320 ἀλλα
1571 1281 1572 1366 γ

264 1383 361 1459 πάντα,
384 1381 435 1440 όσα
457 1379 606 1458 εὑρίσκεται
628 1381 784 1458 κατέχουσα
805 1379 852 1440 καί
874 1383 1022 1462 νεμομένη,
1045 1381 1090 1442 καί
1107 1388 1226 1442 συνιστᾶν
1238 1381 1285 1442 καί
1300 1383 1437 1462 βελτιοῦν,
1459 1383 1539 1452 καθὼς

265 1504 298 1560 ἂν
320 1501 430 1583 ημπορῇ
453 1498 500 1561 καί
523 1501 632 1576 δύνηται
654 1501 669 1560 ό
690 1502 762 1562 κατόι
783 1503 891 1584 καιροὺς
908 1504 990 1580 αὐτῆς
1004 1507 1208 1584 προϊστάμενος,
1233 1501 1279 1564 καί
1294 1505 1393 1577 ἁπλῶς
1406 1511 1490 1566 ποιεῖν
1503 1503 1540 1564 καί

266 1623 309 1684 ἐπ’
321 1626 397 1708 αὐτῇ,
420 1625 471 1684 ὅσα
493 1621 539 1684 καί
563 1621 606 1684 ἐπί
629 1627 684 1697 τοῖς
708 1625 806 1696 ἄλλοις
828 1630 954 1706 προσσῡσι
978 1622 1008 1698 ἐξ
1032 1625 1130 1704 ἀρχῆς,
1154 1628 1272 1703 μηδενός
1288 1636 1339 1686 τῶν
1360 1627 1483 1688 ἁπάντων
1497 1633 1539 1686 τῶν

264 1765 293 1806 τε
309 1746 379 1806 κατὰ
393 1746 502 1827 καιροὺς
516 1746 673 1818 καθολικῶς
687 1749 705 1820 ἢ
722 1753 841 1826 μερικῶς
858 1747 885 1806 ἐν
900 1747 939 1826 τῷ
955 1748 1064 1828 τοιούτῳ
1080 1750 1153 1827 τόπῳ
1168 1751 1451 1828 κεφαλαττικευόντων
1465 1753 1482 1824 ἢ
1496 1755 1539 1807 τῶν

263 1865 296 1929 τόι
319 1867 436 1945 δημόσιοι
458 1855 665 1950 διενεργοόντων
687 1871 706 1943 ἢ
727 1875 781 1929 τῶν
803 1870 943 1948 κληρικῶν
959 1871 1148 1948 Ζελιχόβηςῆ
1166 1871 1257 1950 ἑτέρου
1271 1848 1342 1942 τινός
1356 1877 1410 1931 τῶν
1426 1869 1539 1931 ἁπάντων

263 1990 380 2052 έπίθεσίν
402 2012 460 2051 τινα
482 1989 529 2051 καί
553 1991 680 2071 ἐπήρειαν
702 1994 721 2066 ἡ
744 1991 900 2067 διασεισμδν
923 1991 969 2051 καί
992 1991 1136 2068 ἐποδισμδν
1159 1997 1212 2052 τῶν
1235 1995 1371 2070 τυχόντων
1390 1998 1425 2074 τῇ
1441 1992 1540 2073 ῥηθείση

261 2117 446 2192 προσαγαγεῖν
474 2119 544 2194 μονῇ
573 2111 617 2173 ἐπὶ
639 2120 673 2194 τῇ
695 2119 801 2195 κατοχῇ
823 2112 871 2173 καί
892 2119 963 2195 νομῇ
985 2120 1035 2189 τῆς
1057 2115 1139 2190 αὒτῆς
1161 2115 1347 2185 ὑποστάσεως.
1382 2115 1474 2175 τούτου
1495 2115 1539 2191 γὰρ
1571 2087 1572 2178 ί

262 2237 342 2316 χάριν
366 2234 475 2312 ἐγένετο
498 2234 544 2294 καίΙ
567 2237 597 2294 τό
618 2237 704 2315 παρόν
727 2237 888 2314 πρόσταγμα
909 2241 959 2310 της
981 2234 1149 2314 κραλόπητός
1172 2257 1224 2311 μου
1246 2234 1282 2294 δι’
1295 2235 1445 2314 ἀσφάλειαν
1460 2241 1483 2314 †.

365 2352 479 2435 ’γίίίχε
502 2354 615 2416 δὲκαὶ
639 2356 833 2437 δι’ἐρυθρῶν
856 2359 1059 2436 γραμμάτων
1082 2359 1129 2416 τό·
1154 2357 1499 2438 ΣτέφανοςΚράλλης
1519 2361 1538 2431 ί,

365 2485 509 2539 Ιοαιιιιιίίοο
525 2486 575 2541 Nr.
596 2489 643 2539 15.

596 2735 706 2802 XXX.
732 2737 807 2802 Sine
829 2759 923 2819 anno,
947 2759 1056 2802 mense
1079 2737 1211 2802 octobri.

284 2903 344 2958 Rex
364 2903 516 2974 Stephanus
536 2903 636 2957 Παίοσι
657 2903 761 2957 dirimit
783 2904 989 2957 controversiam
1011 2909 1097 2957 ortam
1117 2904 1188 2957 inter
1207 2904 1347 2958 monachos
1371 2904 1523 2958 monasterii
1571 2881 1572 2928 ί

261 3007 290 3064 S.
305 3009 416 3064 Ιοαηπίτ
431 3009 460 3062 in
475 3013 560 3062 monte
570 3008 708 3062 Menoeceo
720 3013 744 3062 et
759 3007 899 3062 monachos
915 3007 1070 3062 ικοιτσσίετόί
1078 3007 1216 3062 Ιίνετοσκυι
1231 3009 1260 3061 in
1271 3015 1357 3062 monte
1367 3009 1434 3062 Αιίιο
1445 2995 1478 3062 de
1489 3009 1538 3062 όοοσ
1571 3015 1572 3076 ζ

784 3113 854 3166 dicto
872 3112 1018 3166 Οσπαπίίσα.

272 3296 406 3376 Ἕτερον
432 3298 630 3377 πρόσταγμα
650 3301 705 3357 τοῦ
729 3296 824 3356 αὺτοῦ
846 3296 979 3374 κράλλη
1003 3293 1056 3354 καί
1080 3297 1249 3372 βασιλέως
1271 3301 1329 3378 κῦρ
1352 3299 1525 3378 Στεφάνου.

363 3450 472 3530 ἠἘπεί
494 3453 519 3514 οἱ
542 3451 660 3532 μοναχσί
682 3459 730 3528 τῆς
753 3453 903 3528 σεβασμίας
925 3460 1011 3530 μονῆς
1032 3458 1078 3514 τοῦ
1093 3454 1179 3530 τιμίου
1195 3452 1305 3530 ἐνδόξου
1320 3459 1454 3536 προφήτου
1468 3456 1537 3536 Προ-

259 3575 359 3656 δρόμου
389 3573 435 3634 καί
463 3575 612 3635 Βαπτιστοῦ
635 3575 760 3634 Ἰωάννου
787 3581 836 3650 τῆς
863 3575 934 3635 κατόι
960 3577 990 3635 τό
1018 3575 1081 3656 όρος
1107 3583 1160 3636 τῶν
1183 3577 1291 3657 Σερρῶν
1318 3579 1348 3638 τό
1375 3579 1537 3653 καλοίμενον

260 3695 419 3756 Μενοίκεων
443 3695 616 3773 διακειμένης
640 3691 778 3778 ἀνέφερον,
801 3699 841 3757 ότι
863 3699 1028 3776 κατέχοντες
1050 3698 1130 3759 τόπον
1153 3695 1211 3759 τινόι
1234 3698 1273 3772 είς
1294 3702 1325 3760 τό
1340 3705 1456 3762 τοιοῦτον
1473 3701 1536 3780 όρος,

257 3819 429 3894 καλούμενον
444 3820 622 3900 Κεράνιτζσιν,
639 3819 683 3880 διὰ
698 3819 831 3900 διαφόρων
847 3821 1038 3900 άπογραφικῶν
1054 3820 1245 3897 δικαιωμάτων
1261 3819 1305 3882 ἐπί
1319 3826 1429 3904 χρόνοις
1443 3821 1537 3890 ἱκανοῖς

257 3941 459 4019 ἀνενοχλήτως,
491 3933 567 4022 εὖρον
589 3942 640 4022 πρό
664 3941 758 4020 όλίγου
781 3939 954 4019 διενόχλησιν
976 3941 1022 4001 καί
1046 3940 1162 4004 ἐπίθεσιν
1186 3943 1229 4003 ἐπ’
1242 3941 1312 4024 αὐτῷ
1335 3944 1409 4025 παρὰ
1430 3949 1482 4004 τῶν
1504 3941 1536 4012 εἰς

166 4141 170 4148 Ι
258 4058 310 4148 [τό]
341 4064 417 4142 άγιον
448 4061 510 4142 όρος
536 4065 582 4122 τοῦ
605 4058 679 4122 Ἄθω
702 4062 898 4142 εὑρισκομένων
926 4068 1055 4140 μοναχῶν
1079 4063 1202 4146 Ἰβήρων,
1237 4065 1357 4142 ἐχόντων
1384 4063 1431 4126 καί
1458 4065 1535 4125 αίπιῖιν

258 4185 385 4263 μετόχιον
408 4183 447 4256 είς
469 4185 499 4244 τό
522 4184 585 4244 αὐτδ
607 4182 671 4262 όρσς
694 4187 740 4244 τοῦ
756 4185 926 4264 Μενοικέως,
949 4179 989 4258 οἶς
1003 4185 1049 4245 καί
1064 4191 1182 4258 τοπικῶς
1197 4185 1336 4260 πολλάκις
1351 4186 1536 4268 ἀνακριθέντες

256 4307 376 4380 πολλαῖς
396 4308 456 4376 ταῖς
479 4303 632 4387 μαρτυρίαις
654 4303 701 4366 καί
722 4309 781 4377 ταῖς
802 4309 984 4387 περιστάσεσιν
1001 4281 1156 4388 όπέδειξαν,
1181 4311 1266 4370 αὺτῶν
1283 4304 1352 4370 είναι
1366 4312 1413 4370 τὀν
1429 4311 1535 4391 ρηθέντα

255 4433 335 4490 τόπον
350 4431 399 4505 την
414 4431 590 4509 Κεράνιτζαν,
612 4429 650 4504 μὴ
667 4428 887 4508 ἑφησυχαζόντων
903 4429 933 4490 δὲ
949 4437 1001 4490 τῶν
1018 4439 1147 4510 μοναχῶν
1162 4439 1215 4492 τῶν
1231 4433 1411 4509 δηλωθέντων
1431 4433 1534 4512 Ἰβήρων

256 4555 314 4624 ταῖς
335 4553 469 4624 τοιαύταις
490 4553 613 4624 τυπικαῖς
634 4549 737 4632 κρίσεσί
758 4572 789 4611 τε
811 4549 856 4612 καί
879 4547 1057 4634 ἀποδείξεσιν,
1081 4553 1235 4634 ἀνέδραμον
1259 4553 1284 4614 σί
1298 4559 1411 4616 τοιοῦτοι
1428 4549 1534 4631 μοναχσί

255 4681 303 4751 τῆς
331 4671 476 4755 εἰρημένης
503 4667 655 4747 σεβασμίας
681 4679 766 4749 μονῆς
788 4678 834 4734 τοῦ
857 4675 1016 4754 Προδρόμου
1039 4673 1085 4736 καί
1108 4677 1264 4756 ἐπορίσαντο
1287 4679 1450 4756 πρόσταγμα
1470 4674 1534 4756 παρὰ
