3240 5286
1294 329 1355 394 281

76 525 224 601 ἐξλθηνῶν
247 525 295 586 καὶ
317 530 362 586 τοῦ
383 524 457 605 ίεροῡ
474 526 666 606 Χριστοφόρου,
690 530 743 584 τῶν
761 525 789 584 ἐν
806 525 893 604 Μελᾷ
908 523 966 604 θρει
981 525 1165 602 ἀσκησσίντων,
1190 522 1357 602 ψαλλομένη

75 647 219 729 υῄθεκάτῃ
242 647 328 728 θγθέῃ
351 651 397 708 τοῦ
421 647 567 726 οάγοθστου
590 647 675 724 μηνθς
697 643 745 706 καὶ
767 647 796 706 ἐν
818 645 858 724 τῷ
876 645 964 726 καιρῷ
979 651 1032 704 τῶν
1048 647 1213 724 φθοροπσιῶν
1229 644 1357 725 ἀκρίδων,

75 769 216 828 συντεθεῖσα
246 769 297 844 μὲν
325 768 400 848 παρὰ
428 772 474 828 τοῦ
505 770 658 848 σοφωτάτου
689 767 855 828 διδάσκαλον
881 765 972 846 κυρίου
997 766 1142 846 Νεοφίιτου,
1174 765 1358 846 ίεροδιακόνου

77 888 284 965 Πελοποννησίου
310 895 356 950 τοῦ
378 890 632 970 Καυσσκαλυβίτου,
661 887 700 961 εἰς
723 888 873 965 ἑλληνικὴν
898 889 1053 967 διάλεκτον,
1083 889 1174 961 τάποις
1197 889 1229 949 δέ
1251 893 1358 969 πρῶτον

76 1011 214 1071 ἐκθοθεῐσαι
233 1012 465 1092 ήγουμενείνσντος
479 1015 526 1072 τοῦ
540 1013 743 1072 πανοσιωτάτου
758 1011 804 1072 καί
821 1011 1041 1086 σεβασμιωτοίτου
1055 1013 1158 1090 πατρὸς
1174 1009 1252 1090 άγίου
1267 1013 1358 1087 καθη-

73 1135 195 1210 γουμένου
220 1139 271 1210 τῆς
298 1135 327 1194 ἐν
353 1135 392 1214 τῲ
416 1135 502 1216 Μελᾷ
529 1134 584 1214 ὄρει
611 1135 741 1210 κειμένης
768 1133 853 1213 ἱεροῖς,
886 1131 1047 1212 σεβασμίας,
1078 1134 1226 1210 βασιλικῆς
1251 1153 1283 1192 τε
1310 1129 1358 1192 καὶ

74 1261 261 1336 πατρυερχικής
292 1256 422 1334 μεγίστης
450 1261 534 1334 μονῆς
564 1261 613 1332 τῆς
643 1254 792 1336 ὑπεραγίας
823 1256 950 1316 θεοτίτκου
983 1255 1126 1333 Παναγίας
1150 1259 1197 1316 τοῦ
1228 1254 1359 1331 Σουμελά

71 1377 153 1457 κυρίου
180 1379 363 1458 Χριστοφόρου
392 1375 440 1438 καὶ
469 1379 548 1456 ἁγίου
578 1379 770 1458 σκευοφθλακα
799 1377 890 1458 κυρίου
920 1378 1069 1455 Δαμιανοΰ,
1101 1375 1222 1452 ἐμμελεῖ
1252 1377 1283 1437 δὲ
1313 1374 1360 1437 καί

71 1498 167 1580 σπουδῇ
193 1499 239 1560 καὶ
266 1498 403 1582 συνθρσμῇ
429 1503 475 1560 τοῦ
502 1499 536 1560 ἐκ
556 1503 605 1575 τῆς
628 1501 711 1576 αὐτῆς
734 1505 820 1575 μονῆς
844 1499 992 1580 Παρθενίου
1015 1497 1224 1579 ἀρχιμανδρίτου
1246 1499 1360 1580 Τραπε-

72 1619 181 1690 ζουντίου
202 1625 248 1682 τοῦ
271 1619 497 1702 Μεταξσποίλου,
520 1621 584 1698 παρ’
597 1615 628 1682 οὗ
652 1623 806 1682 συντεθεῖσα
828 1619 875 1682 καὶ
897 1621 960 1696 ήέν
976 1622 1084 1697 συνόψει
1099 1619 1201 1701 ἱστορία
1216 1625 1262 1681 τοῦ
1278 1620 1360 1695 βασι-

69 1741 141 1801 λείου
167 1748 216 1817 τῆς
245 1745 397 1824 περιφήμου
419 1745 633 1823 Τραπεζοῦντος.
679 1744 727 1802 Ἐν
750 1743 851 1825 Λειψίᾳ
880 1749 929 1820 τῆς
952 1738 1085 1815 Σαξονίας
1117 1742 1145 1802 ἐν
1177 1743 1230 1802 ἔτει
1260 1740 1359 1824 ,αψσε’.

263 2008 359 2074 XIII.
385 2007 635 2097 [6988-1480],
659 2031 771 2074 mense
795 2009 1041 2091 ianua1·io,ind.
1066 2009 1160 2074 XIII.

70 2175 231 2229 Ρυίτίασοίυα
243 2173 384 2229 Maximus
400 2177 459 2230 ΙΙΙ.
476 2183 555 2248 σοφαί
571 2177 661 2230 ducem
681 2177 835 2230 Venetorum
849 2177 978 2229 Ioannem
991 2175 1171 2247 Μουσαίρυυι,
1188 2181 1218 2228 ut
1233 2181 1362 2246 ρσοίσραί

69 2279 201 2333 ecclesiam
219 2297 346 2350 ρτασοιιου
367 2281 396 2333 ἀι
415 2281 541 2335 dominiis
562 2281 755 2334 transmarinis
775 2282 817 2334 rei
830 2281 959 2349 publicae
975 2281 1161 2351 concedatque,
1178 2287 1208 2332 ut
1228 2285 1362 2352 quaerant

568 2386 597 2438 in
613 2385 651 2438 εἰσ
667 2387 853 2456 eleemosynas.

69 2559 120 2638 Τῷ
135 2562 495 2642 μεγαλοπρεπεστάτην,
521 2562 778 2641 ἐπιφανεστάτῳ,
796 2561 1061 2641 ἐκλαμπροτσίτῳ
1078 2559 1171 2622 ἀουκί
1186 2567 1244 2638 τῆς
1261 2562 1360 2620 Βενε-

155 2682 237 2762 τίας,
262 2683 427 2764 ἐπιτρίτῳ
451 2689 515 2742 τῶν
536 2687 695 2764 πενήτων,
718 2683 818 2764 κυρίῳ
841 2680 956 2768 κατάί)
979 2685 1084 2743 πάντα
1108 2682 1270 2764 ἀρίστῳῖ).

168 2840 507 2921 ήΜεγαλοπρεπὲστατε,
531 2841 734 2920 ἐπιφανέστκτε,
760 2839 968 2920 ἐκλαμπρότατε
992 2837 1057 2911 aab}
1072 2835 1211 2919 Βενετίας,
1235 2835 1363 2919 ἐπίτραπε

68 2967 119 3020 τῶν
140 2963 274 3040 πενήτων,
303 2963 393 3040 χάριν,
425 2959 543 3042 εἰρήνην,
574 2961 667 3040 ὑγείαν
689 2965 788 3040 ψυχῆς,
820 2961 900 3042 ῥῶσιν
924 2963 1061 3038 σώματος,
1084 2961 1160 3034 νίκοίς
1182 2961 1242 3020 κατ’
1256 2947 1362 3041 ἐχθρῶν

68 3081 112 3142 καί
136 3087 190 3142 τάν
218 3083 321 3162 ἀγαθον
350 3082 459 3160 εὔχεται
485 3085 503 3157 ἠ
532 3084 674 3163 μετριότης
700 3085 779 3158 ήμῶν
801 3090 836 3164 τῇ
860 3083 1075 3165 ἐκλαμπρστάτῃ
1099 3103 1144 3143 σου
1168 3082 1300 3163 αθθεντίᾳ.
1348 3081 1362 3140 θ

68 3205 154 3282 κάριος
176 3205 255 3277 ἡμῶν
278 3201 324 3264 καὶ
347 3205 419 3283 θεὸς,
450 3205 465 3263 ὁ
487 3209 536 3280 τῆς
559 3204 694 3284 σωτηρίας
716 3206 795 3280 ἡμῶν
818 3204 944 3285 ἀρχηγὸς
966 3201 1013 3263 καὶ
1035 3203 1186 3278 τελειωτὴς
1209 3203 1325 3280 Ἰησοῦς,
1348 3203 1363 3260 ὁ

68 3325 113 3399 τὴν
137 3327 237 3404 ἄροτον
266 3326 467 3404 συγκατάβασιν
490 3324 536 3385 καὶ
560 3323 716 3400 οἰκονομίαν
738 3327 854 3400 ποιήσας
876 3323 924 3384 καὶ
946 3324 1090 3385 κατελθὼν
1115 3324 1220 3386 ἐκτῶν
1243 3324 1363 3404 οάρανῶν

69 3447 249 3521 ἀμεταβάτως
280 3444 345 3530 (ποῦ
374 3447 427 3526 γάρ
456 3449 488 3505 ἂν
511 3449 529 3522 ἡ
551 3445 610 3518 πῶς
634 3445 770 3522 μεταβαίη
793 3447 808 3505 ὁ
829 3451 969 3524 πανταχοῦ
994 3445 1122 3518 ἐνουσίως
1144 3444 1190 3506 καί
1213 3443 1364 3526 σαρκωθεὶς

70 3567 100 3626 ἐκ
120 3575 170 3644 της
193 3568 370 3648 ἀειπαρθένου
393 3567 503 3648 Μαρίας
526 3567 737 3646 ἀμεταβλήτως,
761 3565 808 3628 καὶ
825 3567 964 3638 παλαίσας
986 3567 1169 3648 ἀνθρωπίνως,
1192 3567 1238 3628 καί
1253 3570 1365 3643 νικήσας

69 3690 110 3748 τὀν
140 3689 329 3772 ἀρχέκακονί)
360 3689 487 3768 δαίμονα,
516 3689 638 3765 ἶν’ήμᾶς
668 3691 748 3750 αὐτοῦ
778 3689 889 3765 νικητάς
913 3685 1053 3772 ἀναδείξῃ,
1084 3689 1145 3762 τοὺς
1167 3691 1298 3771 πρότερον
1320 3689 1364 3748 ἀπ’

71 3813 145 3872 αὑτοῦ
170 3809 218 3872 καὶ
247 3811 435 3886 ἀπατηθέντας
457 3809 504 3870 καὶ
532 3809 750 3892 δουλωθένταςς)
781 3804 859 3882 οὗτος
882 3810 978 3892 τοίνυν,
1009 3812 1095 3886 θτὴν
1120 3811 1277 3892 ἐλευθερίαν
1299 3812 1364 3885 ἡμῖν

71 3936 249 4014 χαρισάμενος
279 3932 324 3991 διὰ
352 3939 402 4008 της
426 3929 541 4012 ἀρρήτου
565 3931 731 4008 οἰκονομίας,
762 3933 845 3992 θτον
867 3934 1001 4013 ἡμέτερον
1024 3933 1116 4009 νοῠνί)
1141 3931 1197 4004 θείς
1221 3931 1260 4004 εἰς
1283 3930 1364 4006 αὐτὴν

71 4055 114 4128 τήν
136 4054 279 4134 ἀλήθειαν,
303 4047 333 4112 οὗ
354 4051 441 4134 χωρὶς
464 4053 513 4114 ουκ
536 4057 568 4112 άν
591 4055 721 4132 ἐπιτυχὴς
744 4054 854 4132 ἐγένετό
876 4073 943 4114 ποτε
965 4060 1015 4130 τῆς
1038 4053 1171 4128 ἀληθείας
1194 4055 1208 4112 ὁ
1230 4054 1365 4132 ἡμέτερος

72 4180 136 4254 νοῦς,
159 4180 177 4252 ἢ
202 4175 236 4250 δὴ
259 4176 402 4250 τελειίτης
430 4174 485 4235 ἐστὶ
508 4181 554 4236 τοῦ
575 4177 664 4256 νοῡί),
695 4177 709 4234 θ
732 4176 829 4254 λόγους
851 4173 898 4234 καὶ
921 4176 1012 4256 ἔργοις
1033 4171 1231 4246 καθυποδείξας
1254 4174 1302 4248 τὴν
1326 4172 1366 4244 είς

73 4299 200 4378 σωτηρίαν
222 4297 269 4358 καὶ
293 4299 371 4358 αὺτέν
396 4292 498 4382 [τὀνήί)
522 4298 632 4375 οῐυρανθν
655 4299 788 4378 φέρουσαν
812 4297 885 4376 ὁδὸν,
909 4294 955 4356 καί
977 4298 1066 4357 πάντα
1079 4298 1194 4372 ποιήσας
1208 4292 1256 4356 καί
1271 4295 1365 4356 παθὼν

129 4474 228 4479 .-.--.-
235 4473 273 4480 ...-

171 4583 191 4649 ¹)
209 4581 250 4632 καί
262 4583 312 4634 Th.
384 4583 405 4649 ²)
423 4584 456 4635 In
473 4589 549 4650 pane
569 4585 694 4636 exteriori
712 4583 843 4650 epistolae
855 4586 985 4651 seriptum
999 4597 1080 4633 manu
1093 4581 1250 4633 cancellarii
1263 4583 1363 4648 graeci.

76 4674 94 4738 ί)
111 4673 257 4747 ἀρχαίκακσν
275 4677 325 4728 Th.
396 4679 417 4744 ⁴)
436 4677 492 4728 νοάν
511 4695 588 4730 mser.
660 4679 680 4745 ³)
699 4677 754 4736 νοός
773 4695 849 4730 mser.
921 4677 942 4743 ί)
961 4677 1160 4743 ὃυρρίονίυιυο.
