3208 5310
1290 374 1332 438 63

62 574 97 630 τό
109 565 236 630 Δειιαδίου
258 567 360 646 μοόίιυν
377 566 414 650 β’,
436 569 467 628 τό
481 567 597 644 πλησίον
612 572 657 629 τοῦ
673 568 750 646 ἁγίου
765 567 920 630 Βασιλείαν.
944 569 1083 650 χιυροίρισν
1099 573 1151 628 τῶν
1167 567 1333 648 Σπηλαρίιυν

60 691 99 751 ῗπό
123 695 165 752 τοῦ
194 692 305 772 συνόρου
334 695 381 752 τοῦ
409 689 547 771 χωραρίου
575 694 622 752 τοῦ
644 690 805 767 Κοντοπόδη
834 688 936 766 μοόίιιιν
952 686 988 769 β’,
1018 687 1065 750 οιαὶ
1095 690 1159 749 αότό
1188 694 1234 751 τοῦ
1254 695 1334 750 παπᾶ

58 812 161 892 Ἀνδρέα.
182 815 323 892 χοιράριον
339 814 369 872 τό
385 813 583 891 ἐπιλεγόμενον
598 817 647 888 τῆς
660 810 822 893 Ἀγορασίας
838 812 891 872 ἀπό
905 813 936 872 τό
952 811 1061 892 σύνορον
1077 817 1125 886 ιῆς
1138 811 1333 890 Ἀμυγόαλέοις

57 933 92 992 ναί
113 939 153 995 τοῦ
177 936 319 1016 Δρεπάνου
346 939 392 996 τοῦ
419 935 558 1015 χωραρίου
586 934 688 1010 μοδίοιν
708 933 746 1015 ζ’,
778 935 831 994 ἀπό
857 938 903 994 τοῦ
930 937 1053 1012 μοναχοῦ
1079 933 1260 1014 Σιιορόαρέως
1285 940 1332 994 τοῦ

57 1057 195 1131 ἡγουμένω.
221 1059 304 1136 ἕτερα
326 1059 450 1138 χωροίρια
472 1057 507 1116 τὰ
523 1057 710 1135 ἐπιλεγόμενα
731 1061 781 1132 τῆς
797 1054 923 1134 Ῥοόέοις,
937 1055 972 1116 τὰ
988 1055 1056 1136 ἅπερ
1072 1055 1175 1132 ἔχομεν
1191 1054 1333 1136 ἀγοραστόι

58 1176 97 1234 ἀπό
115 1181 156 1237 τσό
177 1177 342 1258 Καρυόόιιη,
367 1178 469 1254 μοδίιυν
491 1177 529 1256 γ’.
554 1175 594 1248 τίς
616 1179 662 1238 τὀν
686 1177 764 1238 αυτόν
786 1179 868 1237 τόπον
892 1171 1064 1261 [χωράριον],
1086 1178 1116 1236 τό
1139 1177 1207 1255 ὅπερ
1231 1176 1332 1254 ἔχομεν

57 1298 97 1356 &ab
122 1303 240 1378 μοναχοό
270 1303 317 1360 τοῦ
339 1299 564 1374 Κουβουιιλησίου
587 1297 689 1374 μοδίυιν
706 1297 732 1358 α’
743 1295 796 1373 ς”.
828 1299 908 1377 ἕτεροι
939 1299 1064 1378 χιυρόρια
1090 1297 1143 1358 ἀπό
1167 1298 1264 1358 Καλοῦ
1286 1302 1333 1358 τοῦ

57 1419 164 1498 όερματᾶ
184 1421 219 1480 τὰ
241 1421 309 1482 ὄντα
333 1419 372 1493 εἰς
391 1423 436 1482 τόν
452 1422 635 1501 Κοιιιιογυρέα
651 1419 753 1494 μσδίυιν
766 1417 793 1494 β’
801 1418 853 1494 ς”.
877 1422 970 1500 ἕτερον
985 1421 1123 1500 χωρόφιον
1139 1418 1179 1492 εἰς
1193 1420 1239 1480 τὀν
1254 1421 1333 1481 αυτόν

57 1543 119 1600 τόπον
138 1542 182 1603 ιιαὶ
204 1544 286 1604 αὐτόν
309 1544 362 1604 ἀπό
384 1548 431 1603 τοῦ
446 1544 577 1622 Δερμοιτᾶ
599 1543 701 1619 μοδίιυν
718 1541 809 1617 σ’ς”.
834 1540 873 1614 εἰς
895 1543 941 1602 τόν
963 1543 1042 1601 αὐτόν
1064 1545 1145 1602 τόπον
1162 1537 1333 1628 [χωράριον],

56 1665 79 1720 ’ό
96 1663 154 1744 ὅπερ
176 1665 281 1743 ἔχομεν
305 1665 334 1726 ἐν
356 1669 390 1748 τῇ
414 1660 546 1752 Φυαπ[ῇ]
566 1663 605 1747 (2)
629 1665 683 1726 ἀπό
706 1671 755 1740 τῆς
778 1663 922 1744 Μαγδσῦς,
954 1662 1058 1737 μοόίιυν
1074 1662 1100 1722 α’
1112 1662 1164 1738 ς”.
1195 1665 1333 1744 χοιρόριον

57 1787 91 1842 τοῦ
108 1785 223 1864 Μάριον
250 1786 307 1846 ἀπό
334 1791 380 1846 τοῦ
403 1788 580 1865 Μαντζιρσίρη
608 1785 757 1865 δειιόλιτροι
771 1785 809 1864 γ’.
843 1788 936 1866 ἕτερον
961 1787 1100 1866 χυιροίφιον
1124 1781 1164 1857 είς
1185 1787 1231 1846 τόν
1254 1785 1333 1846 αίντόν

57 1907 128 1984 τόπον,
148 1908 177 1968 τό
198 1909 267 1987 ὅπερ
292 1908 395 1986 ἔχομεν
418 1907 471 1968 ἀπό
492 1915 542 1984 τῆς
557 1907 691 1988 Μαγδοῦς
714 1908 864 1988 δενάλιτρα
879 1905 917 1986 γ’.
948 1909 1041 1986 ἕτερον
1063 1909 1201 1986 χωρσίριον
1226 1904 1265 1979 είς
1286 1909 1332 1968 τόν

58 2027 118 2086 όιόον
134 2029 221 2108 πόντον,
252 2029 286 2090 τό
308 2030 374 2109 ὅπερ
397 2029 501 2108 ἔχομεν
525 2029 578 2089 ἀπό
601 2034 647 2090 τοῦ
669 2035 748 2089 ποποῖ
771 2027 908 2108 Ἀνδρέου,
940 2028 1043 2104 μοδίων
1059 2027 1095 2104 β’.
1126 2031 1264 2109 χωρόριον
1286 2033 1332 2090 τοῦ

57 2147 230 2230 Σόλαβοσέργη
253 2153 287 2212 τό
310 2150 339 2211 όν
361 2172 392 2210 τε
416 2149 455 2223 εἰς
477 2152 526 2223 τὰς
541 2151 658 2223 Ῥοόὲοις
680 2151 711 2212 τό
732 2149 850 2228 πλησίον
872 2150 1010 2232 χωραφίου
1032 2155 1078 2210 τοῦ
1095 2151 1212 2232 Ἰσαβέρι
1231 2150 1332 2226 μοόίιυν

57 2267 85 2344 γ’.
102 2275 230 2352 χυρόριον
253 2273 285 2332 τό
301 2271 518 2350 Κουλουμειιοίτο
540 2274 570 2332 τό
595 2273 793 2351 ἐπιλεγόμενον
814 2276 861 2333 τοῦ
876 2273 990 2332 Λαίνυιου
1006 2271 1107 2348 μοόίιον
1123 2271 1159 2346 β’.
1183 2275 1332 2354 χωροίριον,

57 2389 79 2448 τό
96 2393 153 2472 ὅπερ
174 2393 280 2472 ἔχομεν
296 2395 410 2456 ἀπὸτοῦ
426 2393 541 2475 Ἀστέρι,
558 2394 662 2470 μοδίοιν
677 2393 714 2474 γ’.
737 2397 865 2474 χωροὶρια
879 2394 933 2454 τῶν
948 2395 1071 2474 Βαρέων,
1094 2394 1129 2454 τόι
1143 2397 1212 2476 ἅπερ
1229 2396 1333 2474 ἔχομεν

58 2509 97 2569 ἀπό
116 2517 156 2572 τοῦ
169 2514 352 2594 Λιβανθηνοό,
376 2515 478 2590 μυδίυιν
494 2515 533 2592 η’.
558 2517 651 2596 ἕτερον
673 2517 813 2596 χωρόφιον
835 2517 866 2575 τό
888 2515 993 2576 ἄνωθεν
1015 2518 1046 2576 τό
1063 2517 1263 2596 ἐπιλεγόμενον
1278 2522 1332 2578 τῶν

57 2631 262 2712 Τραπεζυιμάτυνν
286 2635 333 2698 καὶ
356 2639 420 2698 «inb
443 2637 496 2698 ἀπό
519 2641 564 2698 τοῦ
580 2637 750 2714 Λιβανόηνοῦ
774 2637 875 2713 μσδίιιιν
886 2637 923 2716 γ’.
949 2636 989 2710 εἰς
1010 2639 1055 2698 τόν
1078 2640 1156 2698 αὐτόν
1172 2640 1254 2700 τόπον
1269 2661 1331 2717 χιο-

58 2755 131 2832 ρόριον
151 2763 194 2818 τοό
215 2759 391 2834 Κανιιιοπόδη
416 2759 515 2834 μοόίων
533 2758 569 2834 β’.
603 2753 763 2844 [χωρόριον]
786 2764 833 2820 τοῦ
857 2761 1057 2841 Μεοοιπρῶτοιι,
1085 2762 1116 2820 τό
1138 2761 1205 2841 ὅπερ
1230 2762 1332 2839 ἔχομεν

59 2873 98 2934 ἀπὸ
117 2877 252 2941 Νιναλοίου
274 2885 322 2941 τοῦ
344 2882 484 2960 Ζυμώνου,
508 2879 611 2956 μοδίιυν
635 2880 671 2955 β’.
694 2883 844 2962 χωρόρισν,
866 2883 897 2941 τό
919 2883 986 2962 ὅπερ
1009 2883 1112 2960 ἔχομεν
1134 2883 1187 2942 ἀπό
1210 2887 1332 2962 μουοχοό

60 2995 178 3081 ’ίιιόιβομ
202 3001 307 3076 μοόίιυν
323 3001 356 3072 ζ’.
380 3005 517 3082 χωράφιον
539 3005 586 3062 τοῦ
601 3001 751 3083 Καρυδοίιιη
768 3001 815 3062 ιιοιὶ
830 3005 894 3063 «inb
910 3004 963 3063 ἀπό
979 3008 1025 3064 τοῦ
1040 3009 1119 3064 παποῖ
1134 3003 1248 3085 Ἀνδρέα
1265 3000 1330 3090 [μο-

60 3113 117 3202 ἒίων]
133 3121 162 3182 ε’.
186 3121 225 3192 εἰς
246 3125 293 3184 τὀν
318 3122 399 3184 αὐτόν
420 3125 502 3183 τόπον
524 3120 673 3204 χωρσίφιον,
695 3124 727 3184 τό
742 3125 809 3205 ὅπερ
825 3125 928 3202 ἔχομεν
944 3125 996 3186 ἀπὸ
1014 3126 1134 3204 Μιχαὴλ
1148 3129 1194 3186 τοῦ
1210 3125 1330 3186 Ἀλατο-

60 3240 135 3318 ρόγου,
149 3241 247 3316 μοδίιιν
258 3243 297 3324 γ’.
324 3241 481 3320 ἐξάμπελσν
498 3242 538 3317 εἰς
552 3245 601 3320 τὴν
616 3244 775 3306 τοποθεσίαν
790 3251 844 3305 τῶν
860 3245 967 3326 Τριβῶν
984 3245 1133 3326 δειιάλιτρα
1145 3246 1181 3306 ν’.
1205 3249 1331 3328 χωράφιοι

60 3361 94 3416 τοῦ
112 3359 237 3444 Ξέρανος,
260 3365 296 3425 τὰ
319 3367 388 3444 ἅπερ
411 3367 514 3444 ἔχομεν
538 3362 592 3426 ἀπό
613 3370 659 3426 τοῦ
675 3366 813 3446 Ἰσαβέριρ,
837 3366 940 3442 μοδίων
955 3366 993 3445 γ’.
1018 3365 1059 3439 εἰς
1080 3369 1125 3428 τόν
1150 3370 1228 3428 αὐτόν
1250 3371 1332 3429 τόπον

61 3483 183 3564 χυρόριον,
203 3488 234 3546 τό
257 3488 327 3568 ὅπερ
350 3487 452 3564 ἔχομεν
475 3487 528 3548 ἀπό
548 3487 670 3566 Μιχαὴλ
691 3488 737 3546 τόν
753 3489 962 3569 Πλαοτοφαίγον,
987 3489 1089 3565 μοδίιυν
1104 3489 1142 3568 γ’.
1173 3487 1332 3566 ἐξαίμπελον

62 3604 240 3687 τνῦΒοηόηνοῡ,
256 3610 288 3668 τό
305 3609 371 3688 ὅπερ
388 3609 491 3686 ἔχομεν
506 3608 559 3669 ἀπό
575 3613 620 3670 τοῦ
636 3611 823 3692 Μαντζιροίρη,
839 3610 934 3686 μσόίου
950 3613 1011 3671 ἑνοϋ
1026 3614 1116 3688 ἥμισυ.
1133 3615 1226 3694 ἕτερον
1243 3610 1332 3688 ἐξάμ-

62 3723 128 3784 πελσν
147 3729 175 3788 τό
197 3729 398 3808 ἐπιλεγόμενον
420 3735 470 3807 τῆς
485 3731 603 3811 Βορέας,
626 3732 657 3790 τό
680 3733 748 3811 ὅπερ
771 3733 875 3810 ἔχομεν
891 3733 924 3793 ἐιι
938 3735 984 3793 τοῦ
999 3734 1161 3815 Καρυόόιιη,
1183 3733 1332 3816 δειιιίλιτρα

63 3841 90 3916 γ’.
115 3845 149 3921 εἰς
168 3852 212 3910 τὀν
235 3852 316 3912 αὑτὸν
338 3853 421 3912 τόπον
443 3855 592 3932 χωροίριον,
615 3854 646 3912 τό
669 3855 735 3932 όπερ
759 3854 862 3931 ἔχομεν
884 3855 937 3915 ἀπό
960 3859 1006 3914 τοῦ
1029 3855 1212 3936 Μαλακηνοῦ,
1237 3856 1331 3931 μοδίου

65 3973 132 4034 ίῑννλ
151 3976 288 4053 χωράριον
310 3977 357 4032 τοῦ
372 3973 561 4054 Κοιυιογυρία,
583 3975 614 4034 τό
636 3975 704 4054 ὅπερ
720 3974 823 4052 ἔχομεν
840 3975 894 4035 ἀπό
910 3979 955 4036 τοῦ
971 3977 1158 4058 Μαντίιροίρη,
1175 3976 1278 4052 μοόίων
1294 3976 1330 4053 β’.

64 4091 173 4168 χνρόφισν
199 4096 230 4154 τό
260 4095 463 4172 ἐπιλεγόμενον
492 4099 538 4155 τοῦ
560 4095 687 4176 Κᾴρβαρι
718 4093 758 4165 εἰς
780 4101 829 4171 τῆς
852 4097 1016 4171 Λεπήδενας
1038 4099 1084 4158 τόν
1107 4097 1206 4177 δρυμόν
1229 4097 1331 4174 μσδίυιν

66 4205 110 4268 ὐοό
129 4215 212 4287 ἥμισυ.
257 4218 397 4296 χωράριον
424 4221 470 4276 τοῦ
493 4218 590 4291 Κήπου
617 4215 657 4288 εἰς
684 4217 732 4292 τὴν
755 4217 907 4298 Ποταμίαν,
937 4220 967 4278 τό
994 4221 1062 4300 όπερ
1085 4220 1187 4296 ἔχομεν
1210 4219 1263 4280 ἀπό
1285 4225 1332 4281 τοῦ

66 4325 184 4415 Ῥῦῧατόῖι,
206 4337 310 4414 μοόίιυν
327 4335 363 4412 β’.
389 4339 481 4416 ἕτερον
503 4340 641 4417 χωροὶριον
663 4342 710 4398 τοῦ
732 4339 860 4415 Σπηλέου
882 4339 954 4400 ιιατόι
974 4346 1024 4417 τῆς
1040 4341 1206 4420 Ῥαδαφνοός
1229 4341 1331 4416 μοόίων

66 4445 91 4516 13'·
112 4460 226 4537 χιοριίρια
248 4465 299 4534 τῆς
322 4457 405 4536 ἁγίας
427 4457 576 4538 Θεστόνιου,
599 4459 632 4518 τὰ
655 4461 724 4539 ἅπερ
747 4461 850 4537 ἔχομεν
873 4460 926 4521 ἀπό
948 4465 994 4521 τσῦ
1017 4462 1206 4544 Χρυσοβέργη,
1230 4464 1331 4540 μοόίιυν

66 4567 92 4636 ό.
111 4577 191 4657 ἕτερον
204 4583 346 4660 χωραίφιον
361 4585 411 4656 τῆς
426 4577 572 4656 Ἐμπολῆς
587 4579 690 4656 μοδίυιν
702 4580 729 4660 γ’
752 4581 799 4642 ιιαὶ
816 4582 879 4641 αὐτό
895 4582 948 4642 ἀπό
963 4587 1008 4643 τοῦ
1024 4584 1213 4665 Χρυσσβέργη.
1238 4587 1331 4667 ἕτερον

67 4699 176 4777 Ινινράριον
197 4709 246 4780 τῆς
262 4703 421 4780 Ἀποθήιιης
442 4703 473 4762 τό
495 4702 611 4779 πλησίον
633 4708 680 4764 τοῦ
694 4705 859 4779 Ζυμωνοίτου
880 4703 928 4764 καί
949 4709 995 4765 τοῦ
1010 4705 1158 4766 Βασιλιποό
1181 4708 1264 4788 μέχρι
1284 4710 1331 4768 τοῦ
