3486 5282
342 243 406 310 226

342 439 514 518 καταστίχων
543 435 659 520 ἐξήχθη,
691 441 731 501 ότι
758 439 784 500 οἱ
810 441 964 522 καλόγηροι
990 443 1037 500 τοῦ
1059 435 1131 500 κατά
1152 441 1200 516 τὴν
1224 439 1252 498 ἐν
1275 439 1480 518 Πελοποννήσῳ
1503 437 1642 518 ἐπαρχίαν

343 563 530 644 Καλαβρθτων
560 565 686 640 κειμένου
713 563 892 644 μονοιοιηρίου
916 565 1001 643 Μέγα
1022 565 1162 639 Σπήλαιον
1191 563 1220 624 ἐν
1247 562 1334 644 καιρῷ
1361 569 1411 639 τῆς
1433 562 1567 633 ἁλώσεως
1590 567 1643 638 τῆς

342 687 509 767 χερσονήσου
540 685 731 763 ἀπεδέχθησαν
761 686 814 766 πρδ
843 689 949 746 πάντων
978 687 1027 761 τὴν
1055 687 1192 763 ὐποταγὴν
1221 685 1268 746 καί
1299 685 1380 762 ἐδόθη
1403 683 1444 759 εἰς
1465 687 1565 766 χεῖράς
1587 707 1643 744 των

343 807 465 888 αθατηρά
488 807 616 882 βασιλικὴ
640 807 756 886 διαταγὴ
780 807 1006 884 διαλαμβάνουσα
1026 809 1075 884 τὴν
1098 807 1241 868 ἀσυδοσίαν
1259 829 1312 868 των
1327 806 1373 868 καί
1389 809 1438 886 ότι,
1459 807 1504 887 ἀρ
1516 801 1548 868 οὗ
1562 808 1643 884 πλη-

342 926 443 1009 ρωνουν
466 931 527 989 κατ’
541 929 602 1002 έτος
625 927 664 1000 εἰς
686 931 731 989 τδν
755 928 896 1003 βασιλικόν
919 951 971 1006 μου
993 931 1125 1011 θησαυρόν
1149 929 1194 990 διὰ
1215 935 1268 990 τῶν
1291 931 1436 1008 ἡγεμόνων
1451 933 1497 990 τοῦ
1512 930 1644 1009 Μωρέως

343 1053 414 1127 μετά
437 1059 486 1128 τῆς
508 1053 660 1132 γενομένης
682 1053 839 1133 προσθήκης
860 1053 891 1112 τδ
914 1052 980 1112 όλον
1002 1055 1146 1134 τριάκοντα
1167 1053 1247 1112 πέντε
1262 1051 1391 1131 χιλιάδες
1405 1051 1495 1112 λεπτά
1510 1049 1642 1132 (ἄστρα),

342 1177 381 1246 ῶς
404 1175 540 1250 ἀντίτιμον
561 1181 612 1250 της
633 1174 777 1246 ἀσυδοσίας
798 1181 853 1234 τῶν
876 1171 998 1235 δεκάτων
1021 1174 1069 1234 καὶ
1091 1175 1189 1236 ἀλλων
1211 1176 1299 1256 ρόρων
1322 1174 1368 1234 διά
1382 1174 1415 1233 τά
1430 1175 1642 1253 ὑποτεταγμένα

342 1295 381 1368 εἰς
403 1298 433 1356 τό
457 1297 538 1376 ῥηθέν
562 1300 739 1378 μοναστήριον
761 1299 888 1372 κτήματα
910 1296 956 1356 καὶ
979 1295 1072 1378 γαίας,
1095 1296 1129 1356 νά
1151 1297 1190 1373 μὴ
1214 1296 1383 1375 ένοχλῶνται
1401 1296 1465 1378 παρ’
1476 1295 1642 1370 οθδενδςμέ

342 1420 501 1494 ἀπαιτήσεις
530 1419 655 1479 τοιούτων
685 1422 783 1499 ρόρων.
830 1419 925 1494 ἐπειδὴ
957 1417 989 1479 δὲ
1019 1418 1137 1480 ἐναντίον
1167 1425 1221 1479 τῶν
1250 1419 1400 1494 βασιλικῶν
1424 1440 1476 1494 μου
1499 1418 1641 1494 διαταγῶν

341 1541 518 1620 ήνωχλοῶντο
540 1541 615 1623 παρὰ
636 1547 689 1601 τῶν
713 1541 895 1622 διωρισμένων
918 1540 1039 1602 συνάδων
1062 1543 1098 1616 μέ
1120 1543 1185 1613 νέας
1207 1541 1366 1617 ἀπαιτήσεις
1387 1539 1434 1601 καί
1457 1541 1561 1618 λήψεις
1586 1538 1642 1612 ἔξω

340 1667 387 1724 τοῦ
418 1661 561 1742 εἰρημένου
590 1663 725 1739 ἀντιτίμου
755 1669 804 1740 τῆς
835 1662 976 1735 ἀσυδοσίας
1006 1683 1059 1722 των
1087 1662 1133 1724 διά
1158 1663 1192 1723 τά
1219 1665 1346 1738 κτήματα
1372 1663 1407 1722 τά
1429 1662 1642 1743 έκχερσωθέντα

340 1785 387 1846 καὶ
417 1785 659 1867 καλλιεργοθμενα
687 1787 752 1867 παρ’
771 1787 857 1846 αὐτῶν
888 1785 928 1857 εἰς
955 1787 1003 1862 τὴν
1034 1786 1161 1867 ῥηθεῖσαν
1190 1787 1357 1866 χερσόνησον
1387 1785 1434 1846 καί
1463 1789 1564 1866 ρόρους
1597 1786 1641 1846 διὰ

340 1908 421 1986 χιλια
442 1908 565 1990 πρόβατά
587 1929 649 1985 των,
673 1905 720 1968 καὶ
743 1908 838 1984 ἐπειδὴ
861 1909 892 1968 τό
914 1908 1049 1983 ἀντίτιμον
1072 1914 1122 1985 τῆς
1143 1909 1267 1981 παλαιάς
1282 1908 1424 1985 ἀποκοπῆς
1438 1913 1492 1967 τῶν
1509 1907 1640 1968 δεκάτων

341 2027 388 2090 καί
409 2033 508 2110 ρόρων,
531 2036 585 2090 τῶν
607 2030 706 2091 ότοίων
728 2031 746 2104 ἡ
768 2031 907 2110 πληρωμὴ
930 2031 1062 2110 ὠρειλετο
1085 2031 1138 2092 ἀπδ
1160 2031 1222 2104 τοθς
1241 2032 1416 2112 καλογήρους
1430 2035 1477 2091 τοῦ
1492 2027 1641 2111 εἰρημένου

342 2150 520 2232 μονασιηρίου
543 2153 587 2214 διὰ
609 2153 642 2212 τόι
664 2155 791 2229 κτήματα
812 2152 859 2212 καὶ
880 2153 929 2224 τάς
950 2149 1033 2232 γαίας
1055 2173 1117 2234 των,
1141 2153 1251 2230 δηλαδὴ
1276 2154 1304 2214 αἱ
1324 2152 1489 2214 εἰκοσιπέντε
1508 2153 1640 2232 χιλιάδες

340 2273 430 2336 λεπτά
453 2273 571 2359 (ἄστρα)
594 2277 763 2352 συναζόμενα
784 2277 859 2355 ταρά
879 2281 933 2335 τῶν
956 2277 1100 2355 ήγεμόνων
1122 2279 1168 2336 τοῦ
1192 2277 1318 2357 Μωρέως
1341 2276 1506 2336 ἐστέλλοντο
1530 2273 1572 2348 εἰς
1595 2277 1641 2334 τόν

341 2396 484 2470 βασιλικόν
507 2417 558 2474 μου
581 2399 713 2478 θησαυρόν
735 2395 782 2457 καί
797 2394 867 2474 ήοαν
883 2398 983 2457 ἐκτῶν
1000 2397 1333 2478 συμπεριλαμβάνομένων
1350 2395 1391 2470 εἰς
1405 2397 1454 2473 τὴν
1469 2399 1639 2476 ήγεμονείαν

340 2523 386 2580 τοῦ
410 2521 546 2600 Μωρέως.
573 2520 644 2580 κατά
668 2519 699 2580 δέ
721 2521 752 2579 τό
775 2520 836 2592 έτος
861 2517 944 2582 1200
966 2521 984 2596 ἡ
1008 2521 1118 2601 ῥηθεῖσα
1142 2521 1267 2596 ἀποκοπή
1291 2521 1359 2595 όμοῶ
1382 2519 1418 2597 μέ
1441 2519 1534 2593 άλλας
1550 2541 1638 2602 προσ-
1696 2535 1697 2573 ι

341 2641 420 2713 όδους
448 2640 583 2722 ἐχωρίσθη
611 2641 657 2702 καὶ
687 2642 767 2718 ἐδόθη
793 2643 860 2722 πρός
886 2662 960 2714 τινας
988 2643 1017 2702 έν
1044 2642 1112 2702 εἴδει
1135 2640 1271 2718 μαλκιανὲ
1295 2641 1339 2702 διὰ
1362 2642 1550 2719 ἀντάλλαγμα
1576 2639 1640 2704 200

340 2764 466 2844 γροσίων,
498 2762 522 2824 οί
554 2763 584 2822 δέ
614 2765 751 2839 ἡγεμόνες
779 2768 824 2823 τοῦ
855 2761 998 2844 εἰρημένου
1028 2769 1150 2838 μουκατά
1181 2763 1227 2824 δέν
1257 2764 1350 2844 ἀριναν
1381 2762 1421 2836 είς
1446 2765 1565 2842 ήσυχίαν
1594 2762 1638 2823 καὶ

339 2885 540 2966 παρηνώχλουν
561 2885 623 2958 τοὺς
645 2885 820 2966 καλογήρους
842 2890 889 2946 τοῦ
912 2886 1039 2966 ῥηθέντος
1062 2885 1240 2965 μσναστηρίου
1260 2887 1296 2961 μέ
1316 2886 1474 2961 ἀπαιτήσεις
1488 2889 1580 2967 φόρων
1596 2885 1637 2946 διὰ

339 3009 373 3068 τά
403 3009 530 3084 κτήματα
559 3006 606 3066 καὶ
635 3008 780 3089 τεριβόλια
811 3007 857 3068 καὶ
885 3007 1064 3088 ἑλαιόδενδρά
1094 3029 1156 3088 των,
1187 3008 1232 3068 διὰ
1257 3012 1339 3068 ταῦτα
1368 3009 1413 3068 ἐπὶ
1434 3015 1467 3090 τῇ
1491 3009 1572 3084 βάσει
1594 3013 1638 3068 τοῦ
1694 3079 1695 3096 γ

341 3131 380 3190 ότι
403 3129 427 3190 οἱ
450 3129 603 3211 καλόγηροι
625 3135 671 3190 τοῦ
702 3131 830 3212 ῥηθέντος
852 3130 1032 3208 μοναστηρίου
1056 3128 1094 3201 εἰς
1115 3131 1164 3205 τἠν
1187 3131 1291 3191 ἅλωσιν
1314 3135 1359 3191 τοῦ
1383 3131 1508 3211 Μωρέως
1531 3131 1636 3190 ἀπεδέ-
1694 3099 1695 3185 θ

339 3253 445 3330 χθησαν
474 3257 576 3332 πρῶτοι
605 3253 653 3327 τὴν
682 3253 829 3332 θποταγήν,
858 3254 887 3311 τό
918 3251 1051 3326 ἀντίτιμον
1081 3257 1129 3329 τῆς
1152 3251 1297 3324 ἀτυδοσίας
1319 3273 1383 3334 των,
1413 3253 1568 3330 γενομένης
1592 3249 1636 3312 καὶ

339 3375 496 3454 προσθήκης
518 3373 587 3434 δέκα
608 3373 743 3452 χιλιάδων
766 3375 874 3434 λεπτῶν
898 3370 1034 3457 (άσπρων)
1058 3371 1097 3444 εἰς
1120 3375 1201 3450 αθιὴν
1223 3375 1272 3449 τἠν
1295 3374 1435 3450 ἀτοκοτήν
1457 3394 1521 3454 των,
1549 3373 1588 3434 δι’
1600 3369 1635 3433 ὧν

341 3497 405 3571 αθτὴ
436 3500 615 3571 ουμτοοοῶται
641 3493 751 3574 τριάντα
777 3497 857 3556 πέντε
884 3495 1012 3574 χιλιάδες
1038 3495 1126 3556 λεπτὰ
1155 3494 1270 3579 (ἄστρα)
1300 3497 1371 3556 κατὰ
1400 3497 1431 3556 τό
1455 3497 1514 3568 ἔτος
1538 3493 1630 3556 1211.
1693 3477 1694 3491 ¹

339 3622 422 3678 ταῦτα
451 3619 485 3678 τά
512 3621 643 3699 χρήματα
671 3621 871 3699 προσετέθησαν
901 3617 941 3691 εἰς
968 3620 1016 3694 τήν
1048 3619 1189 3694 ἀποκοπὴν
1218 3623 1264 3678 τοῦ
1295 3619 1324 3679 ἐν
1347 3619 1634 3680 Κωνσταντινουπόλει
1692 3681 1693 3706 ἢ

339 3737 540 3822 πατριαρχείου,
564 3740 608 3800 διά
630 3739 663 3800 νόι
684 3740 887 3822 ταραδίδωνται
909 3741 970 3800 κατ’
983 3741 1043 3811 έτος
1067 3738 1105 3813 είς
1126 3742 1172 3800 τόν
1196 3741 1327 3822 θησαυρόν
1352 3761 1402 3816 μου
1426 3741 1459 3800 έκ
1475 3742 1577 3821 μέρους
1592 3743 1633 3798 τοῦ
1692 3715 1693 3797 1

340 3862 467 3942 ῥηθέντος
488 3859 681 3943 πατριαρχείου
703 3860 750 3922 καὶ
773 3863 899 3944 ἀκυρῶθη
921 3861 952 3921 τδ
975 3862 1111 3942 ἔγγραφον
1134 3866 1180 3922 τοῦ
1203 3862 1349 3938 μαλκιανέ.
1375 3862 1469 3938 ἐπειδὴ
1487 3857 1556 3922 είναι
1574 3862 1631 3921 δια·

339 3986 505 4062 τεταγμένον
529 3981 569 4057 εἰς
591 3985 625 4044 τά
647 3983 700 4044 άνά
721 3987 817 4066 χεῖρας
839 3991 892 4045 τῶν
914 3985 1081 4066 καλογήρων
1105 3987 1248 4060 σωζόμενα
1269 3987 1403 4065 φερμάνιά
1425 4005 1487 4062 μου,
1510 3983 1544 4044 νά
1567 4005 1631 4064 κερ-

340 4106 449 4168 δαίνωσι
470 4107 504 4167 τά
528 4107 631 4168 δέκατα
652 4103 699 4168 καὶ
721 4108 782 4179 τοὺς
806 4109 902 4188 φόρους
924 4113 977 4166 τῶν
1001 4107 1029 4166 ἐν
1052 4109 1109 4180 τοῖς
1130 4105 1212 4188 όρίοις
1233 4111 1280 4168 τοῦ
1303 4108 1431 4188 ῥηθέντος
1454 4105 1631 4188 μονασιηρίου

338 4233 471 4305 κειμένων
493 4235 580 4308 γαιῶν
602 4228 649 4290 καί
671 4230 705 4288 νά
728 4230 766 4304 μὴ
790 4229 955 4290 ἀπαιτῶνται
978 4230 1073 4308 φόρους
1097 4227 1141 4288 διά
1163 4229 1196 4288 τά
1218 4229 1297 4307 χίλια
1319 4229 1443 4310 πρόβατά
1465 4249 1530 4310 των,
1557 4230 1629 4304 πλη·
1690 4235 1691 4250 ³

339 4353 470 4432 ρῶνοντες
496 4352 544 4428 τὴν
575 4352 715 4426 ἀτοκοπήν
737 4371 790 4410 των
813 4351 883 4426 μετὰ
905 4356 954 4426 τῆς
976 4352 1129 4430 γενομένης
1149 4352 1316 4432 προσθήκης,
1348 4351 1422 4428 μηδὲ
1443 4351 1477 4411 νδ
1500 4353 1629 4428 ζητηθῶσι

338 4474 404 4534 ποτέ
431 4475 495 4556 παρ’
507 4476 594 4534 αθτῶν
624 4477 699 4555 φόροι
730 4473 776 4532 διά
802 4472 835 4532 τά
866 4474 895 4532 ἐν
924 4475 979 4544 τοῖς
1011 4471 1093 4552 ὁρίοις
1114 4476 1161 4533 τοῦ
1183 4471 1361 4554 μονασπηρίου
1383 4472 1510 4554 κείμενα,
1542 4473 1628 4554 γαίας,

337 4597 482 4678 περιβόλια
504 4594 551 4656 καὶ
574 4595 763 4676 έλαιόδενδρα,
787 4593 834 4656 καί
856 4595 889 4653 νόι
912 4595 950 4670 μὴ
975 4593 1145 4673 ένοχλῶνται
1169 4594 1204 4669 μέ
1226 4595 1327 4673 λήψεις
1341 4597 1429 4676 φόρων
1446 4595 1491 4656 διὰ
1507 4597 1540 4656 τά
1554 4596 1628 4675 χιλια
