3194 5298
261 335 321 401 158

258 535 372 609 σαυρῶν,
396 531 434 601 ὡς
458 531 531 590 ἔοικε
541 527 574 612 ¹),
597 533 627 591 τδ
648 532 740 590 πιστδν
762 532 875 607 ἔχοντα·
900 528 946 589 καί
962 527 1045 590 πάλλ’
1058 533 1126 604 ἐμοῦ
1142 533 1263 592 καθόλου
1279 533 1416 610 συνελεῖν,
1443 533 1544 590 ἅπαντα
1573 515 1574 610 ί

258 651 328 733 ὡςί)
351 652 481 730 μεγίστης
504 653 588 724 όντως
612 653 762 728 ἐκκλησίας
784 652 830 712 καὶ
853 653 1079 734 πολυθρέμμονος
1102 654 1226 734 ἀρχιερεῖ
1248 653 1296 712 καί
1309 655 1418 728 ποιμένι
1435 653 1486 731 δεῖ,
1507 651 1545 709 καί

259 773 328 834 ἐστίν
356 774 559 856 ἐργωδέστατόν
582 775 649 850 όμοῖι
672 773 719 834 καί
741 775 843 855 σφόδρα
865 777 976 834 σπάνιον
1000 773 1038 833 ἑνί
1061 773 1223 854 ξυλλαχεῖν,
1255 777 1348 854 ὥσπερ
1371 773 1417 834 ἐπ’
1430 773 1499 852 αύτῷ
1518 773 1544 844 δή

257 895 414 976 προδήλως,
437 895 498 976 περὶ
521 890 552 957 ού
574 901 619 956 νύν
643 898 657 956 ό
677 896 765 975 λόγος
779 898 863 957 ἐστίν·
887 896 934 957 καί
950 897 1088 977 μηκύνειν,
1113 900 1151 968 ὡς
1168 898 1266 978 ἔοικεν,
1290 899 1320 957 ού
1336 897 1379 956 δεῖ
1393 897 1544 977 περαιτέρω.

256 1019 331 1094 πλὴν
354 1020 420 1098 όπερ
444 1019 547 1078 ἀνωθεν
570 1020 585 1076 ό
607 1019 694 1097 λόγος
709 1016 915 1100 ξυνεωραμένος
931 1015 1096 1098 ἀπεφήνατο.
1119 1024 1236 1079 τοσαῦτα
1251 1019 1286 1094 δὴ
1301 1023 1335 1078 τά
1350 1039 1381 1077 τε
1396 1023 1443 1078 τοῦ
1459 1017 1546 1096 ἀνδρός
1574 1055 1575 1112 γ

257 1136 329 1201 κατά
351 1141 413 1202 θεόν
437 1139 643 1216 εύδοκιμήματα
665 1140 711 1201 καί
735 1144 765 1201 τό
788 1147 837 1218 τῆς
859 1141 1001 1214 πολιτείας
1023 1139 1071 1201 καί
1092 1147 1138 1202 τού
1162 1141 1221 1216 βίον
1242 1141 1388 1222 περιφανὲς
1410 1139 1458 1200 καί
1472 1141 1544 1218 ύπερ-

257 1264 375 1343 ηρμένον
397 1261 445 1322 καί
467 1263 568 1342 σχεδόν
589 1263 792 1343 ἀπαράμιλλον.
816 1263 923 1324 καὶτοῦ
939 1284 972 1342 γε
987 1270 1037 1340 τῆς
1052 1265 1095 1324 ὑπ’
1105 1265 1183 1323 αύτδν
1200 1264 1352 1340 ἐκκλησίας
1368 1259 1466 1333 ἀστεος
1482 1258 1546 1330 αὖθις

258 1385 292 1444 τδι
313 1389 448 1467 προσόντα
468 1387 584 1446 παντοῖα
605 1386 691 1465 καλά,
715 1387 785 1446 ὥστε
807 1389 858 1446 κάν
882 1389 953 1462 μόνα
974 1387 1033 1462 δῆτ’
1046 1385 1112 1457 ἴσως
1126 1393 1235 1462 κινῆσαι
1250 1391 1332 1446 ταῦτα
1346 1387 1396 1460 τὴν
1412 1383 1545 1461 βασιλείαν

258 1529 311 1584 μου
339 1509 407 1588 πρός
434 1509 464 1568 τδ
491 1513 672 1585 μεταποιῆσαι
694 1505 740 1568 καί
763 1507 927 1588 προβιβάσαι
949 1508 998 1583 πἠν
1020 1509 1144 1585 τοιαύτην
1166 1509 1210 1570 ἐπ’
1224 1509 1302 1568 αύτδν
1326 1509 1481 1586 άγιωτάπην
1504 1506 1545 1564 ἐκ-

257 1629 375 1706 κλησίαν
398 1628 438 1702 είς
460 1631 574 1711 κρείττω
596 1629 655 1690 τινὰ
677 1629 723 1690 καί
746 1631 917 1710 ὑψηλοτέραν
940 1634 1103 1690 κατάστασιν
1126 1629 1173 1690 καί
1193 1627 1271 1703 ἀξίαν
1286 1629 1333 1690 καί
1350 1629 1456 1704 βαθμδν
1471 1631 1544 1706 ύπερ-
1575 1635 1576 1702 γ

257 1751 393 1832 κείμενον,
416 1752 468 1812 κάν
492 1750 515 1812 εί
523 1752 547 1828 ³)
571 1755 655 1828 μήπω
678 1753 819 1832 πρότερον,
842 1755 881 1823 ὡς
904 1751 1017 1834 εἴρηται,
1040 1757 1150 1812 τοιαῦτα
1164 1753 1343 1833 παραπλήσια
1359 1750 1407 1810 καὶ
1420 1753 1544 1828 γεγένητο
1575 1759 1576 1792 ³

257 1873 304 1934 καί
325 1877 465 1950 νενόμιστο
487 1873 635 1953 γίγνεσθαι.
660 1872 707 1934 καί
728 1875 801 1934 ταῦτ’
810 1873 885 1956 ἴσως,
902 1869 980 1956 Ἰᾗπερ
1004 1875 1080 1954 ἔφην,
1104 1875 1206 1946 ἱκανῶς
1229 1877 1261 1933 ἀν
1285 1869 1361 1952 εῖχεν
1385 1873 1507 1951 ἀφορμήν
1520 1891 1544 1928 τε

258 1997 349 2056 δοῦναι
378 1995 424 2056 καί
452 1998 584 2076 ύποφῆναι
616 1998 662 2056 τόν
690 1996 719 2056 ἐν
740 1997 843 2067 τούτοις
873 1998 954 2056 τύπον
975 1996 1023 2056 καί
1050 1999 1142 2078 νόμον,
1177 1998 1192 2055 δ
1216 1995 1285 2072 δῆτα
1306 1994 1353 2054 καί
1375 1995 1546 2076 παραπλήσια

257 2119 324 2178 ἀττα
354 2117 418 2190 ἴσως
449 2119 528 2199 ἕτερα
554 2120 694 2199 πρότερον,
729 2121 767 2190 ὡς
795 2119 879 2198 ἔοικε,
912 2117 959 2178 καί
983 2119 1123 2198 εἴργασται
1146 2117 1192 2178 καί
1214 2119 1264 2193 τὴν
1288 2118 1317 2177 ἐν
1339 2119 1442 2188 τούτοις
1465 2115 1545 2196 ἀργὴν
1576 2159 1577 2214 γ

258 2239 389 2300 δέδωκεν.
413 2237 473 2299 ἐπεί
496 2239 528 2299 δέ
551 2241 566 2299 ό
587 2261 617 2298 τε
639 2238 700 2320 περί
723 2241 822 2300 τούτων
846 2240 987 2313 βασίλειος
1010 2242 1093 2316 νόμος
1108 2241 1268 2320 προλαβών,
1293 2242 1331 2310 ὡς
1349 2241 1424 2319 ἔφην,
1449 2237 1544 2316 ἐπαίρει

257 2357 304 2420 καί
326 2360 421 2420 δίδωσι
443 2360 489 2423 καί
513 2362 581 2422 αθτόι
604 2360 638 2438 δὴ
662 2360 780 2446 ταῦθ’ί),
806 2364 875 2442 άπερ
899 2363 1012 2443 εἴρηται,
1036 2361 1237 2442 σφόδρακινεῖ,
1261 2363 1306 2422 σύν
1322 2361 1378 2441 θεῷ
1395 2359 1544 2441 δέίρήτθω,

258 2481 305 2542 καί
328 2484 358 2542 τδ
374 2489 422 2560 τῆς
437 2485 575 2564 ήμετέρας
591 2483 734 2559 βασιλείας
750 2485 904 2564 φιλόκαλον
919 2487 950 2546 τδ
965 2485 1092 2545 πλεῖστον
1110 2486 1138 2544 ἐν
1154 2484 1239 2564 τούτῳ
1256 2485 1377 2560 μάλιστα
1392 2483 1543 2562 συναίρεται,

257 2603 304 2664 καί
327 2606 345 2680 ή
368 2603 429 2686 περὶ
451 2605 485 2666 τὰ
507 2607 647 2668 κάλλιστα
668 2606 715 2666 καὶ
738 2607 851 2686 θεοφιλῆ
874 2615 928 2668 τῶν
951 2608 1040 2687 ἔργων
1062 2610 1153 2687 χάριτι
1167 2611 1214 2668 τού
1229 2608 1291 2666 θεοῦ
1306 2603 1353 2666 καί
1368 2600 1543 2684 προμήθειαί)
1577 2642 1578 2692 η

257 2728 355 2802 ταύτης
385 2728 513 2788 συνειδεῖν
543 2729 577 2787 τὰ
607 2727 704 2789 δέοντα
734 2727 780 2790 καί
812 2729 956 2802 βουλεῦσαι
987 2728 1033 2788 καὶ
1061 2729 1197 2809 προθυμία
1218 2749 1248 2788 τε
1275 2726 1322 2788 καί
1349 2728 1451 2801 σπουδὴ
1474 2727 1543 2801 μάλα
1577 2711 1578 2738 ³

258 2849 369 2931 ἐνεργός
377 2850 400 2933 θ)
428 2852 572 2912 ἐκτελέσαι
599 2871 629 2910 τε
655 2849 702 2910 καί
730 2853 853 2930 περάναι.
893 2852 926 2912 ἐκ
952 2854 1059 2910 πάντων
1088 2853 1140 2931 άρα
1167 2851 1267 2912 τούτων
1293 2853 1324 2910 τ“σ
1350 2851 1467 2910 καινίσαι
1492 2847 1542 2912 τίῖ)
1577 2855 1578 2862 ’

255 2975 324 3054 πρὸς
349 2975 379 3033 τδ
406 2976 527 3053 κρεῖττον
555 2971 603 3034 καί
628 2972 793 3053 προβιβάσαι
814 2973 849 3032 τὰ
871 2979 920 3048 τῆς
941 2974 1065 3048 τοιαύτης
1088 2975 1241 3051 ἁγιωτάτης
1264 2973 1415 3049 ἐκκλησίας
1439 2973 1543 3044 Μονεμ-

257 3094 355 3169 βασίας
386 3095 553 3172 ἐδοκιμάσθη
576 3101 609 3177 τῇ
634 3095 762 3176 βασιλείᾳ
785 3117 846 3171 μου.
886 3094 933 3156 καί
955 3095 1042 3156 τοίνυν
1065 3097 1158 3174 φθάνει
1181 3095 1232 3171 μέν
1254 3095 1308 3170 ήδη
1331 3099 1460 3175 πρότερον
1481 3113 1541 3172 προ-

256 3217 405 3278 θεσπίσασα
427 3217 473 3278 καί
496 3217 603 3294 βαθμόν
625 3239 684 3280 τινα
706 3225 759 3280 τῶν
783 3218 959 3300 ὑψηλοτέρων
985 3220 1058 3296 ἔχειν
1081 3219 1179 3293 ταύτην
1203 3217 1237 3293 δή
1260 3220 1309 3294 τἠν
1325 3219 1477 3296 άγιωτάτην
1492 3235 1540 3290 μη-

256 3339 384 3419 τρόπολιν
406 3338 454 3398 καί
475 3341 556 3400 τόπον
583 3341 641 3400 τινὰ
665 3340 815 3416 ἐκκλησίας
839 3342 934 3420 ἑτέρας
956 3339 1002 3400 καί
1025 3338 1100 3412 τάξιν
1122 3340 1345 3418 προεοβεσμένης
1368 3339 1415 3400 καί
1438 3337 1542 3415 ὡσπερεὶ

257 3461 457 3542 παρελθούσης,
489 3465 518 3522 ού
542 3463 596 3538 μὴν
627 3463 704 3522 ἀλλά
738 3461 784 3522 καί
812 3463 943 3541 μεγίστης
968 3462 1106 3545 ἐνορίαςθ)
1130 3461 1262 3552 ἐξαρχίαν
1284 3485 1314 3524 τε
1336 3462 1383 3524 καί
1407 3462 1542 3528 ἐπιοκοπῖις

258 3584 404 3663 ἀναλόγως
432 3582 618 3659 διαταξαμένη
646 3605 675 3644 τε
699 3583 744 3644 καὶ
766 3588 967 3664 προσηκόντως.
1008 3585 1053 3646 ἐπὶ
1076 3587 1107 3646 δὲ
1131 3587 1198 3646 αύτά
1221 3587 1255 3662 δή
1277 3592 1361 3646 τούτο
1382 3586 1429 3646 καί
1451 3604 1540 3664 χρυσο-

258 3705 371 3786 βούλλῳ
395 3707 579 3782 βεβαιωθῆναι
598 3705 645 3766 καί
659 3707 690 3766 τδ
705 3709 796 3767 πιστόν
812 3708 910 3782 λαβεῖν
926 3707 972 3768 καί
987 3705 1118 3789 ἄτρεπτον
1135 3707 1285 3789 ἐξῃτήσατο
1302 3710 1317 3767 ό
1332 3709 1459 3788 ἀνωτέρω
1473 3705 1539 3785 εἰρη-

257 3832 338 3904 μένος
369 3828 516 3908 ἱερώτατος
545 3835 594 3904 τῆς
621 3830 744 3902 τοιαύτης
772 3831 925 3907 ἁγιωτάτης
954 3829 1103 3905 ἐκκλησίας
1132 3829 1308 3914 ἀρχιερεύςθ)
1337 3831 1451 3906 έτοίμως
1477 3849 1502 3887 τε
1525 3827 1540 3898 ἡ

257 3951 386 4026 βασιλεία
408 3971 460 4026 μου
483 3949 528 4010 καί
550 3951 583 4012 τὰ
606 3957 655 4027 της
677 3953 801 4027 τοιαύτης
825 3951 957 4028 αἰτήσεως
979 3951 1164 4032 προσεδέξατο
1187 3953 1234 4012 καί
1256 3955 1322 4032 πρός
1337 3955 1424 4032 πέρας
1439 3949 1540 4028 ἀγαγεῖν

256 4071 403 4150 ήυδόκησε.
442 4072 489 4133 καί
511 4073 597 4132 τοίνυν
619 4049 664 4132 τόν
687 4076 808 4153 παρόντα
831 4075 1036 4154 χρυσόβουλλον
1060 4075 1144 4154 λόγον
1168 4075 1296 4156 αύτῆςίθ)
1321 4071 1445 4148 ἀπολύει,
1475 4062 1540 4130 διίοῧ

258 4195 303 4256 καί
327 4196 454 4272 βούλεται
478 4196 524 4255 σύν
547 4195 603 4274 θεῷ
625 4195 671 4256 καί
695 4197 803 4256 εύδοκεῖ
825 4196 872 4257 καὶ
895 4199 1022 4272 θεσπίζει,
1046 4200 1147 4278 τόντε,
1170 4201 1208 4269 ὡς
1225 4197 1339 4278 εἴρηται,
1363 4204 1408 4258 νῦν
1422 4195 1537 4276 προϊστά-

363 4412 384 4478 ι)
403 4409 475 4461 αὐτοῦ
499 4427 549 4462 om.
569 4409 602 4470 ὡς
622 4407 683 4462 έοικε
700 4413 731 4462 R.
754 4413 781 4462 Ζ.
802 4409 835 4470 ὡς
854 4410 952 4476 ἀληθῶς
966 4417 995 4463 Β.
1068 4414 1089 4480 ²)
1109 4403 1142 4462 ὧν
1161 4414 1189 4463 Ζ.
1262 4415 1283 4480 ³)
1303 4413 1323 4463 εἰ
1342 4416 1417 4466 deant
1435 4416 1464 4465 R.
1476 4415 1501 4464 B.
1513 4411 1536 4459 Z·

257 4507 279 4574 ⁴)
298 4509 372 4558 ταῦτα
383 4508 411 4558 Ζ.
484 4507 506 4576 ⁵)
524 4507 700 4575 προμηθείαθ.
772 4508 793 4574 ὓ)
813 4506 907 4575 ἐνεργόν
921 4510 951 4558 R.
970 4510 1012 4560 An
1032 4507 1156 4576 ἐνεργῶςθ
1229 4509 1249 4574 ⁷)
1263 4527 1286 4560 τε
1299 4511 1329 4560 13.
1403 4513 1424 4578 8)
1438 4507 1536 4579 μεγίστην

260 4602 352 4673 ἐνορίαν
366 4604 499 4654 Pandora.
571 4603 592 4670 θ)
606 4601 779 4673 ἀρχιερατικῶς
796 4601 972 4672 προιστάμενος
985 4606 1032 4656 alii
1045 4607 1167 4668 editores,
1190 4606 1260 4671 apud
1273 4623 1340 4672 quos
1353 4609 1426 4659 deest
1439 4617 1536 4671 sequeus

260 4697 363 4768 ἑτοίμως
382 4715 417 4766 γε.
490 4699 521 4764 ²⁰)
541 4695 614 4762 αύτῆς
632 4699 670 4763 Z„
688 4701 719 4750 B.
736 4715 783 4766 pro
802 4696 874 4763 αὐτῆς
893 4701 973 4750 habet
992 4700 1019 4750 τό
1038 4718 1064 4768 γε
1082 4703 1131 4750 νύν.
