<?xml version="1.0" encoding="UTF-8"?>
<!DOCTYPE html PUBLIC "-//W3C//DTD XHTML 1.0 Transitional//EN"
    "http://www.w3.org/TR/xhtml1/DTD/xhtml1-transitional.dtd">
<html xmlns="http://www.w3.org/1999/xhtml" xml:lang="en" lang="en">
 <head>
  <title>
</title>
<meta http-equiv="Content-Type" content="text/html;charset=utf-8" />
  <meta name='ocr-system' content='tesseract 3.04.00' />
  <meta name='ocr-capabilities' content='ocr_page ocr_carea ocr_par ocr_line ocrx_word'/>
</head>
<body>
  <div class='ocr_page' id='page_1' title='image "./actaetdiplomata00miklgoog_0236.png"; bbox 0 0 3194 5298; ppageno 0'>
   <div class='ocr_carea' id='block_1_1' title="bbox 1258 363 1319 428">
    <p class='ocr_par' dir='ltr' id='par_1_1' title="bbox 1258 363 1319 428">
     <span class='ocr_line' id='line_1_1' title="bbox 1258 363 1319 428; baseline 0 -1"><span class='ocrx_word' id='word_1_1' title='bbox 1258 363 1319 428; x_wconf 82' lang='lat'><strong>159</strong></span> 
     </span>
    </p>
   </div>
   <div class='ocr_carea' id='block_1_2' title="bbox 37 557 1431 3827">
    <p class='ocr_par' dir='ltr' id='par_1_2' title="bbox 37 557 1431 3827">
     <span class='ocr_line' id='line_1_2' title="bbox 39 557 1321 642; baseline -0.001 -22"><span class='ocrx_word' id='word_1_2' title='bbox 39 583 106 634; x_wconf 85' lang='grc' dir='ltr'><strong>μενον</strong></span> <span class='ocrx_word' id='word_1_3' title='bbox 129 563 329 642; x_wconf 74' lang='grc' dir='ltr'><strong>ἀφχιεροιτικιῖις</strong></span> <span class='ocrx_word' id='word_1_4' title='bbox 351 567 401 638; x_wconf 81' lang='grc' dir='ltr'><strong>τῆς</strong></span> <span class='ocrx_word' id='word_1_5' title='bbox 424 562 548 635; x_wconf 86' lang='grc' dir='ltr'><strong>τοιαύτης</strong></span> <span class='ocrx_word' id='word_1_6' title='bbox 572 563 725 636; x_wconf 78' lang='grc' dir='ltr'><strong>ἁγιωτάτης</strong></span> <span class='ocrx_word' id='word_1_7' title='bbox 748 560 946 640; x_wconf 83' lang='grc' dir='ltr'><strong>μητροπόλεως</strong></span> <span class='ocrx_word' id='word_1_8' title='bbox 969 557 1168 635; x_wconf 89' lang='grc' dir='ltr'><strong>Μονεμβασίας</strong></span> <span class='ocrx_word' id='word_1_9' title='bbox 1191 557 1321 631; x_wconf 79' lang='grc' dir='ltr'><strong>καὶτοὺς</strong></span> 
     </span>
     <span class='ocr_line' id='line_1_3' title="bbox 38 681 1321 765; baseline 0.001 -23"><span class='ocrx_word' id='word_1_10' title='bbox 38 683 142 760; x_wconf 70' lang='grc' dir='ltr'><strong>καθεξῆς</strong></span> <span class='ocrx_word' id='word_1_11' title='bbox 165 687 212 744; x_wconf 76' lang='grc' dir='ltr'><strong>τὀν</strong></span> <span class='ocrx_word' id='word_1_12' title='bbox 236 687 319 760; x_wconf 77' lang='grc' dir='ltr'><strong>αύτῖφς</strong></span> <span class='ocrx_word' id='word_1_13' title='bbox 342 681 553 758; x_wconf 72' lang='grc' dir='ltr'>διαδεξομένους</span> <span class='ocrx_word' id='word_1_14' title='bbox 574 686 669 765; x_wconf 80' lang='grc' dir='ltr'>θρόνον</span> <span class='ocrx_word' id='word_1_15' title='bbox 692 683 875 743; x_wconf 88' lang='grc' dir='ltr'><strong>ἐπαπολαύειν</strong></span> <span class='ocrx_word' id='word_1_16' title='bbox 891 688 940 758; x_wconf 70' lang='grc' dir='ltr'><strong>τῆς</strong></span> <span class='ocrx_word' id='word_1_17' title='bbox 956 682 1108 758; x_wconf 72' lang='grc' dir='ltr'><strong>ἀνηκούσης</strong></span> <span class='ocrx_word' id='word_1_18' title='bbox 1122 682 1161 761; x_wconf 77' lang='grc' dir='ltr'><strong>τῷ</strong></span> <span class='ocrx_word' id='word_1_19' title='bbox 1176 685 1222 742; x_wconf 81' lang='grc' dir='ltr'><strong>τοῦ</strong></span> <span class='ocrx_word' id='word_1_20' title='bbox 1238 682 1321 757; x_wconf 86' lang='grc' dir='ltr'><strong>Σίδης</strong></span> 
     </span>
     <span class='ocr_line' id='line_1_4' title="bbox 38 803 1320 890; baseline 0.002 -26"><span class='ocrx_word' id='word_1_21' title='bbox 38 809 111 885; x_wconf 69' lang='grc' dir='ltr'><strong>θρόνῳ</strong></span> <span class='ocrx_word' id='word_1_22' title='bbox 138 813 222 882; x_wconf 80' lang='grc' dir='ltr'><strong>τιμῆς</strong></span> <span class='ocrx_word' id='word_1_23' title='bbox 250 807 279 866; x_wconf 88' lang='grc' dir='ltr'><strong>ἐν</strong></span> <span class='ocrx_word' id='word_1_24' title='bbox 310 808 401 886; x_wconf 84' lang='grc' dir='ltr'><strong>ἅπασι,</strong></span> <span class='ocrx_word' id='word_1_25' title='bbox 425 807 571 886; x_wconf 84' lang='grc' dir='ltr'><strong>καθέδραις</strong></span> <span class='ocrx_word' id='word_1_26' title='bbox 594 827 624 865; x_wconf 88' lang='grc' dir='ltr'><strong>τε</strong></span> <span class='ocrx_word' id='word_1_27' title='bbox 647 804 756 882; x_wconf 81' lang='grc' dir='ltr'><strong>δηλαδὴ</strong></span> <span class='ocrx_word' id='word_1_28' title='bbox 779 803 826 864; x_wconf 80' lang='grc' dir='ltr'><strong>καὶ</strong></span> <span class='ocrx_word' id='word_1_29' title='bbox 847 805 1055 890; x_wconf 65' lang='grc' dir='ltr'><strong>προελεύσεσίῑ)</strong></span> <span class='ocrx_word' id='word_1_30' title='bbox 1079 827 1110 866; x_wconf 91' lang='grc' dir='ltr'><strong>τε</strong></span> <span class='ocrx_word' id='word_1_31' title='bbox 1132 805 1179 866; x_wconf 81' lang='grc' dir='ltr'><strong>καὶ</strong></span> <span class='ocrx_word' id='word_1_32' title='bbox 1201 809 1320 884; x_wconf 81' lang='grc' dir='ltr'>στάσεσι,</span> 
     </span>
     <span class='ocr_line' id='line_1_5' title="bbox 37 927 1431 1011; baseline 0.001 -23"><span class='ocrx_word' id='word_1_33' title='bbox 37 933 138 1008; x_wconf 88' lang='grc' dir='ltr'><strong>γραφαῖς</strong></span> <span class='ocrx_word' id='word_1_34' title='bbox 160 951 192 990; x_wconf 84' lang='grc' dir='ltr'><strong>τε</strong></span> <span class='ocrx_word' id='word_1_35' title='bbox 215 928 262 990; x_wconf 83' lang='grc' dir='ltr'><strong>καὶ</strong></span> <span class='ocrx_word' id='word_1_36' title='bbox 277 930 351 1001; x_wconf 85' lang='grc' dir='ltr'><strong>όλως</strong></span> <span class='ocrx_word' id='word_1_37' title='bbox 365 933 422 1001; x_wconf 90' lang='grc' dir='ltr'><strong>τοῖς</strong></span> <span class='ocrx_word' id='word_1_38' title='bbox 438 927 572 1011; x_wconf 65' lang='grc' dir='ltr'><strong>ἑθίμσιςέ)</strong></span> <span class='ocrx_word' id='word_1_39' title='bbox 594 929 685 1008; x_wconf 80' lang='grc' dir='ltr'><strong>ἔργοις</strong></span> <span class='ocrx_word' id='word_1_40' title='bbox 701 929 902 1008; x_wconf 89' lang='grc' dir='ltr'><strong>ἀρχιερατικσῖς</strong></span> <span class='ocrx_word' id='word_1_41' title='bbox 917 927 964 988; x_wconf 85' lang='grc' dir='ltr'><strong>καὶ</strong></span> <span class='ocrx_word' id='word_1_42' title='bbox 979 929 1206 1010; x_wconf 79' lang='grc' dir='ltr'><strong>λειτουργήμασιν</strong></span> <span class='ocrx_word' id='word_1_43' title='bbox 1222 930 1320 988; x_wconf 81' lang='grc' dir='ltr'><strong>ἅπασι·</strong></span> <span class='ocrx_word' id='word_1_44' title='bbox 1428 971 1431 976; x_wconf 93' lang='grc'>-</span> 
     </span>
     <span class='ocr_line' id='line_1_6' title="bbox 38 1050 1357 1132; baseline 0.002 -24"><span class='ocrx_word' id='word_1_45' title='bbox 38 1055 114 1128; x_wconf 74' lang='grc' dir='ltr'><strong>φορεῖν</strong></span> <span class='ocrx_word' id='word_1_46' title='bbox 136 1051 168 1110; x_wconf 83' lang='grc' dir='ltr'><strong>δὲ</strong></span> <span class='ocrx_word' id='word_1_47' title='bbox 191 1051 240 1110; x_wconf 81' lang='grc' dir='ltr'><strong>καὶ</strong></span> <span class='ocrx_word' id='word_1_48' title='bbox 262 1055 364 1112; x_wconf 88' lang='grc' dir='ltr'><strong>σάκκον</strong></span> <span class='ocrx_word' id='word_1_49' title='bbox 387 1053 416 1110; x_wconf 90' lang='grc' dir='ltr'><strong>ἐν</strong></span> <span class='ocrx_word' id='word_1_50' title='bbox 438 1054 499 1124; x_wconf 86' lang='grc' dir='ltr'><strong>ταῖς</strong></span> <span class='ocrx_word' id='word_1_51' title='bbox 521 1051 607 1123; x_wconf 87' lang='grc' dir='ltr'><strong>θείαις</strong></span> <span class='ocrx_word' id='word_1_52' title='bbox 630 1050 847 1132; x_wconf 84' lang='grc' dir='ltr'><strong>ίεροτελεστίαις,</strong></span> <span class='ocrx_word' id='word_1_53' title='bbox 870 1053 973 1127; x_wconf 86' lang='grc' dir='ltr'><strong>ὁμοίως</strong></span> <span class='ocrx_word' id='word_1_54' title='bbox 996 1052 1027 1110; x_wconf 87' lang='grc' dir='ltr'><strong>δὲ</strong></span> <span class='ocrx_word' id='word_1_55' title='bbox 1050 1050 1097 1112; x_wconf 85' lang='grc' dir='ltr'><strong>καί</strong></span> <span class='ocrx_word' id='word_1_56' title='bbox 1120 1050 1320 1132; x_wconf 87' lang='grc' dir='ltr'><strong>διβάμπσυλον,</strong></span> <span class='ocrx_word' id='word_1_57' title='bbox 1354 1118 1357 1123; x_wconf 47' lang='grc'><strong>,</strong></span> 
     </span>
     <span class='ocr_line' id='line_1_7' title="bbox 39 1168 1321 1262; baseline 0.002 -32"><span class='ocrx_word' id='word_1_58' title='bbox 39 1171 75 1230; x_wconf 81' lang='grc' dir='ltr'><strong>καί</strong></span> <span class='ocrx_word' id='word_1_59' title='bbox 95 1174 192 1245; x_wconf 82' lang='grc' dir='ltr'><strong>ἁπλῶς</strong></span> <span class='ocrx_word' id='word_1_60' title='bbox 213 1176 301 1234; x_wconf 88' lang='grc' dir='ltr'><strong>πάντα</strong></span> <span class='ocrx_word' id='word_1_61' title='bbox 323 1175 357 1233; x_wconf 85' lang='grc' dir='ltr'><strong>τὰ</strong></span> <span class='ocrx_word' id='word_1_62' title='bbox 380 1174 488 1248; x_wconf 87' lang='grc' dir='ltr'><strong>ἐκείνης</strong></span> <span class='ocrx_word' id='word_1_63' title='bbox 510 1175 643 1253; x_wconf 88' lang='grc' dir='ltr'><strong>προνόμια</strong></span> <span class='ocrx_word' id='word_1_64' title='bbox 664 1172 712 1232; x_wconf 80' lang='grc' dir='ltr'><strong>καί</strong></span> <span class='ocrx_word' id='word_1_65' title='bbox 727 1171 820 1232; x_wconf 89' lang='grc' dir='ltr'><strong>δίκαια</strong></span> <span class='ocrx_word' id='word_1_66' title='bbox 836 1173 924 1251; x_wconf 85' lang='grc' dir='ltr'><strong>ἔχειν·</strong></span> <span class='ocrx_word' id='word_1_67' title='bbox 950 1171 1112 1262; x_wconf 79' lang='grc' dir='ltr'><strong>ἔξαρχόντε</strong></span> <span class='ocrx_word' id='word_1_68' title='bbox 1128 1171 1175 1234; x_wconf 85' lang='grc' dir='ltr'><strong>καὶ</strong></span> <span class='ocrx_word' id='word_1_69' title='bbox 1191 1168 1321 1234; x_wconf 77' lang='grc' dir='ltr'><strong>εἶναικαὶ</strong></span> 
     </span>
     <span class='ocr_line' id='line_1_8' title="bbox 38 1295 1321 1377; baseline 0.003 -25"><span class='ocrx_word' id='word_1_70' title='bbox 38 1295 154 1372; x_wconf 84' lang='grc' dir='ltr'><strong>λέγεσθαι</strong></span> <span class='ocrx_word' id='word_1_71' title='bbox 182 1298 228 1356; x_wconf 82' lang='grc' dir='ltr'><strong>τόν</strong></span> <span class='ocrx_word' id='word_1_72' title='bbox 257 1300 307 1372; x_wconf 73' lang='grc' dir='ltr'><strong>τῆς</strong></span> <span class='ocrx_word' id='word_1_73' title='bbox 333 1297 459 1370; x_wconf 83' lang='grc' dir='ltr'><strong>τοιαύτης</strong></span> <span class='ocrx_word' id='word_1_74' title='bbox 481 1297 635 1374; x_wconf 72' lang='grc' dir='ltr'><strong>ἁγιωτάτης</strong></span> <span class='ocrx_word' id='word_1_75' title='bbox 662 1295 814 1370; x_wconf 73' lang='grc' dir='ltr'><strong>ἐκκλησίας</strong></span> <span class='ocrx_word' id='word_1_76' title='bbox 836 1295 1035 1376; x_wconf 82' lang='grc' dir='ltr'><strong>ἀρχιερατικῶς</strong></span> <span class='ocrx_word' id='word_1_77' title='bbox 1056 1299 1253 1377; x_wconf 79' lang='grc' dir='ltr'><strong>προϊστάμενον</strong></span> <span class='ocrx_word' id='word_1_78' title='bbox 1275 1295 1321 1356; x_wconf 84' lang='grc' dir='ltr'><strong>καὶ</strong></span> 
     </span>
     <span class='ocr_line' id='line_1_9' title="bbox 39 1412 1322 1500; baseline -0.001 -21"><span class='ocrx_word' id='word_1_79' title='bbox 39 1422 113 1494; x_wconf 72' lang='grc' dir='ltr'><strong>πάσης</strong></span> <span class='ocrx_word' id='word_1_80' title='bbox 143 1419 178 1494; x_wconf 81' lang='grc' dir='ltr'><strong>δὴ</strong></span> <span class='ocrx_word' id='word_1_81' title='bbox 202 1425 251 1494; x_wconf 72' lang='grc' dir='ltr'><strong>τῆς</strong></span> <span class='ocrx_word' id='word_1_82' title='bbox 274 1419 486 1492; x_wconf 79' lang='grc' dir='ltr'><strong>Πελοποννήσου</strong></span> <span class='ocrx_word' id='word_1_83' title='bbox 494 1419 516 1493; x_wconf 83' lang='lat'><strong>³)</strong></span> <span class='ocrx_word' id='word_1_84' title='bbox 539 1416 658 1492; x_wconf 76' lang='grc' dir='ltr'><strong>καὶτῆς</strong></span> <span class='ocrx_word' id='word_1_85' title='bbox 682 1419 803 1477; x_wconf 83' lang='grc' dir='ltr'><strong>ἐντεῦθεν</strong></span> <span class='ocrx_word' id='word_1_86' title='bbox 825 1423 906 1493; x_wconf 86' lang='grc' dir='ltr'><strong>τιμῆς</strong></span> <span class='ocrx_word' id='word_1_87' title='bbox 927 1418 1215 1499; x_wconf 69' lang='grc' dir='ltr'><strong>πρασαπολαύονταθ),</strong></span> <span class='ocrx_word' id='word_1_88' title='bbox 1245 1412 1263 1500; x_wconf 83' lang='grc' dir='ltr'><strong>ᾖ</strong></span> <span class='ocrx_word' id='word_1_89' title='bbox 1287 1417 1322 1494; x_wconf 87' lang='grc' dir='ltr'><strong>δὴ</strong></span> 
     </span>
     <span class='ocr_line' id='line_1_10' title="bbox 40 1538 1322 1624; baseline 0.003 -26"><span class='ocrx_word' id='word_1_90' title='bbox 40 1540 142 1614; x_wconf 81' lang='grc' dir='ltr'><strong>καὶτοῖς</strong></span> <span class='ocrx_word' id='word_1_91' title='bbox 157 1542 260 1614; x_wconf 77' lang='grc' dir='ltr'><strong>ἄλλοις</strong></span> <span class='ocrx_word' id='word_1_92' title='bbox 276 1541 387 1600; x_wconf 88' lang='grc' dir='ltr'><strong>εἴθισται</strong></span> <span class='ocrx_word' id='word_1_93' title='bbox 407 1547 462 1600; x_wconf 82' lang='grc' dir='ltr'><strong>τῶν</strong></span> <span class='ocrx_word' id='word_1_94' title='bbox 483 1539 637 1620; x_wconf 85' lang='grc' dir='ltr'><strong>ἱερωτάτων</strong></span> <span class='ocrx_word' id='word_1_95' title='bbox 661 1541 811 1621; x_wconf 85' lang='grc' dir='ltr'><strong>ἀρχιερέων</strong></span> <span class='ocrx_word' id='word_1_96' title='bbox 834 1542 890 1611; x_wconf 87' lang='grc' dir='ltr'><strong>τοῖς</strong></span> <span class='ocrx_word' id='word_1_97' title='bbox 912 1538 1075 1616; x_wconf 78' lang='grc' dir='ltr'><strong>ἠξιωμένοις</strong></span> <span class='ocrx_word' id='word_1_98' title='bbox 1091 1541 1224 1622; x_wconf 84' lang='grc' dir='ltr'><strong>διαφόρων</strong></span> <span class='ocrx_word' id='word_1_99' title='bbox 1232 1540 1256 1624; x_wconf 84' lang='lat'><strong>⁵)</strong></span> <span class='ocrx_word' id='word_1_100' title='bbox 1273 1541 1322 1616; x_wconf 84' lang='grc' dir='ltr'><strong>ἐξ-</strong></span> 
     </span>
     <span class='ocr_line' id='line_1_11' title="bbox 42 1661 1322 1742; baseline 0.002 -21"><span class='ocrx_word' id='word_1_101' title='bbox 42 1665 150 1740; x_wconf 80' lang='grc' dir='ltr'><strong>ιρχεύειν</strong></span> <span class='ocrx_word' id='word_1_102' title='bbox 178 1665 305 1739; x_wconf 81' lang='grc' dir='ltr'><strong>θεμάτων</strong></span> <span class='ocrx_word' id='word_1_103' title='bbox 331 1683 362 1722; x_wconf 91' lang='grc' dir='ltr'><strong>τε</strong></span> <span class='ocrx_word' id='word_1_104' title='bbox 387 1661 434 1722; x_wconf 85' lang='grc' dir='ltr'><strong>καί</strong></span> <span class='ocrx_word' id='word_1_105' title='bbox 462 1668 570 1742; x_wconf 81' lang='grc' dir='ltr'><strong>χωρῶν.</strong></span> <span class='ocrx_word' id='word_1_106' title='bbox 603 1663 732 1734; x_wconf 84' lang='grc' dir='ltr'><strong>ὡσαύτως</strong></span> <span class='ocrx_word' id='word_1_107' title='bbox 761 1662 791 1721; x_wconf 88' lang='grc' dir='ltr'><strong>δὲ</strong></span> <span class='ocrx_word' id='word_1_108' title='bbox 813 1664 881 1742; x_wconf 80' lang='grc' dir='ltr'><strong>πρός</strong></span> <span class='ocrx_word' id='word_1_109' title='bbox 903 1665 960 1734; x_wconf 87' lang='grc' dir='ltr'><strong>τοῖς</strong></span> <span class='ocrx_word' id='word_1_110' title='bbox 982 1663 1082 1736; x_wconf 84' lang='grc' dir='ltr'><strong>ἀλλοις</strong></span> <span class='ocrx_word' id='word_1_111' title='bbox 1104 1663 1152 1724; x_wconf 84' lang='grc' dir='ltr'><strong>καί</strong></span> <span class='ocrx_word' id='word_1_112' title='bbox 1173 1668 1250 1724; x_wconf 85' lang='grc' dir='ltr'><strong>τοῦτο</strong></span> <span class='ocrx_word' id='word_1_113' title='bbox 1272 1665 1322 1724; x_wconf 84' lang='grc' dir='ltr'><strong>θε-</strong></span> 
     </span>
     <span class='ocr_line' id='line_1_12' title="bbox 42 1783 1323 1872; baseline 0.003 -30"><span class='ocrx_word' id='word_1_114' title='bbox 42 1784 115 1855; x_wconf 72' lang='grc' dir='ltr'><strong>σπίζει</strong></span> <span class='ocrx_word' id='word_1_115' title='bbox 135 1783 183 1844; x_wconf 88' lang='grc' dir='ltr'><strong>καὶ</strong></span> <span class='ocrx_word' id='word_1_116' title='bbox 204 1785 435 1864; x_wconf 72' lang='grc' dir='ltr'><strong>παρακελεύεται,</strong></span> <span class='ocrx_word' id='word_1_117' title='bbox 457 1785 561 1856; x_wconf 81' lang='grc' dir='ltr'><strong>πάντας</strong></span> <span class='ocrx_word' id='word_1_118' title='bbox 583 1783 693 1859; x_wconf 84' lang='grc' dir='ltr'><strong>δηλαδὴ</strong></span> <span class='ocrx_word' id='word_1_119' title='bbox 715 1783 777 1855; x_wconf 87' lang='grc' dir='ltr'><strong>τούς</strong></span> <span class='ocrx_word' id='word_1_120' title='bbox 798 1784 930 1872; x_wconf 82' lang='grc' dir='ltr'><strong>ίιπάὐτδν</strong></span> <span class='ocrx_word' id='word_1_121' title='bbox 954 1786 1116 1858; x_wconf 71' lang='grc' dir='ltr'><strong>ἐπισκόπους</strong></span> <span class='ocrx_word' id='word_1_122' title='bbox 1131 1786 1160 1846; x_wconf 84' lang='grc' dir='ltr'><strong>ἐν</strong></span> <span class='ocrx_word' id='word_1_123' title='bbox 1175 1805 1206 1845; x_wconf 88' lang='grc' dir='ltr'><strong>τε</strong></span> <span class='ocrx_word' id='word_1_124' title='bbox 1221 1788 1323 1866; x_wconf 75' lang='grc' dir='ltr'><strong>φήμαις</strong></span> 
     </span>
     <span class='ocr_line' id='line_1_13' title="bbox 41 1902 1323 1992; baseline 0.003 -28"><span class='ocrx_word' id='word_1_125' title='bbox 41 1906 78 1964; x_wconf 76' lang='grc' dir='ltr'><strong>καὶ</strong></span> <span class='ocrx_word' id='word_1_126' title='bbox 104 1909 221 1987; x_wconf 78' lang='grc' dir='ltr'><strong>γραφαῖς</strong></span> <span class='ocrx_word' id='word_1_127' title='bbox 250 1909 457 1987; x_wconf 85' lang='grc' dir='ltr'><strong>παναγιιύτατον</strong></span> <span class='ocrx_word' id='word_1_128' title='bbox 483 1907 695 1988; x_wconf 77' lang='grc' dir='ltr'><strong>προσαγορεύειν</strong></span> <span class='ocrx_word' id='word_1_129' title='bbox 720 1902 773 1992; x_wconf 81' lang='grc' dir='ltr'><strong>[τε]</strong></span> <span class='ocrx_word' id='word_1_130' title='bbox 796 1905 843 1966; x_wconf 90' lang='grc' dir='ltr'><strong>καὶ</strong></span> <span class='ocrx_word' id='word_1_131' title='bbox 865 1908 1054 1988; x_wconf 80' lang='grc' dir='ltr'><strong>ὀνομάζεσθαι,</strong></span> <span class='ocrx_word' id='word_1_132' title='bbox 1085 1908 1164 1968; x_wconf 82' lang='grc' dir='ltr'><strong>αύτδν</strong></span> <span class='ocrx_word' id='word_1_133' title='bbox 1186 1907 1218 1968; x_wconf 82' lang='grc' dir='ltr'><strong>δὲ</strong></span> <span class='ocrx_word' id='word_1_134' title='bbox 1239 1909 1323 1969; x_wconf 88' lang='grc' dir='ltr'><strong>πάλιν</strong></span> 
     </span>
     <span class='ocr_line' id='line_1_14' title="bbox 43 2024 1324 2111; baseline 0.003 -26"><span class='ocrx_word' id='word_1_135' title='bbox 43 2028 65 2085; x_wconf 81' lang='grc' dir='ltr'><strong>ἐν</strong></span> <span class='ocrx_word' id='word_1_136' title='bbox 90 2033 142 2100; x_wconf 87' lang='grc' dir='ltr'><strong>τοῖς</strong></span> <span class='ocrx_word' id='word_1_137' title='bbox 172 2024 347 2104; x_wconf 87' lang='grc' dir='ltr'><strong>σημειώμασι</strong></span> <span class='ocrx_word' id='word_1_138' title='bbox 376 2027 424 2088; x_wconf 85' lang='grc' dir='ltr'><strong>καὶ</strong></span> <span class='ocrx_word' id='word_1_139' title='bbox 453 2029 610 2108; x_wconf 88' lang='grc' dir='ltr'><strong>γράμμασιν</strong></span> <span class='ocrx_word' id='word_1_140' title='bbox 641 2027 794 2088; x_wconf 77' lang='grc' dir='ltr'><strong>ίνδικτιιῑινα</strong></span> <span class='ocrx_word' id='word_1_141' title='bbox 821 2029 959 2108; x_wconf 84' lang='grc' dir='ltr'><strong>ἐμφαίνειν</strong></span> <span class='ocrx_word' id='word_1_142' title='bbox 981 2031 1049 2111; x_wconf 80' lang='grc' dir='ltr'><strong>πρός</strong></span> <span class='ocrx_word' id='word_1_143' title='bbox 1071 2031 1166 2102; x_wconf 81' lang='grc' dir='ltr'><strong>αύτούς</strong></span> <span class='ocrx_word' id='word_1_144' title='bbox 1188 2028 1235 2090; x_wconf 88' lang='grc' dir='ltr'><strong>καὶ</strong></span> <span class='ocrx_word' id='word_1_145' title='bbox 1256 2031 1324 2110; x_wconf 76' lang='grc' dir='ltr'><strong>πρός</strong></span> 
     </span>
     <span class='ocr_line' id='line_1_15' title="bbox 43 2151 1323 2233; baseline 0.003 -25"><span class='ocrx_word' id='word_1_146' title='bbox 43 2157 116 2210; x_wconf 75' lang='grc' dir='ltr'><strong>πᾶσαν</strong></span> <span class='ocrx_word' id='word_1_147' title='bbox 145 2154 194 2226; x_wconf 83' lang='grc' dir='ltr'><strong>τὴν</strong></span> <span class='ocrx_word' id='word_1_148' title='bbox 218 2153 298 2212; x_wconf 78' lang='grc' dir='ltr'><strong>αὐτοό</strong></span> <span class='ocrx_word' id='word_1_149' title='bbox 322 2151 456 2233; x_wconf 86' lang='grc' dir='ltr'><strong>ἐπαρχίαν</strong></span> <span class='ocrx_word' id='word_1_150' title='bbox 479 2152 538 2211; x_wconf 86' lang='grc' dir='ltr'><strong>ἀνθ’</strong></span> <span class='ocrx_word' id='word_1_151' title='bbox 548 2153 644 2232; x_wconf 83' lang='grc' dir='ltr'><strong>ἑτέρας</strong></span> <span class='ocrx_word' id='word_1_152' title='bbox 667 2153 888 2227; x_wconf 81' lang='grc' dir='ltr'><strong>θπσσημάνσεως.</strong></span> <span class='ocrx_word' id='word_1_153' title='bbox 929 2151 989 2212; x_wconf 87' lang='grc' dir='ltr'><strong>ἐπεὶ</strong></span> <span class='ocrx_word' id='word_1_154' title='bbox 1012 2152 1044 2212; x_wconf 83' lang='grc' dir='ltr'><strong>δὲ</strong></span> <span class='ocrx_word' id='word_1_155' title='bbox 1067 2154 1184 2232; x_wconf 83' lang='grc' dir='ltr'><strong>ἔφθασαν</strong></span> <span class='ocrx_word' id='word_1_156' title='bbox 1205 2173 1323 2233; x_wconf 92' lang='grc' dir='ltr'><strong>προστε-</strong></span> 
     </span>
     <span class='ocr_line' id='line_1_16' title="bbox 45 2269 1322 2359; baseline 0.004 -29"><span class='ocrx_word' id='word_1_157' title='bbox 45 2275 109 2348; x_wconf 65' lang='grc' dir='ltr'><strong>θῆναι</strong></span> <span class='ocrx_word' id='word_1_158' title='bbox 126 2277 258 2354; x_wconf 83' lang='grc' dir='ltr'><strong>πρότερον</strong></span> <span class='ocrx_word' id='word_1_159' title='bbox 272 2281 306 2356; x_wconf 77' lang='grc' dir='ltr'><strong>τῃ</strong></span> <span class='ocrx_word' id='word_1_160' title='bbox 322 2275 431 2356; x_wconf 85' lang='grc' dir='ltr'><strong>τοιαύτῃ</strong></span> <span class='ocrx_word' id='word_1_161' title='bbox 448 2275 586 2356; x_wconf 85' lang='grc' dir='ltr'><strong>ἁγιωτάτῃ</strong></span> <span class='ocrx_word' id='word_1_162' title='bbox 603 2274 770 2353; x_wconf 79' lang='grc' dir='ltr'><strong>μητροπόλει</strong></span> <span class='ocrx_word' id='word_1_163' title='bbox 786 2275 832 2335; x_wconf 84' lang='grc' dir='ltr'><strong>καί</strong></span> <span class='ocrx_word' id='word_1_164' title='bbox 849 2275 993 2338; x_wconf 77' lang='grc' dir='ltr'><strong>ἐπισκοποῖ</strong></span> <span class='ocrx_word' id='word_1_165' title='bbox 1008 2269 1095 2359; x_wconf 82' lang='grc' dir='ltr'><strong>αὗται,</strong></span> <span class='ocrx_word' id='word_1_166' title='bbox 1118 2279 1137 2352; x_wconf 82' lang='grc' dir='ltr'><strong>ἠ</strong></span> <span class='ocrx_word' id='word_1_167' title='bbox 1152 2282 1201 2354; x_wconf 85' lang='grc' dir='ltr'><strong>τῆς</strong></span> <span class='ocrx_word' id='word_1_168' title='bbox 1216 2277 1322 2338; x_wconf 88' lang='grc' dir='ltr'><strong>Κυνου-</strong></span> 
     </span>
     <span class='ocr_line' id='line_1_17' title="bbox 45 2391 1323 2477; baseline 0.007 -27"><span class='ocrx_word' id='word_1_169' title='bbox 45 2394 92 2468; x_wconf 79' lang='grc' dir='ltr'><strong>ρίκς</strong></span> <span class='ocrx_word' id='word_1_170' title='bbox 106 2397 138 2474; x_wconf 76' lang='lat'><strong>⁶),</strong></span> <span class='ocrx_word' id='word_1_171' title='bbox 168 2399 185 2470; x_wconf 78' lang='grc' dir='ltr'><strong>ἡ</strong></span> <span class='ocrx_word' id='word_1_172' title='bbox 216 2402 263 2457; x_wconf 83' lang='grc' dir='ltr'><strong>τοῦ</strong></span> <span class='ocrx_word' id='word_1_173' title='bbox 285 2396 397 2476; x_wconf 80' lang='grc' dir='ltr'><strong>Ἕλους,</strong></span> <span class='ocrx_word' id='word_1_174' title='bbox 427 2399 446 2474; x_wconf 83' lang='grc' dir='ltr'>ἡ</span> <span class='ocrx_word' id='word_1_175' title='bbox 474 2403 524 2473; x_wconf 71' lang='grc' dir='ltr'><strong>τῆς</strong></span> <span class='ocrx_word' id='word_1_176' title='bbox 547 2391 658 2472; x_wconf 82' lang='grc' dir='ltr'><strong>Μαίνης</strong></span> <span class='ocrx_word' id='word_1_177' title='bbox 687 2397 774 2472; x_wconf 83' lang='grc' dir='ltr'><strong>καὶὴ</strong></span> <span class='ocrx_word' id='word_1_178' title='bbox 797 2401 843 2456; x_wconf 82' lang='grc' dir='ltr'><strong>τοῦ</strong></span> <span class='ocrx_word' id='word_1_179' title='bbox 867 2399 992 2470; x_wconf 88' lang='grc' dir='ltr'><strong>Ῥέοντος</strong></span> <span class='ocrx_word' id='word_1_180' title='bbox 1013 2397 1060 2458; x_wconf 82' lang='grc' dir='ltr'><strong>καὶ</strong></span> <span class='ocrx_word' id='word_1_181' title='bbox 1082 2400 1100 2473; x_wconf 82' lang='grc' dir='ltr'><strong>ἡ</strong></span> <span class='ocrx_word' id='word_1_182' title='bbox 1123 2402 1169 2458; x_wconf 82' lang='grc' dir='ltr'><strong>τοῦ</strong></span> <span class='ocrx_word' id='word_1_183' title='bbox 1191 2399 1323 2477; x_wconf 84' lang='grc' dir='ltr'><strong>Ζεμενού,</strong></span> 
     </span>
     <span class='ocr_line' id='line_1_18' title="bbox 45 2495 1430 2602; baseline 0.006 -29"><span class='ocrx_word' id='word_1_184' title='bbox 45 2519 206 2594; x_wconf 80' lang='grc' dir='ltr'><strong>τροτβεβαιοῖ</strong></span> <span class='ocrx_word' id='word_1_185' title='bbox 228 2521 279 2594; x_wconf 88' lang='grc' dir='ltr'><strong>μὲν</strong></span> <span class='ocrx_word' id='word_1_186' title='bbox 302 2521 517 2600; x_wconf 84' lang='grc' dir='ltr'><strong>προηγουμένως</strong></span> <span class='ocrx_word' id='word_1_187' title='bbox 539 2519 586 2580; x_wconf 88' lang='grc' dir='ltr'><strong>καὶ</strong></span> <span class='ocrx_word' id='word_1_188' title='bbox 608 2518 817 2602; x_wconf 69' lang='grc' dir='ltr'><strong>προσεδράζειῖ)</strong></span> <span class='ocrx_word' id='word_1_189' title='bbox 840 2522 938 2592; x_wconf 87' lang='grc' dir='ltr'><strong>ταύτας</strong></span> <span class='ocrx_word' id='word_1_190' title='bbox 961 2523 1027 2602; x_wconf 75' lang='grc' dir='ltr'><strong>οἰκῇ</strong></span> <span class='ocrx_word' id='word_1_191' title='bbox 1049 2519 1096 2581; x_wconf 80' lang='grc' dir='ltr'><strong>καὶ</strong></span> <span class='ocrx_word' id='word_1_192' title='bbox 1120 2521 1164 2580; x_wconf 81' lang='grc' dir='ltr'><strong>διὰ</strong></span> <span class='ocrx_word' id='word_1_193' title='bbox 1185 2519 1232 2582; x_wconf 78' lang='grc' dir='ltr'><strong>τοῦ</strong></span> <span class='ocrx_word' id='word_1_194' title='bbox 1250 2543 1324 2602; x_wconf 82' lang='grc' dir='ltr'><strong>παρ·</strong></span> <span class='ocrx_word' id='word_1_195' title='bbox 1428 2495 1430 2500; x_wconf 15' lang='lat' dir='ltr'>V</span> 
     </span>
     <span class='ocr_line' id='line_1_19' title="bbox 47 2639 1324 2723; baseline 0.005 -27"><span class='ocrx_word' id='word_1_196' title='bbox 47 2639 107 2711; x_wconf 79' lang='grc' dir='ltr'><strong>ἐντος</strong></span> <span class='ocrx_word' id='word_1_197' title='bbox 127 2642 334 2721; x_wconf 85' lang='grc' dir='ltr'><strong>χρυσοβσύλλου</strong></span> <span class='ocrx_word' id='word_1_198' title='bbox 357 2641 444 2720; x_wconf 91' lang='grc' dir='ltr'><strong>λόγου</strong></span> <span class='ocrx_word' id='word_1_199' title='bbox 467 2640 580 2723; x_wconf 70' lang='grc' dir='ltr'><strong>αύτῖφςὸ)</strong></span> <span class='ocrx_word' id='word_1_200' title='bbox 603 2645 621 2716; x_wconf 85' lang='grc' dir='ltr'><strong>ἠ</strong></span> <span class='ocrx_word' id='word_1_201' title='bbox 645 2642 774 2718; x_wconf 84' lang='grc' dir='ltr'><strong>βασιλεία</strong></span> <span class='ocrx_word' id='word_1_202' title='bbox 798 2663 859 2723; x_wconf 87' lang='grc' dir='ltr'><strong>μου,</strong></span> <span class='ocrx_word' id='word_1_203' title='bbox 882 2642 928 2702; x_wconf 85' lang='grc' dir='ltr'><strong>καὶ</strong></span> <span class='ocrx_word' id='word_1_204' title='bbox 951 2643 1071 2715; x_wconf 79' lang='grc' dir='ltr'><strong>θεσπίζει</strong></span> <span class='ocrx_word' id='word_1_205' title='bbox 1089 2642 1136 2703; x_wconf 84' lang='grc' dir='ltr'><strong>καὶ</strong></span> <span class='ocrx_word' id='word_1_206' title='bbox 1157 2643 1324 2704; x_wconf 82' lang='grc' dir='ltr'><strong>διατάττεται</strong></span> 
     </span>
     <span class='ocr_line' id='line_1_20' title="bbox 46 2760 1325 2847; baseline 0.007 -31"><span class='ocrx_word' id='word_1_207' title='bbox 46 2761 84 2818; x_wconf 80' lang='grc' dir='ltr'><strong>καὶ</strong></span> <span class='ocrx_word' id='word_1_208' title='bbox 106 2761 143 2834; x_wconf 83' lang='grc' dir='ltr'><strong>εἰς</strong></span> <span class='ocrx_word' id='word_1_209' title='bbox 168 2765 199 2824; x_wconf 79' lang='grc' dir='ltr'><strong>τό</strong></span> <span class='ocrx_word' id='word_1_210' title='bbox 223 2761 289 2839; x_wconf 81' lang='grc' dir='ltr'><strong>ἑξῆς</strong></span> <span class='ocrx_word' id='word_1_211' title='bbox 316 2763 359 2822; x_wconf 73' lang='grc' dir='ltr'><strong>ἀπ’</strong></span> <span class='ocrx_word' id='word_1_212' title='bbox 373 2765 454 2838; x_wconf 72' lang='grc' dir='ltr'><strong>αἰκτὴν</strong></span> <span class='ocrx_word' id='word_1_213' title='bbox 483 2760 561 2843; x_wconf 78' lang='grc' dir='ltr'><strong>εἶναι,</strong></span> <span class='ocrx_word' id='word_1_214' title='bbox 595 2765 687 2836; x_wconf 84' lang='grc' dir='ltr'><strong>καθὼς</strong></span> <span class='ocrx_word' id='word_1_215' title='bbox 715 2765 881 2847; x_wconf 82' lang='grc' dir='ltr'><strong>εὑρίσκονται</strong></span> <span class='ocrx_word' id='word_1_216' title='bbox 909 2768 991 2846; x_wconf 84' lang='grc' dir='ltr'><strong>μέχρι</strong></span> <span class='ocrx_word' id='word_1_217' title='bbox 1013 2764 1059 2825; x_wconf 83' lang='grc' dir='ltr'><strong>καί</strong></span> <span class='ocrx_word' id='word_1_218' title='bbox 1082 2765 1121 2837; x_wconf 85' lang='grc' dir='ltr'><strong>εἰς</strong></span> <span class='ocrx_word' id='word_1_219' title='bbox 1142 2769 1173 2826; x_wconf 85' lang='grc' dir='ltr'><strong>τδ</strong></span> <span class='ocrx_word' id='word_1_220' title='bbox 1195 2770 1248 2825; x_wconf 84' lang='grc' dir='ltr'>νῦν.</span> <span class='ocrx_word' id='word_1_221' title='bbox 1286 2767 1325 2825; x_wconf 87' lang='grc' dir='ltr'><strong>ἐτι</strong></span> 
     </span>
     <span class='ocr_line' id='line_1_21' title="bbox 48 2885 1325 2970; baseline 0.005 -31"><span class='ocrx_word' id='word_1_222' title='bbox 48 2885 126 2954; x_wconf 78' lang='grc' dir='ltr'><strong>μέντοι</strong></span> <span class='ocrx_word' id='word_1_223' title='bbox 148 2887 181 2946; x_wconf 86' lang='grc' dir='ltr'><strong>δι’</strong></span> <span class='ocrx_word' id='word_1_224' title='bbox 194 2889 275 2946; x_wconf 86' lang='grc' dir='ltr'><strong>αὐτοῡ</strong></span> <span class='ocrx_word' id='word_1_225' title='bbox 297 2886 331 2961; x_wconf 84' lang='grc' dir='ltr'><strong>δὴ</strong></span> <span class='ocrx_word' id='word_1_226' title='bbox 354 2887 446 2946; x_wconf 85' lang='grc' dir='ltr'><strong>τούτου</strong></span> <span class='ocrx_word' id='word_1_227' title='bbox 468 2887 499 2945; x_wconf 85' lang='grc' dir='ltr'><strong>τδ</strong></span> <span class='ocrx_word' id='word_1_228' title='bbox 522 2887 661 2965; x_wconf 90' lang='grc' dir='ltr'><strong>φιλότιμον</strong></span> <span class='ocrx_word' id='word_1_229' title='bbox 685 2885 907 2966; x_wconf 80' lang='grc' dir='ltr'><strong>προσεποάξουσά</strong></span> <span class='ocrx_word' id='word_1_230' title='bbox 929 2909 959 2947; x_wconf 90' lang='grc' dir='ltr'><strong>τε</strong></span> <span class='ocrx_word' id='word_1_231' title='bbox 982 2889 1064 2970; x_wconf 87' lang='grc' dir='ltr'><strong>ταύτῃ</strong></span> <span class='ocrx_word' id='word_1_232' title='bbox 1087 2886 1133 2948; x_wconf 86' lang='grc' dir='ltr'><strong>καὶ</strong></span> <span class='ocrx_word' id='word_1_233' title='bbox 1152 2887 1325 2968; x_wconf 87' lang='grc' dir='ltr'><strong>προσεπιτεί-</strong></span> 
     </span>
     <span class='ocr_line' id='line_1_22' title="bbox 50 3005 1324 3091; baseline 0.005 -29"><span class='ocrx_word' id='word_1_234' title='bbox 50 3025 118 3064; x_wconf 86' lang='grc' dir='ltr'><strong>νουαα</strong></span> <span class='ocrx_word' id='word_1_235' title='bbox 146 3007 252 3068; x_wconf 83' lang='grc' dir='ltr'><strong>εύδοκεῑ</strong></span> <span class='ocrx_word' id='word_1_236' title='bbox 278 3006 324 3068; x_wconf 87' lang='grc' dir='ltr'><strong>καὶ</strong></span> <span class='ocrx_word' id='word_1_237' title='bbox 349 3009 568 3088; x_wconf 83' lang='grc' dir='ltr'><strong>παρακελεύεται</strong></span> <span class='ocrx_word' id='word_1_238' title='bbox 595 3010 638 3068; x_wconf 81' lang='grc' dir='ltr'><strong>ὑπ’</strong></span> <span class='ocrx_word' id='word_1_239' title='bbox 653 3011 734 3084; x_wconf 76' lang='grc' dir='ltr'><strong>αὐτὴν</strong></span> <span class='ocrx_word' id='word_1_240' title='bbox 761 3005 900 3070; x_wconf 74' lang='grc' dir='ltr'><strong>εἶναικαὶ</strong></span> <span class='ocrx_word' id='word_1_241' title='bbox 923 3012 1018 3091; x_wconf 85' lang='grc' dir='ltr'><strong>ἐτέρας</strong></span> <span class='ocrx_word' id='word_1_242' title='bbox 1042 3010 1190 3082; x_wconf 86' lang='grc' dir='ltr'><strong>ἐπισκοπθις</strong></span> <span class='ocrx_word' id='word_1_243' title='bbox 1212 3011 1324 3080; x_wconf 89' lang='grc' dir='ltr'><strong>ταύτας·</strong></span> 
     </span>
     <span class='ocr_line' id='line_1_23' title="bbox 50 3115 1325 3213; baseline 0.004 -28"><span class='ocrx_word' id='word_1_244' title='bbox 50 3125 118 3202; x_wconf 76' lang='grc' dir='ltr'><strong>ἤγουν</strong></span> <span class='ocrx_word' id='word_1_245' title='bbox 145 3133 192 3204; x_wconf 82' lang='grc' dir='ltr'><strong>τἠν</strong></span> <span class='ocrx_word' id='word_1_246' title='bbox 219 3137 269 3206; x_wconf 74' lang='grc' dir='ltr'><strong>της</strong></span> <span class='ocrx_word' id='word_1_247' title='bbox 296 3127 438 3213; x_wconf 86' lang='grc' dir='ltr'><strong>Κορώνης,</strong></span> <span class='ocrx_word' id='word_1_248' title='bbox 472 3115 520 3206; x_wconf 74' lang='grc' dir='ltr'><strong>την</strong></span> <span class='ocrx_word' id='word_1_249' title='bbox 549 3139 599 3207; x_wconf 80' lang='grc' dir='ltr'><strong>τῆς</strong></span> <span class='ocrx_word' id='word_1_250' title='bbox 622 3133 758 3206; x_wconf 80' lang='grc' dir='ltr'><strong>Μεθώνης</strong></span> <span class='ocrx_word' id='word_1_251' title='bbox 789 3131 835 3192; x_wconf 84' lang='grc' dir='ltr'><strong>καὶ</strong></span> <span class='ocrx_word' id='word_1_252' title='bbox 862 3133 910 3207; x_wconf 65' lang='grc' dir='ltr'><strong>τἠν</strong></span> <span class='ocrx_word' id='word_1_253' title='bbox 933 3139 981 3207; x_wconf 77' lang='grc' dir='ltr'><strong>τῆς</strong></span> <span class='ocrx_word' id='word_1_254' title='bbox 1005 3132 1166 3212; x_wconf 87' lang='grc' dir='ltr'><strong>Ἀνδρούσης</strong></span> <span class='ocrx_word' id='word_1_255' title='bbox 1188 3129 1235 3191; x_wconf 80' lang='grc' dir='ltr'><strong>καὶ</strong></span> <span class='ocrx_word' id='word_1_256' title='bbox 1256 3130 1325 3190; x_wconf 86' lang='grc' dir='ltr'><strong>ὑπο-</strong></span> 
     </span>
     <span class='ocr_line' id='line_1_24' title="bbox 51 3251 1327 3338; baseline 0.008 -33"><span class='ocrx_word' id='word_1_257' title='bbox 51 3251 140 3309; x_wconf 85' lang='grc' dir='ltr'><strong>κεῖσθαι</strong></span> <span class='ocrx_word' id='word_1_258' title='bbox 165 3253 268 3326; x_wconf 85' lang='grc' dir='ltr'><strong>ὁμοίως</strong></span> <span class='ocrx_word' id='word_1_259' title='bbox 293 3251 340 3312; x_wconf 87' lang='grc' dir='ltr'><strong>καί</strong></span> <span class='ocrx_word' id='word_1_260' title='bbox 366 3254 464 3324; x_wconf 89' lang='grc' dir='ltr'><strong>ταύτας</strong></span> <span class='ocrx_word' id='word_1_261' title='bbox 492 3260 525 3336; x_wconf 84' lang='grc' dir='ltr'><strong>τῇ</strong></span> <span class='ocrx_word' id='word_1_262' title='bbox 555 3257 621 3336; x_wconf 76' lang='grc' dir='ltr'><strong>σοίτῇ</strong></span> <span class='ocrx_word' id='word_1_263' title='bbox 650 3256 788 3336; x_wconf 72' lang='grc' dir='ltr'><strong>ἁγιωτάτῃ</strong></span> <span class='ocrx_word' id='word_1_264' title='bbox 817 3255 952 3338; x_wconf 82' lang='grc' dir='ltr'><strong>ἐκκλησίᾳ</strong></span> <span class='ocrx_word' id='word_1_265' title='bbox 974 3261 1023 3332; x_wconf 73' lang='grc' dir='ltr'><strong>τῆς</strong></span> <span class='ocrx_word' id='word_1_266' title='bbox 1047 3254 1253 3335; x_wconf 84' lang='grc' dir='ltr'><strong>Μονεμβασίας,</strong></span> <span class='ocrx_word' id='word_1_267' title='bbox 1288 3257 1327 3326; x_wconf 83' lang='grc' dir='ltr'><strong>ὡς</strong></span> 
     </span>
     <span class='ocr_line' id='line_1_25' title="bbox 51 3343 1326 3458; baseline 0.004 -27"><span class='ocrx_word' id='word_1_268' title='bbox 51 3370 154 3444; x_wconf 78' lang='grc' dir='ltr'><strong>καὶτοῖς</strong></span> <span class='ocrx_word' id='word_1_269' title='bbox 180 3376 283 3455; x_wconf 77' lang='grc' dir='ltr'><strong>ἄλλας,</strong></span> <span class='ocrx_word' id='word_1_270' title='bbox 319 3343 361 3446; x_wconf 74' lang='grc' dir='ltr'><strong>ὡςι</strong></span> <span class='ocrx_word' id='word_1_271' title='bbox 385 3377 438 3456; x_wconf 83' lang='grc' dir='ltr'><strong>ἀρα</strong></span> <span class='ocrx_word' id='word_1_272' title='bbox 466 3377 633 3456; x_wconf 79' lang='grc' dir='ltr'><strong>μητροπόλει</strong></span> <span class='ocrx_word' id='word_1_273' title='bbox 660 3379 746 3437; x_wconf 84' lang='grc' dir='ltr'><strong>αύτῶν</strong></span> <span class='ocrx_word' id='word_1_274' title='bbox 769 3376 816 3435; x_wconf 85' lang='grc' dir='ltr'><strong>καὶ</strong></span> <span class='ocrx_word' id='word_1_275' title='bbox 839 3377 968 3455; x_wconf 88' lang='grc' dir='ltr'><strong>δέχεσθαι</strong></span> <span class='ocrx_word' id='word_1_276' title='bbox 992 3376 1030 3447; x_wconf 90' lang='grc' dir='ltr'><strong>εἰς</strong></span> <span class='ocrx_word' id='word_1_277' title='bbox 1053 3378 1191 3458; x_wconf 80' lang='grc' dir='ltr'><strong>ἀρχιερεῖς</strong></span> <span class='ocrx_word' id='word_1_278' title='bbox 1214 3379 1326 3457; x_wconf 81' lang='grc' dir='ltr'><strong>ἑαυτῶν,</strong></span> 
     </span>
     <span class='ocr_line' id='line_1_26' title="bbox 54 3492 1327 3582; baseline -0.002 -21"><span class='ocrx_word' id='word_1_279' title='bbox 54 3492 88 3561; x_wconf 65' lang='grc' dir='ltr'><strong>ῑῦς</strong></span> <span class='ocrx_word' id='word_1_280' title='bbox 109 3498 137 3552; x_wconf 82' lang='grc' dir='ltr'><strong>ἀν</strong></span> <span class='ocrx_word' id='word_1_281' title='bbox 158 3499 171 3556; x_wconf 90' lang='grc' dir='ltr'><strong>ό</strong></span> <span class='ocrx_word' id='word_1_282' title='bbox 195 3497 224 3556; x_wconf 85' lang='grc' dir='ltr'><strong>ἐν</strong></span> <span class='ocrx_word' id='word_1_283' title='bbox 246 3504 280 3580; x_wconf 78' lang='grc' dir='ltr'><strong>τῇ</strong></span> <span class='ocrx_word' id='word_1_284' title='bbox 304 3495 435 3579; x_wconf 83' lang='grc' dir='ltr'><strong>εἰρημένῃ</strong></span> <span class='ocrx_word' id='word_1_285' title='bbox 455 3495 600 3580; x_wconf 82' lang='grc' dir='ltr'><strong>’ἁγιωτάτῃ</strong></span> <span class='ocrx_word' id='word_1_286' title='bbox 628 3500 797 3580; x_wconf 84' lang='grc' dir='ltr'><strong>μητροπόλει</strong></span> <span class='ocrx_word' id='word_1_287' title='bbox 820 3499 1009 3580; x_wconf 76' lang='grc' dir='ltr'><strong>εὑρισκόμενος</strong></span> <span class='ocrx_word' id='word_1_288' title='bbox 1032 3501 1176 3582; x_wconf 82' lang='grc' dir='ltr'><strong>ἀρχιερεύς</strong></span> <span class='ocrx_word' id='word_1_289' title='bbox 1198 3521 1327 3581; x_wconf 87' lang='grc' dir='ltr'><strong>χειροτο-</strong></span> 
     </span>
     <span class='ocr_line' id='line_1_27' title="bbox 54 3619 1325 3703; baseline 0.006 -28"><span class='ocrx_word' id='word_1_290' title='bbox 54 3619 116 3687; x_wconf 56' lang='lat' dir='ltr'><strong>*frma</strong></span> <span class='ocrx_word' id='word_1_291' title='bbox 141 3619 269 3700; x_wconf 76' lang='grc' dir='ltr'><strong>διακρίνοι</strong></span> <span class='ocrx_word' id='word_1_292' title='bbox 296 3620 343 3680; x_wconf 84' lang='grc' dir='ltr'><strong>καὶ</strong></span> <span class='ocrx_word' id='word_1_293' title='bbox 375 3621 575 3698; x_wconf 75' lang='grc' dir='ltr'><strong>ἐγκαταστῆσαι</strong></span> <span class='ocrx_word' id='word_1_294' title='bbox 606 3623 647 3681; x_wconf 83' lang='grc' dir='ltr'><strong>ἐπ’</strong></span> <span class='ocrx_word' id='word_1_295' title='bbox 662 3625 762 3694; x_wconf 85' lang='grc' dir='ltr'><strong>αύταῖς.</strong></span> <span class='ocrx_word' id='word_1_296' title='bbox 802 3625 819 3696; x_wconf 76' lang='grc' dir='ltr'>ἡ</span> <span class='ocrx_word' id='word_1_297' title='bbox 844 3623 874 3682; x_wconf 86' lang='grc' dir='ltr'><strong>δὲ</strong></span> <span class='ocrx_word' id='word_1_298' title='bbox 897 3630 946 3699; x_wconf 76' lang='grc' dir='ltr'><strong>τῆς</strong></span> <span class='ocrx_word' id='word_1_299' title='bbox 970 3623 1105 3702; x_wconf 83' lang='grc' dir='ltr'><strong>ἐπαρχίας</strong></span> <span class='ocrx_word' id='word_1_300' title='bbox 1126 3625 1225 3699; x_wconf 88' lang='grc' dir='ltr'><strong>ταύτης</strong></span> <span class='ocrx_word' id='word_1_301' title='bbox 1246 3623 1325 3703; x_wconf 86' lang='grc' dir='ltr'><strong>περί-</strong></span> 
     </span>
     <span class='ocr_line' id='line_1_28' title="bbox 56 3725 1326 3827; baseline 0.006 -30"><span class='ocrx_word' id='word_1_302' title='bbox 56 3736 113 3816; x_wconf 72' lang='grc' dir='ltr'><strong>οδος,</strong></span> <span class='ocrx_word' id='word_1_303' title='bbox 135 3743 169 3813; x_wconf 85' lang='grc' dir='ltr'><strong>ὡς</strong></span> <span class='ocrx_word' id='word_1_304' title='bbox 190 3743 220 3801; x_wconf 90' lang='grc' dir='ltr'><strong>ἐν</strong></span> <span class='ocrx_word' id='word_1_305' title='bbox 243 3744 317 3821; x_wconf 82' lang='grc' dir='ltr'><strong>ιύπῳ</strong></span> <span class='ocrx_word' id='word_1_306' title='bbox 338 3745 524 3826; x_wconf 81' lang='grc' dir='ltr'><strong>περιγραφικῷ</strong></span> <span class='ocrx_word' id='word_1_307' title='bbox 548 3747 607 3823; x_wconf 83' lang='grc' dir='ltr'><strong>ἔχει</strong></span> <span class='ocrx_word' id='word_1_308' title='bbox 630 3725 724 3816; x_wconf 78' lang='grc' dir='ltr'><strong>οθτως,</strong></span> <span class='ocrx_word' id='word_1_309' title='bbox 755 3752 861 3824; x_wconf 83' lang='grc' dir='ltr'><strong>πρῶτον</strong></span> <span class='ocrx_word' id='word_1_310' title='bbox 885 3746 935 3820; x_wconf 86' lang='grc' dir='ltr'><strong>μὲν</strong></span> <span class='ocrx_word' id='word_1_311' title='bbox 958 3745 1004 3806; x_wconf 82' lang='grc' dir='ltr'><strong>οὖν</strong></span> <span class='ocrx_word' id='word_1_312' title='bbox 1028 3747 1191 3827; x_wconf 85' lang='grc' dir='ltr'><strong>Ἐπίδαυρος</strong></span> <span class='ocrx_word' id='word_1_313' title='bbox 1213 3747 1326 3826; x_wconf 89' lang='grc' dir='ltr'><strong>ἀρχαία,</strong></span> 
     </span>
    </p>
   </div>
   <div class='ocr_carea' id='block_1_3' title="bbox 56 3859 1328 3950">
    <p class='ocr_par' dir='ltr' id='par_1_3' title="bbox 56 3859 1328 3950">
     <span class='ocr_line' id='line_1_29' title="bbox 56 3859 1328 3950; baseline 0.006 -31"><span class='ocrx_word' id='word_1_314' title='bbox 56 3859 234 3940; x_wconf 80' lang='grc' dir='ltr'><strong>ἠκαλουμένη</strong></span> <span class='ocrx_word' id='word_1_315' title='bbox 258 3867 384 3946; x_wconf 86' lang='grc' dir='ltr'><strong>Λιμηρά·</strong></span> <span class='ocrx_word' id='word_1_316' title='bbox 420 3869 490 3942; x_wconf 84' lang='grc' dir='ltr'><strong>μετὰ</strong></span> <span class='ocrx_word' id='word_1_317' title='bbox 520 3869 551 3927; x_wconf 90' lang='grc' dir='ltr'><strong>δέ</strong></span> <span class='ocrx_word' id='word_1_318' title='bbox 573 3870 669 3943; x_wconf 90' lang='grc' dir='ltr'><strong>ταύτην</strong></span> <span class='ocrx_word' id='word_1_319' title='bbox 694 3868 737 3928; x_wconf 82' lang='grc' dir='ltr'><strong>ἐπὶ</strong></span> <span class='ocrx_word' id='word_1_320' title='bbox 761 3864 832 3950; x_wconf 85' lang='grc' dir='ltr'><strong>ἑῴαν</strong></span> <span class='ocrx_word' id='word_1_321' title='bbox 855 3873 972 3949; x_wconf 86' lang='grc' dir='ltr'><strong>προϊόντι</strong></span> <span class='ocrx_word' id='word_1_322' title='bbox 995 3869 1010 3926; x_wconf 89' lang='grc' dir='ltr'><strong>ό</strong></span> <span class='ocrx_word' id='word_1_323' title='bbox 1032 3865 1139 3949; x_wconf 84' lang='grc' dir='ltr'><strong>Ζάραξ·</strong></span> <span class='ocrx_word' id='word_1_324' title='bbox 1167 3869 1328 3947; x_wconf 88' lang='grc' dir='ltr'><strong>προελθόντι</strong></span> 
     </span>
    </p>
   </div>
   <div class='ocr_carea' id='block_1_4' title="bbox 57 3979 1328 4076">
    <p class='ocr_par' dir='ltr' id='par_1_4' title="bbox 57 3979 1328 4076">
     <span class='ocr_line' id='line_1_30' title="bbox 57 3979 1328 4076; baseline 0.008 -37"><span class='ocrx_word' id='word_1_325' title='bbox 57 3979 81 4039; x_wconf 85' lang='grc' dir='ltr'><strong>δέ</strong></span> <span class='ocrx_word' id='word_1_326' title='bbox 100 3985 145 4045; x_wconf 81' lang='grc' dir='ltr'><strong>ἀπό</strong></span> <span class='ocrx_word' id='word_1_327' title='bbox 164 3991 291 4067; x_wconf 82' lang='grc' dir='ltr'><strong>Ζάρακος</strong></span> <span class='ocrx_word' id='word_1_328' title='bbox 313 3989 387 4067; x_wconf 83' lang='grc' dir='ltr'><strong>παρὰ</strong></span> <span class='ocrx_word' id='word_1_329' title='bbox 409 3991 456 4066; x_wconf 78' lang='grc' dir='ltr'><strong>τὴν</strong></span> <span class='ocrx_word' id='word_1_330' title='bbox 480 3991 617 4050; x_wconf 90' lang='grc' dir='ltr'><strong>θάλατταν</strong></span> <span class='ocrx_word' id='word_1_331' title='bbox 640 3995 758 4050; x_wconf 84' lang='grc' dir='ltr'><strong>κατιόντι</strong></span> <span class='ocrx_word' id='word_1_332' title='bbox 781 3987 917 4076; x_wconf 50' lang='lat' dir='ltr'><strong>[ubuum</strong></span> <span class='ocrx_word' id='word_1_333' title='bbox 940 3991 1156 4071; x_wconf 74' lang='grc' dir='ltr'><strong>ἡΚυπαρισσία·</strong></span> <span class='ocrx_word' id='word_1_334' title='bbox 1181 3986 1241 4050; x_wconf 81' lang='grc' dir='ltr'><strong>εἶτα</strong></span> <span class='ocrx_word' id='word_1_335' title='bbox 1262 3993 1328 4062; x_wconf 82' lang='grc' dir='ltr'><strong>ναός</strong></span> 
     </span>
    </p>
   </div>
   <div class='ocr_carea' id='block_1_5' title="bbox 57 4109 1326 4192">
    <p class='ocr_par' dir='ltr' id='par_1_5' title="bbox 57 4109 1326 4192">
     <span class='ocr_line' id='line_1_31' title="bbox 57 4109 1326 4192; baseline 0.011 -34"><span class='ocrx_word' id='word_1_336' title='bbox 57 4109 91 4161; x_wconf 77' lang='grc' dir='ltr'><strong>τού</strong></span> <span class='ocrx_word' id='word_1_337' title='bbox 111 4110 179 4186; x_wconf 82' lang='grc' dir='ltr'><strong>ἁγίου</strong></span> <span class='ocrx_word' id='word_1_338' title='bbox 195 4110 350 4170; x_wconf 86' lang='grc' dir='ltr'><strong>Λεωνίδου·</strong></span> <span class='ocrx_word' id='word_1_339' title='bbox 376 4112 445 4185; x_wconf 79' lang='grc' dir='ltr'><strong>μετὰ</strong></span> <span class='ocrx_word' id='word_1_340' title='bbox 468 4112 499 4171; x_wconf 85' lang='grc' dir='ltr'><strong>δὲ</strong></span> <span class='ocrx_word' id='word_1_341' title='bbox 522 4115 552 4171; x_wconf 76' lang='grc' dir='ltr'><strong>τό</strong></span> <span class='ocrx_word' id='word_1_342' title='bbox 575 4116 621 4172; x_wconf 81' lang='grc' dir='ltr'><strong>τοῦ</strong></span> <span class='ocrx_word' id='word_1_343' title='bbox 638 4113 715 4190; x_wconf 87' lang='grc' dir='ltr'><strong>ἁγίου</strong></span> <span class='ocrx_word' id='word_1_344' title='bbox 731 4115 802 4173; x_wconf 88' lang='grc' dir='ltr'><strong>θεῖον</strong></span> <span class='ocrx_word' id='word_1_345' title='bbox 819 4115 942 4192; x_wconf 86' lang='grc' dir='ltr'><strong>τέμενος,</strong></span> <span class='ocrx_word' id='word_1_346' title='bbox 965 4115 995 4172; x_wconf 75' lang='grc' dir='ltr'><strong>τό</strong></span> <span class='ocrx_word' id='word_1_347' title='bbox 1011 4113 1183 4188; x_wconf 87' lang='grc' dir='ltr'><strong>καλούμενον</strong></span> <span class='ocrx_word' id='word_1_348' title='bbox 1201 4113 1326 4192; x_wconf 78' lang='grc' dir='ltr'><strong>Ἄστρος·</strong></span> 
     </span>
    </p>
   </div>
   <div class='ocr_carea' id='block_1_6' title="bbox 61 4223 1358 4806">
    <p class='ocr_par' dir='ltr' id='par_1_6' title="bbox 61 4223 1328 4318">
     <span class='ocr_line' id='line_1_32' title="bbox 61 4223 1328 4318; baseline 0.013 -38"><span class='ocrx_word' id='word_1_349' title='bbox 61 4223 201 4302; x_wconf 75' lang='grc' dir='ltr'><strong>ἐπαναβάντι</strong></span> <span class='ocrx_word' id='word_1_350' title='bbox 233 4232 263 4292; x_wconf 85' lang='grc' dir='ltr'><strong>δὲ</strong></span> <span class='ocrx_word' id='word_1_351' title='bbox 287 4235 368 4309; x_wconf 84' lang='grc' dir='ltr'><strong>κώμη</strong></span> <span class='ocrx_word' id='word_1_352' title='bbox 395 4236 413 4308; x_wconf 79' lang='grc' dir='ltr'>ἡ</span> <span class='ocrx_word' id='word_1_353' title='bbox 436 4237 596 4310; x_wconf 81' lang='grc' dir='ltr'><strong>καλουμένη</strong></span> <span class='ocrx_word' id='word_1_354' title='bbox 620 4239 804 4308; x_wconf 81' lang='grc' dir='ltr'><strong>Καστάνιτζα·</strong></span> <span class='ocrx_word' id='word_1_355' title='bbox 841 4233 910 4312; x_wconf 86' lang='grc' dir='ltr'><strong>μετά</strong></span> <span class='ocrx_word' id='word_1_356' title='bbox 934 4237 965 4296; x_wconf 82' lang='grc' dir='ltr'><strong>δὲ</strong></span> <span class='ocrx_word' id='word_1_357' title='bbox 987 4238 1085 4310; x_wconf 87' lang='grc' dir='ltr'><strong>ταύτην</strong></span> <span class='ocrx_word' id='word_1_358' title='bbox 1108 4237 1259 4318; x_wconf 82' lang='grc' dir='ltr'><strong>ἀπέρχεται</strong></span> <span class='ocrx_word' id='word_1_359' title='bbox 1281 4237 1328 4296; x_wconf 86' lang='grc' dir='ltr'><strong>καὶ</strong></span> 
     </span>
    </p>

    <p class='ocr_par' dir='ltr' id='par_1_7' title="bbox 62 4446 1358 4806">
     <span class='ocr_line' id='line_1_33' title="bbox 144 4446 1328 4520; baseline 0.004 -22"><span class='ocrx_word' id='word_1_360' title='bbox 144 4449 161 4512; x_wconf 89' lang='lat'><strong>¹)</strong></span> <span class='ocrx_word' id='word_1_361' title='bbox 179 4447 352 4516; x_wconf 87' lang='grc' dir='ltr'><strong>πραεδρεύσεσι</strong></span> <span class='ocrx_word' id='word_1_362' title='bbox 369 4451 400 4500; x_wconf 92' lang='lat' dir='ltr'><strong>B.</strong></span> <span class='ocrx_word' id='word_1_363' title='bbox 473 4451 494 4516; x_wconf 80' lang='lat'><strong>²)</strong></span> <span class='ocrx_word' id='word_1_364' title='bbox 514 4449 645 4518; x_wconf 81' lang='grc' dir='ltr'><strong>ἐθισμένσις</strong></span> <span class='ocrx_word' id='word_1_365' title='bbox 665 4453 693 4502; x_wconf 90' lang='grc' dir='ltr'><strong>Β.</strong></span> <span class='ocrx_word' id='word_1_366' title='bbox 713 4447 801 4511; x_wconf 77' lang='grc' dir='ltr'><strong>ὅλοιςθ</strong></span> <span class='ocrx_word' id='word_1_367' title='bbox 872 4451 893 4518; x_wconf 86' lang='lat'><strong>³)</strong></span> <span class='ocrx_word' id='word_1_368' title='bbox 913 4449 942 4512; x_wconf 76' lang='grc' dir='ltr'><strong>ἐξ.</strong></span> <span class='ocrx_word' id='word_1_369' title='bbox 964 4455 1046 4503; x_wconf 86' lang='grc' dir='ltr'><strong>τοῦτον</strong></span> <span class='ocrx_word' id='word_1_370' title='bbox 1071 4451 1143 4520; x_wconf 84' lang='grc' dir='ltr'><strong>μόνον</strong></span> <span class='ocrx_word' id='word_1_371' title='bbox 1167 4446 1227 4502; x_wconf 78' lang='grc' dir='ltr'><strong>εἶναί</strong></span> <span class='ocrx_word' id='word_1_372' title='bbox 1244 4469 1270 4503; x_wconf 90' lang='grc' dir='ltr'><strong>τε</strong></span> <span class='ocrx_word' id='word_1_373' title='bbox 1289 4452 1328 4503; x_wconf 86' lang='grc' dir='ltr'><strong>καὶ</strong></span> 
     </span>
     <span class='ocr_line' id='line_1_34' title="bbox 62 4531 1358 4620; baseline 0.007 -30"><span class='ocrx_word' id='word_1_374' title='bbox 62 4531 152 4602; x_wconf 70' lang='grc' dir='ltr'><strong>θίγεαθαι</strong></span> <span class='ocrx_word' id='word_1_375' title='bbox 173 4544 250 4610; x_wconf 81' lang='grc' dir='ltr'><strong>πάσης</strong></span> <span class='ocrx_word' id='word_1_376' title='bbox 274 4543 333 4598; x_wconf 86' lang='grc' dir='ltr'><strong>Πελ.</strong></span> <span class='ocrx_word' id='word_1_377' title='bbox 356 4541 396 4594; x_wconf 86' lang='grc' dir='ltr'><strong>τύν</strong></span> <span class='ocrx_word' id='word_1_378' title='bbox 424 4549 465 4610; x_wconf 83' lang='grc' dir='ltr'><strong>τῆς</strong></span> <span class='ocrx_word' id='word_1_379' title='bbox 489 4545 599 4612; x_wconf 86' lang='grc' dir='ltr'><strong>τοιαύτης</strong></span> <span class='ocrx_word' id='word_1_380' title='bbox 624 4543 757 4616; x_wconf 81' lang='grc' dir='ltr'><strong>ἁγιωτάτης</strong></span> <span class='ocrx_word' id='word_1_381' title='bbox 780 4547 956 4616; x_wconf 85' lang='grc' dir='ltr'><strong>ἀρχιερατικῶς</strong></span> <span class='ocrx_word' id='word_1_382' title='bbox 981 4547 1046 4598; x_wconf 84' lang='grc' dir='ltr'><strong>ἐκκλ.</strong></span> <span class='ocrx_word' id='word_1_383' title='bbox 1071 4551 1168 4616; x_wconf 83' lang='grc' dir='ltr'><strong>πραῖστ.</strong></span> <span class='ocrx_word' id='word_1_384' title='bbox 1194 4550 1241 4599; x_wconf 77' lang='lat' dir='ltr'>alii</span> <span class='ocrx_word' id='word_1_385' title='bbox 1265 4549 1327 4599; x_wconf 80' lang='lat' dir='ltr'>edit.</span> <span class='ocrx_word' id='word_1_386' title='bbox 1357 4616 1358 4620; x_wconf 10' lang='grc' dir='ltr'><strong>Ἰ</strong></span> 
     </span>
     <span class='ocr_line' id='line_1_35' title="bbox 63 4631 1328 4712; baseline 0.008 -29"><span class='ocrx_word' id='word_1_387' title='bbox 63 4631 229 4694; x_wconf 52' lang='lat' dir='ltr'><strong>*uxamam</strong></span> <span class='ocrx_word' id='word_1_388' title='bbox 248 4643 310 4692; x_wconf 74' lang='lat' dir='ltr'><strong>edit.</strong></span> <span class='ocrx_word' id='word_1_389' title='bbox 384 4643 404 4707; x_wconf 78' lang='lat'><strong>⁶)</strong></span> <span class='ocrx_word' id='word_1_390' title='bbox 424 4642 547 4710; x_wconf 83' lang='grc' dir='ltr'><strong>διαφόρως</strong></span> <span class='ocrx_word' id='word_1_391' title='bbox 560 4645 591 4694; x_wconf 84' lang='lat' dir='ltr'><strong>R.</strong></span> <span class='ocrx_word' id='word_1_392' title='bbox 664 4645 796 4708; x_wconf 72' lang='grc' dir='ltr'><strong>6)8ἰσΙέ.,</strong></span> <span class='ocrx_word' id='word_1_393' title='bbox 815 4645 862 4693; x_wconf 80' lang='lat' dir='ltr'>alii</span> <span class='ocrx_word' id='word_1_394' title='bbox 878 4645 992 4694; x_wconf 77' lang='lat' dir='ltr'>editores</span> <span class='ocrx_word' id='word_1_395' title='bbox 1007 4643 1148 4712; x_wconf 86' lang='grc' dir='ltr'><strong>Ιίυύονρίας.</strong></span> <span class='ocrx_word' id='word_1_396' title='bbox 1222 4645 1328 4712; x_wconf 67' lang='grc' dir='ltr'><strong>ἵ)πρσσ·</strong></span> 
     </span>
     <span class='ocr_line' id='line_1_36' title="bbox 64 4724 751 4806; baseline 0.01 -24"><span class='ocrx_word' id='word_1_397' title='bbox 64 4724 163 4794; x_wconf 68' lang='grc' dir='ltr'><strong>ῑύρθίιται</strong></span> <span class='ocrx_word' id='word_1_398' title='bbox 178 4738 208 4787; x_wconf 88' lang='lat' dir='ltr'><strong>B.</strong></span> <span class='ocrx_word' id='word_1_399' title='bbox 279 4739 301 4805; x_wconf 77' lang='grc'><strong>8)</strong></span> <span class='ocrx_word' id='word_1_400' title='bbox 321 4735 394 4802; x_wconf 82' lang='grc' dir='ltr'><strong>αίιτῆς</strong></span> <span class='ocrx_word' id='word_1_401' title='bbox 413 4739 440 4788; x_wconf 86' lang='lat' dir='ltr'><strong>Z.</strong></span> <span class='ocrx_word' id='word_1_402' title='bbox 513 4737 535 4804; x_wconf 78' lang='lat'><strong>⁹)</strong></span> <span class='ocrx_word' id='word_1_403' title='bbox 553 4737 664 4806; x_wconf 82' lang='grc' dir='ltr'><strong>πόλισμά</strong></span> <span class='ocrx_word' id='word_1_404' title='bbox 681 4755 703 4788; x_wconf 86' lang='grc' dir='ltr'><strong>τι</strong></span> <span class='ocrx_word' id='word_1_405' title='bbox 720 4740 751 4789; x_wconf 87' lang='grc' dir='ltr'><strong>Β.</strong></span> 
     </span>
    </p>
   </div>
   <div class='ocr_carea' id='block_1_7' title="bbox 0 0 1618 5298">
    <p class='ocr_par' dir='ltr' id='par_1_8' title="bbox 0 0 1618 5298">
     <span class='ocr_line' id='line_1_37' title="bbox 0 0 1618 5298; baseline 0 0"><span class='ocrx_word' id='word_1_406' title='bbox 0 0 1618 5298; x_wconf 95' lang='lat' dir='ltr'><strong> </strong></span> 
     </span>
    </p>
   </div>
  </div>
 </body>
</html>
