3166 5298
234 299 276 364 96

235 493 383 573 Πελαργοῦ
406 491 509 568 μσδίων
531 493 631 570 χιλίων
653 493 850 573 τετρακοσίων’
875 494 955 575 ἑτέρα
976 499 1014 573 γῆ
1038 493 1078 566 είς
1100 497 1130 554 τ“σ
1149 496 1281 570 Λιβάδισν
1303 496 1406 571 μσδίων
1430 493 1539 569 ἑξακο-

233 613 307 694 σίων,
342 614 406 674 ἄνευ
427 621 477 690 τῆς
500 614 590 676 ἐκεῖσε
614 611 850 691 ἐξαλειμματικῆς
858 613 882 696 ¹)
904 622 959 693 γῆς
980 619 1027 676 τοῦ
1048 617 1171 697 Δραγάη,
1202 617 1231 676 ἐν
1253 613 1272 700 ᾖ
1296 617 1462 698 εὑρίσκονται
1488 615 1541 675 καί

233 734 385 811 μυλοτάπια
413 735 475 796 δύο·
507 737 588 816 ἑτέρα
614 741 651 814 γῆ
680 735 720 808 εἰς
745 739 791 795 τδν
817 737 897 796 τόπον
924 743 970 796 τοῦ
992 735 1116 818 Βερνάρη
1140 738 1243 814 μσδίων
1264 737 1440 820 τριακοσίων·
1471 737 1540 817 περί

231 858 277 916 τδν
301 856 465 940 Πάνακανέ)
487 859 570 930 τάπος
591 861 722 938 χερσαῖος
744 856 791 918 καί
811 858 951 939 ἀνήροτος,
975 857 1015 930 είς
1030 861 1060 918 δν
1074 860 1271 939 κατεφύτευσαν
1288 858 1388 939 δένδρα
1404 859 1538 919 ἐλαιϊκά·

230 976 278 1037 καί
308 975 448 1040 οίκοτάπια
476 978 593 1053 πλησίον
623 981 669 1038 τοῦ
697 980 907 1060 νεουργηθέντος
933 979 1115 1060 παραπορτίου
1143 980 1190 1040 σὺν
1219 979 1257 1060 τῷ
1285 980 1374 1040 ἐκεῖσε
1401 979 1461 1058 ναῷ
1486 986 1539 1054 τῆς

231 1099 380 1180 ὑπεραγίας
395 1099 532 1162 Θεοτίκου
555 1107 603 1195 τῆς
619 1099 813 1180 Ὁδηγητρίας.
841 1102 859 1176 ἡ
884 1100 1011 1174 βασιλεία
1027 1122 1078 1176 μου
1094 1101 1139 1160 διὰ
1152 1101 1201 1176 τὴν
1218 1100 1354 1177 μεσιτείαν
1368 1106 1415 1162 τοῦ
1432 1101 1536 1178 δηλω-

231 1222 326 1294 θέντος
347 1221 526 1301 περιποθήτου
548 1219 622 1281 θείου
645 1220 737 1300 αὐτῆς,
761 1224 807 1280 τοῦ
831 1221 1005 1300 ὑψηλοτάτου
1027 1221 1120 1301 κράλη
1137 1222 1263 1302 Σερβίας,
1287 1221 1334 1282 καί
1348 1227 1398 1297 τῆς
1412 1243 1536 1302 περιπο-

231 1342 312 1416 θήτου
335 1341 411 1413 θείας
432 1347 482 1418 τῆς
505 1340 648 1415 βασιλείας
671 1363 733 1421 μου,
761 1347 810 1416 τῆς
832 1342 1003 1418 ὑψολστάτης
1025 1342 1188 1424 κραλαίνης,
1215 1343 1260 1402 τὀν
1283 1345 1404 1423 παρέντα
1426 1349 1535 1426 χρυσά-

232 1461 353 1535 βσυλλσν
383 1462 468 1542 λόγον
492 1462 654 1543 ἑπιχσρηγεῑ
675 1461 722 1522 καί
747 1461 920 1542 ἐπιβραβείιει
941 1469 975 1544 τῇ
999 1462 1155 1546 δηλωθείοῃ
1178 1463 1314 1544 σεβασμία
1337 1470 1417 1545 μονῇ,
1452 1463 1491 1524 δι’
1505 1459 1535 1525 οὗ

230 1579 394 1661 προστάσσει
417 1581 464 1643 καί
486 1583 629 1664 διορίζεται
650 1585 778 1661 κατέχειν
801 1584 884 1658 σίντην
907 1582 941 1642 τὰ
963 1583 1091 1664 ἀνωτέρω
1112 1583 1185 1644 κατὰ
1199 1587 1283 1664 μέρος
1298 1583 1473 1665 δηλωθέντα,
1501 1589 1536 1645 τά

230 1725 260 1764 τε
283 1703 337 1766 σίπδ
359 1702 546 1784 προσενέξεως
565 1703 661 1766 καὶτὰ
678 1701 708 1777 ἐξ
724 1700 873 1786 ἀγορασίας
887 1702 935 1764 καί
950 1703 1130 1785 ἀλλστράπως
1144 1705 1323 1786 περιελθόντα
1339 1705 1417 1788 αίιτῇ,
1442 1707 1533 1786 ἀναρ-

231 1827 354 1905 αιρέτως,
377 1826 582 1906 ἀνενσχλήτως,
604 1823 652 1886 καί
675 1823 852 1898 ἀδιασείστως
876 1825 945 1900 μετὰ
967 1823 1057 1900 πάσης
1079 1831 1129 1901 της
1150 1833 1238 1902 νομῆς
1259 1824 1306 1886 καί
1328 1834 1465 1907 περιοχῆς
1486 1827 1533 1888 καί

229 1954 283 2007 τῶν
311 1945 424 2008 δικαίων
451 1949 538 2008 αὐτῶν
565 1947 637 2008 κατὰ
663 1947 712 2019 τὰς
736 1945 775 2018 εἰς
799 1951 877 2007 τοῦτο
898 1947 1061 2027 περιλήψεις
1082 1951 1136 2006 τῶν
1156 1949 1311 2026 προσόντων
1334 1947 1401 2030 αιτῄ
1424 1949 1534 2008 παλαι-

229 2068 318 2148 γενῶν
343 2069 475 2150 διαφόρων
499 2069 698 2148 δικαιωμάτων,
724 2070 761 2128 έτι
785 2069 816 2129 δὲ
838 2067 885 2129 καί
906 2069 955 2142 τήν
977 2068 1123 2150 περιληψιν
1145 2073 1191 2130 τοῦ
1213 2068 1411 2148 διαληφθέντος
1425 2091 1532 2152 χρυσο-

230 2190 352 2264 βσίιλλου
380 2197 426 2250 τοῦ
454 2191 531 2270 άγίου
554 2211 605 2266 μου
628 2191 754 2250 αυθέντου
777 2189 823 2250 καί
846 2189 995 2270 βασιλέως,
1025 2193 1072 2252 τοῦ
1094 2193 1204 2252 πάππου
1226 2197 1275 2266 τῆς
1298 2191 1444 2266 βασιλείας
1469 2214 1532 2272 μου,

230 2315 292 2373 ὅθεν
318 2311 365 2373 καί
391 2319 424 2394 τῇ
453 2311 524 2390 ίσχίιι
546 2312 592 2372 καί
616 2312 729 2388 δυνάμει
752 2314 797 2372 τοῦ
819 2313 952 2390 παρέντος
974 2311 1183 2391 χρυσοβσὺλλου
1204 2313 1290 2390 λόγου
1313 2319 1362 2388 τῆς
1385 2313 1532 2386 βασιλείας

229 2455 281 2509 μου
310 2431 421 2508 καθέξει
448 2433 494 2494 καί
521 2435 704 2510 νεμηθήσεται
731 2435 749 2508 ἠ
778 2432 935 2510 δηλωθεῑσα
963 2432 1099 2509 οεβασμία
1129 2434 1199 2508 μονὴ
1226 2435 1421 2494 πάνταταῦτα
1451 2435 1531 2506 ἐκτδς

226 2559 317 2632 πάσης
344 2555 390 2616 καί
417 2554 546 2628 παντοίας
578 2555 751 2632 δημοσιακης
784 2555 914 2635 ἐπηρείας
941 2552 988 2614 καί
1015 2556 1186 2632 συζητησεως
1219 2552 1266 2614 καί
1295 2554 1392 2634 έτέρας
1420 2557 1530 2632 ἁπάσης
1579 2623 1580 2631 γ

228 2677 446 2756 διενοχλήσεως·
471 2675 532 2736 οὔτε
555 2675 607 2756 γάρ
630 2679 660 2736 τδ
682 2682 732 2752 τῆς
755 2674 894 2756 σιταρκίας
916 2676 1067 2754 κεφάλαιον
1090 2675 1302 2754 ἀπαιτηθήσεται
1318 2675 1443 2736 ἀπατῶν
1459 2697 1528 2753 κτη-

227 2801 319 2876 μάτων
343 2801 436 2880 σίιτῆς,
459 2797 521 2858 οὔτε
543 2798 573 2858 το
595 2803 644 2874 τῆς
668 2797 761 2876 θρικῆς
784 2796 902 2872 καὶτῆς
925 2797 1129 2876 καστροκτισίας
1151 2795 1198 2856 καὶ
1222 2801 1268 2856 τοῦ
1291 2797 1426 2873 ἐννσμίου,
1452 2797 1528 2858 ἀλλὰ

226 2922 456 3000 συντηρηθησεται
485 2919 538 2980 ἀπὸ
565 2919 665 2978 τούτων
688 2918 875 2996 ἀνενέχλητος
897 2921 983 2994 πάντη
1007 2917 1054 2978 καί
1076 2916 1267 2996 ἀναπαίτητος,
1299 2920 1528 2998 συντηρηθήσεται

226 3042 258 3102 δέ
282 3042 411 3114 ὡσαύτως
433 3040 619 3120 ἀνενόχλητσς
641 3039 688 3100 καί
710 3039 763 3100 ἀπδ
785 3044 832 3100 τοῦ
846 3041 917 3100 κατὰ
932 3041 1042 3122 καιροὺς
1058 3041 1248 3122 εὑρισκομένου
1264 3039 1411 3118 ἱερωτάτου
1429 3039 1526 3121 ἀρχιε-

227 3165 299 3244 ρέως
322 3160 361 3234 είς
384 3163 432 3238 την
457 3162 625 3242 μητρόπολιν
647 3169 701 3222 τῶν
724 3163 846 3242 Σερρῶν,
869 3162 942 3238 πλὴν
959 3164 1041 3238 μένον
1056 3167 1102 3222 τοῦ
1117 3161 1245 3236 συνήθους
1261 3162 1433 3238 μνημοσίνου
1449 3165 1526 3223 σαίτοῡ

225 3283 273 3344 καὶ
298 3288 345 3344 τοῦ
370 3285 538 3364 τεταγμένου
565 3285 717 3363 κανσνικοῦ,
747 3281 793 3344 καὶ
820 3283 864 3342 ἵνα
892 3282 970 3342 συδέν
999 3284 1053 3366 έχῃ
1079 3283 1095 3342 ὁ
1121 3286 1240 3354 τοιοῦτος
1263 3278 1407 3363 ἀρχιερεὺς
1432 3283 1524 3344 άδειαν

225 3405 301 3476 ὅλως
330 3405 512 3466 ἀποκαθιστᾶν
539 3407 708 3484 ἡγουμένους
736 3403 776 3477 είς
802 3406 850 3480 τὴν
877 3406 1003 3480 τοιαίτην
1031 3406 1116 3482 μονὴν
1139 3408 1157 3479 ἢ
1180 3405 1263 3464 πάλιν
1288 3401 1397 3483 ἐξάγειν
1421 3405 1523 3480 αυτούς,
1568 3405 1570 3499 J

226 3527 303 3588 ἀλλὰ
319 3528 333 3586 δ
350 3527 465 3603 μέλλων
483 3527 648 3607 εὑρίσκεσθαι
665 3525 705 3597 είς
720 3527 768 3604 τὴν
784 3526 965 3606 ἡγουμενείαν
981 3527 1064 3602 αῐιτῆς
1078 3526 1230 3605 ἐκλέγηται
1241 3525 1315 3608 παρὰ
1327 3531 1380 3586 τῶν
1392 3526 1523 3604 μοναχιῖιν
1567 3553 1568 3577 ι

225 3650 308 3724 σίντης
330 3646 378 3707 καί
400 3647 603 3724 ἀπσοτέλληται
628 3646 667 3721 είς
689 3649 734 3707 τδν
757 3647 828 3708 κατὰ
842 3649 952 3728 καιροὺς
966 3650 1172 3726 παναγιάιτατον
1188 3649 1357 3728 πατριάρχην
1374 3647 1424 3708 καί
1439 3670 1520 3729 ορρα·

224 3771 331 3850 γίζηται
353 3771 417 3852 παρ’
428 3773 508 3833 αὑτοῦ
529 3771 576 3832 καί
598 3774 725 3846 τάττηται
748 3769 788 3843 είς
806 3771 855 3846 τὴν
870 3769 1050 3848 ἡγουμενείαν
1066 3768 1159 3851 αίιτῆς,
1186 3769 1315 3845 βούλεται
1331 3769 1385 3850 γάρ
1407 3769 1519 3847 ηβασι-
1563 3759 1565 3836 ί

223 3893 289 3952 λεία
313 3913 364 3968 μου
386 3891 433 3952 καί
456 3893 576 3965 θεσπίζει
598 3893 796 3973 πατριαρχικὴν
820 3887 889 3950 εἶναι
911 3891 960 3966 τὴν
982 3891 1105 3966 τοιαύτην
1128 3889 1279 3966 σεβασμίαν
1303 3891 1389 3966 μονὴν
1412 3897 1459 3952 τοῦ
1480 3912 1519 3949 τι·
1561 3917 1563 3971 γ

225 4015 287 4089 μίσυ
304 4013 480 4094 Προδράμου·
503 4015 596 4075 τοίτσυ
617 4013 671 4094 γὰρ
693 4016 774 4094 χάριν
798 4013 909 4092 ἐγένετο
933 4012 998 4092 αὐτῄ
1013 4010 1060 4072 καί
1076 4012 1090 4070 δ
1105 4011 1198 4091 παρὼν
1214 4010 1423 4093 χρυσόβουλλος
1437 4013 1518 4090 λόγος
1559 3981 1562 4129 γί

224 4141 274 4210 τῆς
298 4133 441 4209 βασιλείας
465 4156 526 4215 μου,
551 4134 698 4208 ἀπολυθεὶς
712 4135 797 4195 κατὰ
812 4141 900 4211 μῆνα
915 4131 1039 4194 ίσίινιον
1054 4139 1112 4210 τῆς
1128 4133 1350 4210 ἐνισταμένης
1365 4138 1517 4214 τετάρτης
1557 4129 1560 4210 ί

224 4252 436 4330 ίνδικτιῶνσς
473 4261 529 4318 τοῦ
570 4254 867 4335 ἑξακισχιλιοστοῦ
904 4254 1162 4316 θκτακοσισστοῦ
1197 4252 1350 4316 εἰκοστοῦ
1387 4255 1516 4316 ἐννάτου

223 4378 331 4456 ἔτους,
357 4379 386 4438 ἐν
409 4373 432 4460 ᾧ
455 4377 502 4442 καί
524 4381 554 4440 τδ
576 4380 710 4460 ἡμέτερον
734 4377 846 4452 ευσεβές
868 4375 915 4438 καί
936 4377 1140 4459 θεσπρόβλητον
1162 4375 1354 4452 ὑπεσημήνατο
1378 4375 1478 4458 κράτος
1492 4379 1512 4452 ί.

328 4641 346 4706 ¹)
365 4636 556 4707 ἐκλειωματικῆς
570 4638 604 4702 S„
618 4644 648 4688 ut
660 4639 688 4688 in
702 4637 849 4704 diplomate
861 4637 1048 4688 antecedente.
1119 4635 1141 4704 ²)
1155 4635 1186 4686 In
1198 4637 1320 4702 margine
1332 4637 1406 4688 σοτλι
1420 4634 1510 4687 Πάνικσ,

1550 4765 1552 4839 ί
