3208 5310
270 343 313 406 44

271 535 374 616 σενικά,
398 535 529 610 Ἰωάννης
550 536 565 594 ό
588 535 702 616 Κρασάς
723 535 770 595 σὰν
791 533 919 613 γυναικδς
942 531 1015 611 ἔχων
1038 532 1111 606 υίοὰς
1125 528 1163 612 γ’,
1187 531 1211 594 οἱ
1235 532 1283 593 δίο
1303 531 1347 592 σὰν
1362 533 1507 611 γυναικός,
1532 530 1574 590 ἐπ’

272 657 362 728 οίιτοῖς
382 653 478 716 παιδία
499 655 628 737 ἀρσενικὰ
643 655 678 737 β’,
702 655 810 734 θηλυκὰ
825 655 862 718 α’.
886 656 1007 734 Μιχαὴλ
1026 655 1114 736 ἱερευς
1130 657 1145 716 ὁ
1160 656 1273 735 Κρασάς
1290 654 1335 714 σὰν
1350 655 1484 734 γυναικός
1502 654 1575 731 ἔχων

270 777 342 850 υἱοὺς
453 778 499 838 σὺν
525 779 654 858 γυναικός
675 777 722 840 καὶ
745 780 881 859 θυγατέρα
903 777 982 854 μίαν·
1013 778 1218 850 Κωνσταντῖνος
1240 778 1260 838 δ,
1277 779 1363 837 Κάτω
1387 777 1508 857 Κρασοῑς
1530 776 1575 834 σὰν

270 902 407 978 γυναικός.
431 901 513 960 Λέων
539 901 554 959 δ
577 900 699 981 ἀδελφὰς
722 903 801 962 αὺτοῦ
828 901 873 960 σὰν
899 902 1027 980 γυναικδς
1054 901 1127 980 ἔχων
1148 899 1244 961 παιδία
1266 898 1396 980 ἀρσενικὰ
1412 894 1451 978 α’,
1485 899 1574 974 θυγα-

270 1023 351 1102 τέρας
367 1020 403 1096 β’.
427 1021 569 1094 Νικόλαος
592 1023 608 1082 ό
630 1022 686 1096 υίος
709 1023 789 1085 αθτοίι
811 1023 857 1084 σὰν
879 1025 1007 1103 γυναικός
1030 1023 1104 1101 ἔχων
1126 1020 1222 1082 παιδία
1244 1019 1374 1102 ἀρσενικὰ
1390 1018 1427 1081 α’.
1452 1019 1576 1098 Μιχαὴλ

270 1145 422 1223 ὰΚρασοίς
450 1143 495 1204 σὰν
521 1145 650 1224 γυναικός
677 1145 750 1224 ἔχων
776 1145 872 1207 παιδία
894 1143 1023 1227 ἀρσενικὰ
1037 1141 1075 1226 γ’,
1107 1143 1215 1220 θηλυκὰ
1230 1141 1267 1220 β’.
1297 1145 1374 1223 χήρα
1397 1140 1508 1202 ἐκείνου
1531 1143 1576 1202 τοῦ

271 1263 487 1346 Στραβάγγελου
511 1266 613 1345 ἔχουσα
634 1265 706 1340 υἱοὺς
721 1267 745 1328 ε’
768 1265 816 1328 καὶ
838 1268 975 1348 θυγατέρα
990 1262 1027 1347 α’,
1057 1264 1083 1327 οἱ
1105 1265 1156 1342 μὲν
1171 1261 1197 1345 γ’
1221 1265 1267 1325 σὰν
1288 1267 1429 1344 γυναικός,
1461 1263 1541 1342 ἔχων
1563 1263 1576 1322 ό

270 1392 379 1468 πρῶτος
401 1387 497 1448 παιδία
524 1388 652 1468 ἀρσενικὰ
666 1387 705 1472 γ’,
736 1385 774 1475 [ὁ]
799 1389 925 1469 δεύτερος
948 1388 1029 1448 Λέων
1051 1388 1066 1447 δ
1088 1381 1253 1474 κητ[ουρδς]
1278 1386 1323 1448 σὰν
1345 1387 1476 1466 γυναικός
1503 1387 1576 1464 ἔχων

269 1507 364 1570 παιδία
387 1507 494 1585 θηλυκὰ
511 1508 548 1591 β’,
572 1509 713 1590 ἀρσενικόν
737 1513 785 1571 ἕνα
807 1508 855 1570 καὶ
871 1509 994 1590 ἀδελρὴν
1010 1503 1084 1586 μίαν.
1117 1507 1213 1570 παιδία
1228 1507 1333 1569 ἐκείνου
1347 1511 1395 1570 τοῦ
1409 1507 1517 1584 Συμίου
1532 1509 1576 1567 σὰν

270 1631 398 1709 γυναικδς
421 1629 539 1709 ἐχοόσης
555 1629 651 1690 παιδία
666 1631 796 1713 ἀρσενικὰ
807 1630 846 1712 γ’,
863 1631 985 1709 θηλυκάν
1001 1633 1051 1692 ἕνα
1067 1627 1154 1716 (εἰσ).
1178 1631 1310 1708 Ἰωάννης
1325 1632 1340 1690 ό
1356 1629 1577 1706 Λακεδαίμονος

271 1752 317 1814 σὺν
339 1753 467 1833 γυναικός
491 1752 563 1830 έχων
585 1751 680 1813 παιδία
702 1752 832 1836 ἀρσενικὰ
847 1750 885 1834 γ’,
908 1751 1016 1828 θηλυκὰ
1038 1754 1097 1814 ἕνα.
1129 1753 1194 1812 Μοω
1211 1800 1218 1814 .
1236 1797 1268 1814 ..
1292 1753 1310 1828 ἡ
1334 1753 1476 1832 Βαρζηνοῦ
1503 1753 1577 1830 ἔχων

271 1875 407 1955 θυγατέρα
435 1873 509 1950 μίαν.
540 1873 710 1954 Ἀμάραντος
732 1875 747 1934 ό
770 1873 827 1947 υίσς
850 1876 933 1952 σίντης
954 1874 1001 1935 σὺν
1023 1874 1151 1953 γυναικδς
1174 1874 1248 1953 έχων
1270 1873 1372 1947 παῖδας
1394 1873 1525 1950 θηλυκάς
1540 1872 1575 1936 α’.

271 1997 365 2076 Χρυσῆ
379 1997 415 2075 (θ)
430 1997 448 2071 ή
465 1995 617 2072 Κομματοϋ
640 1995 685 2055 σὺν
707 1999 754 2056 τοὺ
768 1995 824 2058 υἱοῦ
841 1997 923 2072 σίντης
938 2001 985 2056 τοῦ
1000 1995 1136 2076 δευτέρου.
1152 1995 1271 2056 Εθδοκία
1285 1997 1304 2074 ἡ
1320 1997 1456 2072 Κουράνα
1471 1996 1577 2074 ἔχουσα

270 2115 366 2178 παιδία
387 2117 517 2200 ἀρσενικὰ
531 2115 573 2177 α’·
602 2114 687 2178 Ἄννα
715 2120 734 2196 ἡ
757 2119 890 2194 Κουμάνοι
913 2117 960 2178 σθν
982 2123 1031 2194 τῆς
1053 2118 1186 2198 θυγατρός
1209 2121 1300 2195 αὐτῆς.
1324 2113 1396 2180 οὗτοι
1418 2117 1444 2178 οἱ
1469 2118 1576 2178 ἀνωθεν

270 2237 469 2316 διεδηλωμένοι
498 2238 635 2320 όρείλουσι
663 2241 825 2322 προσμένειν
855 2237 902 2300 καὶ
932 2239 1105 2300 ἐκδουλεθειν
1132 2245 1166 2322 τῇ
1190 2237 1328 2323 ἁγιωτάτῃ
1357 2240 1495 2323 ἐπισκοπῇ
1524 2243 1577 2312 ἕως

271 2363 391 2442 ἐσχάτης
414 2364 500 2422 αὐτῶν
516 2362 654 2440 ἀναπνοῆς
670 2360 744 2424 ουἰτοί
758 2383 790 2422 τε
805 2361 852 2424 καὶ
867 2361 893 2422 οί
908 2362 1006 2435 παῖδες
1022 2359 1052 2434 ἐξ
1068 2361 1165 2442 όσφίου
1181 2359 1212 2436 ἐξ
1228 2365 1314 2424 αὑτων
1329 2363 1484 2438 τικτόμενοι
1500 2366 1577 2444 γόνοι

270 2505 300 2544 τε
327 2482 374 2544 καὶ
404 2483 514 2564 ἔγγονοι
536 2485 583 2550 καί
610 2484 708 2558 άπλῶς
730 2483 825 2567 εἰπεῖν,
849 2487 948 2566 μέχρις
970 2487 1004 2544 ἂν
1027 2481 1058 2557 ἐξ
1081 2483 1168 2544 αὐτῶν
1191 2485 1358 2546 συνίστανται
1379 2485 1452 2546 κατὰ
1474 2485 1576 2564 γενεὰν

272 2609 473 2686 κατερχόμενα
494 2608 605 2686 πάντες,
628 2606 722 2680 καθὼς
743 2604 790 2668 καὶ
812 2607 828 2666 ό
847 2607 1055 2684 ὑψηλότατος
1075 2605 1131 2667 καὶ
1146 2603 1349 2687 κυριώτατος
1371 2609 1495 2684 κόντης
1513 2609 1576 2667 Ῥι-

272 2728 411 2810 κιάρδος
434 2730 450 2788 ό
475 2733 532 2790 τοῦ
555 2729 727 2790 Παλατίου
749 2727 806 2788 καὶ
828 2729 987 2806 αὐθέντης
1010 2729 1237 2809 Κεφαληνίας,
1260 2729 1430 2789 Ζακύνθου
1453 2728 1513 2789 καὶ
1539 2730 1575 2787 ’1-

272 2853 376 2927 θάκης
402 2852 523 2932 στέργων
549 2849 596 2911 καὶ
623 2851 768 2928 ἐπιεβαιῶν
796 2852 884 2912 πάντα
911 2850 946 2910 τὰ
969 2851 998 2912 έν
1025 2847 1064 2930 τῷ
1091 2853 1203 2932 παρόντι
1224 2849 1364 2932 πρακτικῷ
1387 2854 1574 2931 γεγραμμένα

272 2973 465 3050 βεβοθλλωται
486 2977 570 3034 ταῦτα
591 2973 662 3050 μετὰ
683 2977 729 3034 τοῦ
752 2971 889 3052 σιγιλλίου
913 2973 993 3034 αὐτοΰ
1008 2973 1140 3034 κάτωθεν.
1166 2973 1282 3048 Ἐκτέθη
1299 2972 1340 3034 διὰ
1355 2969 1402 3032 καὶ
1419 2971 1574 3054 ἑπληρίσθη

271 3095 302 3156 τὰ
324 3097 400 3156 κάτω
421 3097 569 3177 πρακτικόν
592 3092 623 3169 ἐξ
647 3094 801 3178 ἀρεσκείας,
824 3095 977 3175 θελησεως,
1001 3094 1191 3171 ουμβιβάσεως
1212 3093 1261 3154 καὶ
1276 3093 1316 3168 εἰς
1332 3091 1376 3156 ἀεὶ
1390 3094 1574 3172 διαμενούσης

273 3219 302 3279 ἐν
326 3219 416 3290 αὺτοῖς
439 3218 548 3299 ἀγάπης
571 3223 617 3280 τοῦ
638 3221 833 3301 κραταιοτάτου
855 3219 935 3278 κόντε
958 3216 1004 3279 καὶ
1019 3221 1065 3279 τοῦ
1081 3218 1233 3298 ἀγιωτάτου
1248 3217 1401 3298 ἀρχιερέως
1415 3215 1574 3298 Ἐνρίκσυ

274 3340 306 3398 ἐν
331 3337 584 3418 ἐξακισχιλιάσι
605 3342 744 3419 χρόνοις
767 3342 1010 3421 μετρουμένοις
1032 3341 1170 3412 ἑπτάκις
1192 3340 1311 3401 έκατδν
1335 3337 1575 3416 ἑβδομήκοντα

272 3462 417 3541 δευτέρῳ
439 3463 548 3542 χρόνῳ
571 3459 818 3534 ἰνδικτιῶνοςζ
842 3461 890 3536 είς
912 3465 971 3540 τὴν
995 3462 1156 3544 δευτέραν
1178 3459 1234 3522 καὶ
1257 3462 1401 3537 δεκάτην
1417 3462 1572 3523 Ἰουλίου.

272 3584 334 3642 κατ’
347 3583 434 3642 αὐτῶν
457 3581 488 3642 δὲ
509 3586 617 3644 πάντων
641 3585 716 3662 ἔχειν
738 3585 787 3661 τὴν
810 3587 963 3664 ὰγιωτάτην
987 3585 1134 3661 ἐπισκοπὴν
1157 3585 1205 3661 τὴν
1228 3583 1325 3665 οἰκίαν,
1350 3579 1467 3670 [καθὼς]
1492 3584 1573 3662 ἔσχεν

272 3705 306 3765 ἐκ
326 3705 414 3766 πάλαι
437 3706 466 3764 έν
489 3705 527 3786 τῷ
549 3709 659 3788 κάοτρῳ
680 3712 726 3769 τοῦ
749 3703 827 3788 ἁγίου
843 3709 863 3768 Γ
865 3707 990 3788 εωργίου,
1013 3709 1062 3784 τήν
1085 3707 1286 3783 πλησιάζουσαν
1303 3705 1343 3778 εἰς
1357 3707 1402 3766 τὰν
1418 3707 1494 3766 θεῖον
1510 3709 1572 3766 ναόν

270 3832 319 3902 τῆς
341 3827 491 3910 ὑπεραγίας
513 3829 641 3890 θεοτόκου
663 3827 710 3890 καὶ
733 3828 773 3901 εἰς
795 3829 844 3906 τὴν
866 3830 1032 3908 ἀνατολικὴν
1054 3833 1167 3910 πόρτεν.

642 4249 752 4326 Ἀρχὴ
775 4253 837 4308 τοῦ
860 4247 967 4326 ἁγίου
990 4247 1199 4328 Θεοδώρου.

375 4405 539 4478 Ἀμπέλια
566 4404 599 4463 ἐν
622 4409 660 4486 τῇ
682 4410 825 4485 περιοχῇ
846 4409 905 4480 τῆς
928 4404 1109 4476 ΙΙεονάδος.
1134 4403 1269 4480 ἀμπέλιον
1292 4405 1322 4463 τὰ
1345 4405 1500 4482 λεγόμενον
1525 4407 1567 4462 τοῦ

274 4527 404 4600 Ποταμοίι
432 4527 535 4602 μοδίων
551 4523 575 4584 α’
588 4523 639 4602 ς”.
662 4526 710 4586 καὶ
733 4524 772 4597 εἰς
794 4527 840 4586 τδν
863 4526 940 4586 αθτὰν
963 4529 1044 4586 τόπον
1066 4529 1205 4606 χωράριον
1227 4523 1322 4602 μοδίου
1337 4523 1374 4586 α’.
1398 4525 1502 4602 ἀμπέλι
1525 4527 1567 4584 τοῦ

271 4649 416 4730 Βαρβάτου
442 4650 472 4708 τὰ
494 4649 609 4726 πλησίον
634 4645 772 4726 ἀμπελίου
796 4652 842 4709 τοῦ
865 4649 1023 4729 Εθρυπιὼτη
1048 4649 1143 4724 μοδίου
1160 4647 1195 4709 α’.
1227 4653 1274 4708 τοῦ
1297 4649 1375 4729 άγίτυ
1397 4648 1512 4730 Χελίου,
1541 4651 1568 4708 τὰ
