3166 5298
1250 367 1311 432 123

28 555 214 634 ἀποδεξαμένη
237 560 256 633 ἡ
280 559 409 635 βασιλεία
431 579 482 635 μου
503 558 550 620 καί
572 561 621 635 τὴν
642 560 735 621 τούτου
750 559 852 635 αἴτησιν
868 560 1043 640 ἐκπληρῶσαι
1059 559 1236 640 βουληθεῖσα,
1253 561 1313 639 ἔχει

28 681 128 756 θέλημα
149 679 201 741 καὶ
226 681 369 762 διορίζεται
392 679 438 742 διὰ
458 685 505 740 τοῦ
526 682 659 762 παρόντος
680 685 889 762 προστάγματος
910 683 1038 760 κατέχειν
1060 682 1113 741 ἀπό
1127 688 1178 758 τῆς
1193 683 1313 762 σήμερον

27 801 66 862 καὶ
90 803 134 862 διὰ
159 805 193 863 τό
223 801 290 881 ἑξῆς
318 799 511 882 ἀνενοχλήτως
536 805 624 880 πάντη
646 801 693 864 καὶ
715 799 900 884 ἀθιαοείστως,
931 805 970 866 ἔτι
991 801 1038 864 καὶ
1060 803 1244 883 ἀναραιρέτως
1266 802 1313 864 καὶ

28 925 236 996 άνοποοπάστως
265 923 312 986 καί
343 924 415 986 κατὰ
445 927 531 1005 λόγον
560 927 734 1004 γονικότητος
762 926 811 1000 τὴν
842 925 966 1006 ρηθεῑοαν
988 923 1138 1002 σεβασμίου
1161 926 1246 1000 μονὴν
1267 929 1314 986 τοῦ

27 1047 102 1120 τιμίου
125 1046 291 1127 Προδρόμου
317 1047 366 1122 τὴν
392 1048 516 1124 τοιαόιην
542 1053 604 1128 γῆν,
637 1049 674 1119 ὡς
704 1045 750 1108 καὶ
779 1047 814 1107 τὰ
842 1046 927 1108 λοιπὰ
954 1048 1036 1122 σίντης
1058 1049 1184 1124 κτηματα
1205 1045 1239 1106 τὰ
1261 1047 1313 1128 πρό
1357 1085 1359 1089 -

28 1169 130 1228 πολλῶν
151 1167 211 1244 ἤδη
234 1169 340 1248 χρόνων
363 1171 496 1249 προσόντα
518 1171 584 1251 αθτῇ
606 1167 653 1228 καὶ
675 1169 723 1244 την
747 1165 778 1241 ἐξ
800 1171 887 1229 αὑτῶν
907 1173 996 1228 πᾶσαν
1017 1168 1118 1243 ὁμοίως
1133 1169 1312 1249 ἀποφέρεσθαι

28 1291 66 1350 καὶ
88 1290 279 1370 ἀποκερθίζειν
300 1291 444 1372 πρόσοδον,
466 1291 559 1363 καθὼς
580 1293 660 1366 ἠτοῦ
673 1293 837 1372 γράμματος
856 1295 902 1352 τοῦ
919 1289 1043 1370 μεγάλου
1059 1287 1219 1366 θομεστίκου
1233 1289 1313 1370 περί-

29 1411 101 1490 ληρις
122 1413 209 1490 δηλοῖ
231 1411 279 1473 καὶ
301 1411 496 1493 διαλαμβάνει,
525 1411 573 1474 καί
593 1415 679 1474 ποιεῖν
703 1413 854 1485 ἀκωλύτως
875 1415 964 1474 πάντα
983 1411 1018 1472 τά
1039 1412 1111 1473 κατὰ
1131 1413 1244 1492 γνώμην
1266 1407 1314 1472 καί

30 1537 60 1609 μὴ
81 1535 166 1616 εὑρεῖν
189 1555 258 1596 ποτε
280 1542 314 1618 τῇ
337 1535 468 1618 ἐμρονείᾳ
488 1539 535 1596 τοῦ
556 1537 689 1616 παρόντος
710 1537 919 1615 προστάγματος
940 1539 991 1610 τῆς
1006 1533 1148 1608 βασιλείας
1173 1553 1223 1608 μου
1239 1531 1313 1594 διον-

30 1657 131 1733 ζγλησιν
157 1656 209 1718 καί
238 1657 354 1718 ἐπίθεσιν
380 1660 399 1732 ἢ
426 1657 580 1734 διασεισμθν
608 1655 653 1718 ἐπὶ
678 1664 711 1740 τῇ
739 1662 810 1740 νομῇ
832 1655 879 1718 καὶ
906 1665 1013 1740 κατοχῇ
1035 1659 1081 1718 τὀν
1102 1659 1218 1736 τυχόντα
1239 1656 1314 1738 παρὰ

30 1785 66 1837 τοῦ
91 1775 185 1865 [κατὰ]
207 1781 319 1861 καιροθς
348 1782 378 1840 τό
401 1780 482 1861 ῥηθὲν
506 1777 627 1866 [χωρίον]
649 1781 697 1857 την
721 1780 898 1859 Ζελιάχοβαν
919 1783 1068 1859 κατασχεῖν
1092 1779 1255 1855 μέλλοντος.
1288 1777 1313 1840 εί

32 1901 62 1975 μὴ
82 1902 208 1976 βούλοιτο
231 1903 364 1982 κριθῆναι,
389 1903 472 1985 ἀθετῇ
494 1903 543 1974 τὰς
566 1949 622 1966 ...

434 2069 439 2084 ·
547 2048 664 2120 Reliqua
680 2049 784 2104 desunt.

121 2203 271 2258 Ιοαππόιίεο
294 2203 345 2257 Nr.
365 2205 414 2257 10.

500 2507 610 2574 XXV.
639 2507 716 2574 Sine
740 2530 834 2574 anno.

37 2687 215 2759 Fraymmtum
233 2708 335 2746 αυπεσε
355 2691 444 2746 bullae
464 2687 546 2763 [παρόν
563 2689 695 2762 Stephani
708 2686 828 2764 Παίων),
853 2709 908 2763 qua
927 2691 1120 2763 cmtfirmantur
1135 2693 1315 2762 ρυοοεοοίυπαι

586 2797 750 2850 πιονιαοίετόό.
855 2809 857 2814 ·

123 3041 181 3058 ...
205 2996 300 3067 καθὼς
322 3000 435 3076 κατεῖχε
457 3002 542 3058 ταῦτα
563 2999 594 3057 τό
618 2997 767 3077 θιαληρθὲν
791 2999 931 3078 μονόδριον
953 3000 1025 3060 κατὰ
1044 3000 1093 3075 τὴν
1108 2993 1252 3080 περίληψιν
1267 2997 1314 3060 καί

39 3111 131 3190 όίνοιμιν
160 3121 209 3178 τοῦ
236 3115 281 3176 ἐπὶ
303 3120 362 3188 ταῖς
384 3119 518 3192 τοιαύταις
540 3123 734 3200 προσαγωγαῑς
755 3118 802 3180 καί
825 3119 985 3201 ἀγορασίαις
1008 3121 1253 3201 ἑπιχσρηγηθέντος
1275 3121 1314 3201 τῷ

40 3237 101 3314 μέρει
119 3245 167 3314 τῆς
188 3239 316 3315 τοιαόιης
339 3247 424 3317 μονῆς
446 3241 519 3302 θείου
540 3241 587 3302 καί
602 3246 699 3304 οεπιοθ
714 3241 935 3322 χρυσοβοθλλσυ·
960 3243 1042 3323 ἑτέρα
1056 3247 1094 3321 γη
1110 3239 1150 3314 εἰς
1164 3243 1209 3300 τόν
1225 3241 1313 3316 Λιβα-

40 3355 111 3425 ,θιστόν
136 3361 189 3422 ἀπό
215 3359 403 3441 προσενέξεως
428 3367 475 3424 τοῦ
497 3363 691 3444 Ἀραβαντινοῦ
719 3365 822 3424 ἐκείνου
850 3363 953 3438 μοθίων
968 3362 1003 3444 α’,
1034 3365 1063 3423 έν
1090 3359 1109 3444 ᾖ
1137 3367 1314 3442 συνεστήσατο

40 3479 62 3534 τί
80 3483 156 3561 μέρος
178 3489 228 3558 τῆς
250 3484 374 3560 τοιαύτης
397 3491 483 3560 μονῆς
505 3486 630 3561 όοπητιον
652 3485 699 3546 καὶ
722 3487 862 3562 ἀμπέλια·
886 3487 1014 3566 χωράρια
1036 3481 1152 3562 πλησίον
1167 3488 1246 3546 αυτοῦ
1261 3487 1314 3548 ἀπό

42 3600 207 3677 προσενέξεως
230 3599 298 3690 [τοῦ]
315 3605 491 3682 Μελισσηνοθ
514 3607 615 3683 μοόίων
632 3606 679 3684 ιβ’·
703 3604 840 3683 ἀμπέλιον
863 3603 916 3668 ἀπό
935 3604 1123 3688 προσενέξεως
1137 3613 1184 3668 τοῦ
1199 3609 1315 3690 Βοτριόᾶ

42 3721 136 3796 πλησίον
157 3731 205 3788 τοῦ
226 3728 345 3788 τοιούτου
366 3730 504 3810 χωραρίου
528 3730 629 3804 μοδίων
647 3728 677 3790 ι’·
703 3730 777 3800 ἐντός
799 3734 845 3792 τοῦ
867 3731 983 3809 κάστρου
998 3731 1108 3811 Σερρῶν
1129 3731 1246 3808 πλησίον
1265 3737 1315 3808 τῆς

45 3840 166 3924 θπιλυιῆς
186 3851 289 3930 πέρσας
311 3845 386 3910 οίκον
410 3851 622 3932 ἐργαστηριακόν
645 3853 697 3912 ἀπό
718 3849 905 3933 προσενέξεως
927 3855 974 3914 τοῦ
996 3851 1146 3912 σακελλίου
1160 3857 1210 3928 τῆς
1226 3854 1313 3931 ἁγιω-

44 3966 108 4041 :mg
127 3971 324 4052 μητροπόλεως
339 3973 458 4054 Σερρῶν,
480 3977 526 4034 τοῦ
540 3974 657 4052 Ζερβοῦ·
682 3976 774 4054 ἓτερον
797 3968 871 4036 οίκον
892 3973 1104 4056 έργαστηριακον
1119 3974 1235 4049 πλησίον
1249 3975 1314 4034 τοθ-

46 4103 79 4142 του
98 4087 124 4161 ἐξ
144 4091 294 4173 ἀγορασίας
315 4093 368 4153 ἀπὸ
390 4099 439 4170 τῆς
455 4094 677 4174 Μαβσελέγγας·
703 4098 793 4176 ἕτερον
818 4095 848 4168 ἐξ
871 4096 1019 4176 ἀγορασίας
1038 4101 1085 4156 τοῦ
1098 4094 1198 4176 Θρίοη·
1223 4099 1314 4177 ἕτερον

49 4203 231 4293 ξᾶγορασίας
257 4215 379 4276 ἀπὸτοῦ
401 4217 580 4297 Λουπηνάρη·
620 4218 711 4298 ἕτερον
740 4215 770 4290 ἐξ
798 4212 947 4298 ἀγορασίαις
977 4217 1029 4277 οἰπό
1052 4221 1098 4278 τοῦ
1120 4217 1246 4297 γαμβροῦ
1267 4221 1314 4280 τοῦ

48 4325 146 4411 stim·
180 4339 272 4417 ἕτερον
296 4333 349 4398 ἀπὸ
371 4335 558 4419 προσενέξεως
580 4343 626 4400 τοῦ
649 4339 783 4420 Ἱερακνίζ
808 4359 814 4371 ·
850 4341 942 4421 ἕτερον
965 4337 1142 4420 ξενοδοχικόν
1165 4333 1238 4400 οἷκον
1261 4340 1315 4402 ἀπὸ

50 4453 206 4532 προσενέξεως
227 4463 275 4520 τοῦ
291 4458 459 4540 Ἀραβάντα·
494 4464 659 4535 κηποτόπιον
682 4459 721 4533 είς
743 4461 788 4521 τὀν
810 4461 912 4540 πόργον
935 4466 981 4522 τοῦ
1003 4462 1081 4542 ἁγίου
1096 4462 1239 4522 Νικολάου
1261 4462 1316 4522 ἀπὸ

51 4577 206 4653 προσενὲξεως
236 4584 284 4640 τοῦ
305 4580 459 4660 Καρδάμη·
497 4584 588 4643 τόπιον
612 4583 688 4656 ἐντὀς
716 4587 763 4642 τοῦ
794 4583 874 4642 αότοθ
903 4585 1029 4664 κάστρου,
1064 4581 1104 4656 εἰς
1134 4585 1149 4642 ό
1179 4583 1314 4662 εὑρίσκετο

52 4693 152 4778 ίίίῑέρνν
168 4704 369 4783 τζυμηλαρεῑον
391 4709 440 4779 τῆς
463 4705 545 4779 αὐτῆς
567 4711 663 4784 μονῆς,
688 4699 747 4764 εἶτα
769 4704 978 4785 κατεχαλάσθη,
1002 4705 1031 4764 ἐν
1047 4699 1070 4785 ᾧ
1085 4705 1251 4784 εὑρίσκονται
1266 4703 1313 4764 καὶ
