3208 5310
179 556 226 620 IV
230 605 235 618 .
260 555 486 638 6969—1461,
512 555 552 619 13
575 556 695 620 mensis
719 554 838 641 apl-ilis,
862 554 928 618 ind.
945 555 1005 618 IX.
1028 554 1198 640 Zacynthi.

68 740 205 792 άιυυσίσσυσ
227 739 386 808 άλἈνίιιιιο,
418 739 578 808 capitanata
599 739 705 792 insulae
729 737 872 808 Zacfflvllu',
905 738 1045 808 confimat
1067 739 1223 792 donationes
1240 737 1337 806 saclas
1413 739 1419 751 “

66 844 168 897 neemiae
190 843 286 897 Sancti
309 841 463 902 salvatoris
486 842 624 912 Ζαιμιιίίιι·
652 861 669 896 ιι
693 841 829 912 άοίιαιιιιιι,
861 843 971 914 σααάαρι
1001 843 1104 896 domini
1128 841 1213 895 Νασίί
1234 838 1334 895 Νίσαιά.

147 1044 237 1104 Κατὰ
259 1045 314 1103 τόν
336 1051 423 1120 μῆνα
445 1044 625 1124 άπριλλίον
648 1050 685 1126 τῇ
709 1045 797 1123 τρεῖς
819 1042 875 1103 καί
898 1043 979 1103 δέκα
1003 1045 1113 1122 αὺτοῦ,
1136 1049 1193 1118 τῆς
1217 1041 1275 1103 ίνὸ.
1300 1039 1336 1121 θ’,

64 1167 255 1242 ισῦιζόμενοςὸ
284 1167 476 1245 εῦγενέοτοιτος
504 1165 679 1246 κοβαλάριος
709 1164 786 1245 μισίιρ
809 1165 990 1245 Φραγγίοχος
1013 1165 1149 1245 Δαριάνιυ,
1179 1165 1338 1236 καπιτάνισς

64 1291 127 1362 νόμον
147 1285 191 1347 καὶ
211 1287 314 1366 χωρίου
336 1287 485 1366 Ζακύνθου,
513 1287 659 1362 μετὰτῶν
682 1287 791 1348 τιοὸτιυν
816 1287 934 1366 εὐγενῶν
957 1287 1107 1366 ἀρχόντων,
1134 1289 1183 1366 κῦρ
1207 1285 1337 1356 Ἰωάννην

64 1409 86 1468 ὁὲ
104 1411 189 1488 Τράνι,
217 1411 404 1490 περκουράτορ
426 1414 475 1484 τῆς
496 1409 621 1489 κοὸρτης,
649 1412 698 1489 κῦρ
721 1407 863 1468 Νικόλαον
885 1407 1025 1488 Δαγκὸνα,
1048 1412 1097 1486 κῦρ
1122 1408 1283 1484 Ῥουμπάνιυ
1306 1405 1337 1465 δὲ

64 1531 233 1610 Σανι-Ἁλῶε,
257 1531 398 1610 ἐμφανίζει
420 1525 459 1615 [ὁ]
480 1535 530 1612 κῦρ
546 1530 683 1606 Μανόλης
700 1530 815 1608 Μόσχος
830 1531 883 1590 ἀπό
906 1531 991 1610 μέρος
1012 1535 1062 1606 τῆς
1085 1529 1248 1610 άρχοντίοης
1270 1529 1339 1609 κυρὸι

64 1651 174 1727 Ἰωάννης
195 1659 245 1728 τῆς
268 1653 383 1729 συμβίου
404 1657 451 1712 τοῦ
472 1653 538 1712 ποτὲ
555 1653 687 1732 ἄρχοντος
703 1656 752 1732 κῦρ
767 1651 887 1723 Νοίτζσυ
903 1653 1048 1732 Συγσόρου,
1073 1649 1154 1712 αἰτῶν
1177 1652 1223 1712 καί
1245 1672 1338 1731 παρα-

64 1773 183 1848 κλητείινν
212 1774 303 1846 αῦτοῖς
332 1774 425 1852 λέγων
454 1774 552 1846 οὕτως·
583 1776 613 1834 τὸ
635 1779 695 1846 πῶς
717 1775 734 1848 ἡ
759 1775 863 1854 ριθεῑσα
885 1774 1030 1854 άρχὸντισα
1054 1773 1138 1834 ἐὸίὸει
1161 1773 1206 1834 ὁιὸι
1228 1775 1339 1853 ταρικὸν

63 1895 130 1973 ἤγουν
157 1895 200 1956 ὁιὸι
230 1899 277 1956 τὸν
306 1899 389 1975 τάρον
416 1899 463 1954 τοῦ
485 1895 542 1956 υἱοῦ
565 1897 648 1971 αὐτῆς
669 1899 719 1974 κῦρ
741 1896 880 1970 Τζουάννη
904 1896 1040 1976 Συγσίιρου
1063 1893 1103 1967 εἰς
1124 1896 1169 1954 τόν
1193 1897 1270 1974 ἅγιον
1293 1894 1340 1956 καί

63 2019 190 2082 τάνσεττον
207 2019 272 2077 ναόν
287 2022 333 2077 τοῦ
348 2019 488 2098 Σωτῆρος,
511 2021 557 2078 τοῦ
572 2016 663 2098 κυρίου
677 2018 757 2092 ἡμῶν
775 2017 865 2094 Ἰησοῦ
881 2018 996 2096 Χριστοῦ
1014 2023 1063 2092 τῆς
1088 2016 1236 2093 ἐπισκοπῆς
1259 2018 1339 2092 νόσου

63 2137 98 2196 καί
116 2139 213 2220 χωρίου
228 2140 366 2200 Ζακὸνθου
386 2139 420 2198 τόι
441 2141 569 2220 χωράρια
591 2139 624 2198 τὰ
646 2139 788 2218 λεγόμενα
810 2143 863 2198 τῶν
880 2139 994 2220 Δατίων,
1018 2139 1104 2199 καθοῦ
1126 2138 1339 2219 εῦεργετὲθησαν

65 2260 116 2319 ini
134 2261 205 2342 ταρόι
227 2265 274 2322 τοῦ
296 2260 418 2336 ἀοιδίμου
442 2261 569 2333 αῦθεντός
593 2281 653 2340 μου,
677 2261 805 2331 αῦθεντὸς
827 2261 968 2340 Καρόλου,
991 2263 1082 2342 ἥμερα
1105 2255 1151 2321 καί
1175 2262 1266 2341 ἄγρια,
1290 2260 1341 2320 ὁσα

65 2379 114 2441 εἰσίν
141 2383 209 2443 κατὰ
238 2384 288 2457 τὴν
311 2381 425 2458 ὁήλοσιν
447 2387 493 2442 τοῦ
516 2383 636 2462 ὁρισμοῦ,
667 2383 733 2442 ὁιιοῦ
756 2383 816 2461 ἔχει
839 2381 879 2454 είς
903 2382 971 2442 αῦτόι
993 2379 1038 2442 καί
1062 2384 1127 2442 αῦτὸ
1148 2381 1195 2443 καί
1219 2378 1272 2442 σίττὸ
1295 2385 1341 2442 τοῦ

63 2503 150 2564 νῦνκαί
173 2503 212 2577 είς
234 2504 296 2575 τοὺς
321 2501 423 2580 αἰῶνας
444 2504 479 2563 τὰ
502 2503 570 2563 αὐτὰ
592 2501 718 2585 χωράρια
740 2505 795 2564 ὁλα
819 2505 890 2580 μετὰ
911 2507 1008 2577 στάσοις
1031 2509 1119 2580 νομῆς
1140 2501 1187 2564 καί
1210 2505 1344 2584 συμρόρου

65 2624 134 2684 σῦτῦν
162 2624 201 2698 εἰς
224 2626 291 2706 ἁγία
314 2625 457 2706 ἐπισκοσιῆ,
488 2627 527 2698 ὡς
550 2625 663 2708 εἴρηται,
695 2628 733 2702 μὴ
755 2625 830 2706 παρά
851 2647 923 2698 τινος
945 2628 990 2686 τὸν
1014 2628 1130 2687 άπάντον
1155 2625 1344 2704 ἐνοχλούμενοι

19 2737 20 2790 ἐ
46 2745 284 2824 ·ἠὲμτοὸιζόμενσι
306 2750 376 2823 μήτε
392 2747 445 2806 άτιὸ
462 2747 539 2828 ἐμοῦ,
564 2751 632 2824 μήτε
647 2747 722 2827 παρὰ
741 2749 787 2808 τὸν
807 2750 949 2831 ἡμετέρων
971 2747 1152 2826 κληρονόμων
1174 2750 1192 2822 ἢ
1216 2747 1343 2827 συγκλη-

19 2893 20 2904 ν
65 2867 169 2943 ρονὸμσνν
196 2869 265 2929 ποτὲ
287 2873 381 2949 καιροῦ
405 2869 458 2928 άτιὸ
480 2873 526 2929 τοῦ
548 2873 593 2928 νῦν
615 2868 662 2930 καί
685 2871 846 2951 ἔμπροσθεν,
873 2869 920 2930 καί
943 2872 957 2929 ὁ
979 2870 1064 2931 τοῦτο
1087 2869 1202 2946 βουλιθῆ
1224 2874 1343 2948 ποιῆσαι,

65 2987 90 3044 νί
103 2989 167 3066 μηδὲ
183 2991 250 3062 ὁλος
267 2987 442 3070 είσοικουέτω,
467 2991 524 3050 άλὸι
543 2993 648 3068 γενέταν
670 3012 775 3072 κατερχ
792 3037 798 3050 .
817 3037 823 3050 ,
843 3039 848 3050 .
865 2991 899 3050 νὸι
922 2992 960 3051 ἔνι
983 2991 1130 3072 ἀρορισμὸν
1152 2988 1199 3050 καί
1220 3010 1344 3069 κατηρα-

67 3109 132 3181 pem
154 3111 205 3171 ὁτὲ
229 3118 279 3187 τῆς
302 3113 449 3190 άγιοτάτης
472 3113 631 3192 ἐπισκοπῆς,
655 3112 702 3173 καί
723 3113 807 3174 πάλιν
829 3115 933 3192 γενέτω
958 3114 1159 3193 ἑμρσινιζομένη
1181 3113 1199 3186 ἡ
1222 3115 1344 3191 παροῦσα

67 3231 140 3310 γραφὴ
161 3233 260 3315 στερεὰ
274 3231 322 3294 καί
337 3234 549 3316 ἀταραοάλευτη
573 3233 613 3307 εἰς
634 3237 679 3294 τόν
703 3234 790 3295 αἰῶνα
811 3235 857 3295 καί
880 3235 966 3307 οὕτως
988 3235 1091 3314 άρσινὸς
1113 3232 1159 3294 καὶ
1181 3236 1212 3292 ὁν
1235 3233 1345 3313 ὁρισμός

67 3357 101 3409 τοῦ
127 3353 246 3431 ἀοιδίμου
276 3355 405 3428 αῦθεντὸς
435 3377 497 3439 μου,
531 3357 656 3430 αῦθοντὸς
677 3361 723 3416 τοῦ
745 3356 891 3438 Καροῦλου
913 3377 1007 3437 παροικ
1024 3405 1030 3418 .
1049 3405 1055 3417 .
1073 3404 1080 3418 .
1096 3353 1144 3416 καὶ
1164 3353 1345 3436 παρατεθῆὴ

66 3473 132 3534 ιιὸσιο
146 3480 189 3536 τοῦ
205 3477 286 3538 αὸτοῦ
300 3477 422 3558 ὁρισμοῦ,
445 3478 480 3536 νόι
499 3479 568 3561 γένῃ
590 3477 636 3539 καὶ
658 3481 676 3553 ί,
700 3483 823 3560 παροῦσα
844 3479 935 3560 γραρὴ
960 3477 999 3551 εἰς
1020 3479 1166 3559 τιεράσοσιν
1188 3474 1234 3536 καί
1257 3476 1345 3554 ἀορά-

67 3591 131 3654 'hem
150 3603 197 3674 τῆς
220 3599 367 3677 ἁγιοτάτης
392 3599 551 3681 ἐπισκοπῆς,
583 3597 630 3660 καὶ
651 3600 686 3659 νά
715 3599 836 3682 βουλοὸῇ
858 3597 906 3660 καί
927 3601 945 3675 ἡ
968 3603 1090 3680 παροῦσα
1120 3599 1211 3678 γραφὴ
1241 3601 1346 3676 πρῶτον

69 3714 109 3776 &ab
133 3719 179 3794 τὴν
208 3721 380 3801 άρχὸνιησσιν
409 3721 458 3796 τὴν
489 3722 671 3802 άνσιρηὸεϊσαν
704 3721 768 3780 ἐπὲν
798 3723 844 3781 τόν
874 3722 978 3782 ἄνωθέν
1006 3722 1133 3802 άρχωντσι
1156 3717 1203 3780 καί
1226 3717 1346 3790 ὁντῶςὸ

69 3837 153 3899 ῦιυὸεν
173 3843 189 3900 ὁ
210 3843 376 3915 κατετόνιος
406 3844 441 3918 μὲ
471 3843 520 3919 τὴν
551 3841 653 3918 βουλὴν
681 3848 728 3904 τοῦ
752 3889 759 3904 .
785 3892 791 3904 .
817 3889 823 3902 .
847 3851 897 3921 τῆς
923 3843 1068 3925 παράκλος
1091 3842 1270 3924 άρχῶντισας,
1301 3839 1347 3900 καί

70 3958 135 4031 τίτας
160 3963 401 4046 ἐκαρακλήτευσεν
423 3965 453 4024 τό
486 3965 570 4044 μέρος
594 3964 661 4039 ἐμοῦ
683 3969 729 4026 τοῦ
751 3965 893 4026 Νικολάου
915 3966 947 4024 Δ’
960 3966 1092 4044 Ἀγκόνοι,
1124 3963 1156 4023 νὸι
1179 3965 1275 4043 γράρῶ
1296 3963 1346 4037 τὴν

70 4087 183 4160 wiva-a
205 4088 321 4167 γραφήν,
344 4084 392 4146 καί
415 4086 525 4166 ἔργαψα
548 4085 631 4162 αὐτὴν
654 4085 701 4146 καὶ
722 4089 753 4147 τὸ
776 4087 840 4147 αῦιὸ
863 4089 979 4168 γράμμα
1001 4091 1048 4148 τοῦ
1070 4087 1190 4169 ὁρισμοῦ.

153 4207 376 4288 ῘΚάρουλος,
408 4208 468 4267 ῦιτὸ
497 4213 556 4283 τῆς
589 4209 665 4268 θεοῦ
696 4212 835 4286 χάριτος
866 4209 1025 4286 αῦθέντης
1055 4208 1188 4279 πόλεως
1215 4203 1348 4288 Ἀρτης,

75 4319 171 4400 ὁοῦιιας
192 4329 385 4408 Λευχάὸος,
409 4331 528 4401 κὸντος
550 4329 789 4410 Κεραλυινίας,
815 4330 1006 4402 Παλατίνος
1028 4327 1167 4390 καὶτῶν
1191 4325 1278 4404 ἑξῆς.

156 4449 302 4532 Γράρωμεν
326 4449 374 4511 καί
396 4453 530 4534 ὁρίζιιμεν
554 4451 616 4512 ἑσὲν
638 4453 684 4511 τὸν
707 4453 893 4530 εῦγενέστατισ
915 4453 1153 4533 ῦπερηγσιτιρμένω
1175 4455 1225 4526 τῆς
1251 4449 1348 4510 αῦὸεν-

75 4565 130 4640 τείας
149 4591 196 4644 μου
219 4573 395 4652 βιτζηρὲντσν
417 4570 465 4633 καὶ
490 4573 612 4654 βικάριον
634 4576 680 4633 τοῦ
702 4574 837 4655 ἡμετέρου
859 4576 941 4649 νήσου
964 4573 1112 4652 Ζακύνθου,
1144 4572 1231 4643 λίζιον
1255 4572 1348 4650 αῦιῆς,

73 4689 142 4768 ’ὲίρων
169 4693 310 4756 Νικόλαον
341 4695 476 4775 Φράγγον
507 4695 553 4754 σῦν
582 4698 628 4754 τοῦ
657 4697 875 4777 προκουράτορος
905 4693 951 4754 καί
987 4697 1104 4774 μάοτρου
1138 4693 1271 4774 μασαρίου
1300 4699 1349 4769 τῆς
