3486 5282
1276 287 1338 354 199

54 481 316 560 παραδειγματισμδν
345 481 370 542 σί
397 482 549 542 κακοποιοί.
595 482 641 544 καί
671 483 766 558 ἐπειδὴ
790 482 835 544 διὰ
855 488 985 559 ταπεινῆς
1007 482 1112 554 ἱκεσίας
1133 488 1187 542 τῶν
1210 481 1338 561 μοναχῶν

56 611 98 678 της
119 608 205 678 μονῆς
226 609 276 678 τῆς
299 603 426 664 θεοτόκσυ
449 607 495 664 τού
517 604 654 684 Μεγάλου
677 603 818 680 Σπηλαίου
840 609 890 680 πής
914 603 941 664 ἐν
964 609 998 686 τῇ
1022 603 1140 688 ἐπαρχίᾳ
1161 611 1215 666 τῶν
1235 605 1337 666 Καλα-

56 727 150 806 βρύτων
171 727 242 786 κατὰ
264 727 313 802 τήν
335 727 468 806 περιοχὴν
491 733 539 802 τῆς
560 722 673 804 Ἀχαίας
695 725 811 786 καὶτοῦ
833 725 1013 806 ίερομονάχου
1036 725 1175 808 Σεραφείμ
1197 729 1337 809 Φραντζή,

54 850 246 930 ἀντιπροσώπου
267 854 318 924 τῆς
339 849 423 924 αἰντῆς
449 847 531 926 α’γίας
558 853 654 929 μονής,
682 848 814 928 ἀνεφέρθη
842 845 882 920 εἰς
907 848 969 921 τούς
990 850 1139 930 ἡμετέρους
1162 852 1337 929 συνηγόρους,

55 973 88 1030 δτι
111 971 230 1050 διάφοροι
254 972 388 1050 άγνωστοι
409 970 527 1032 κλέπται
553 969 599 1030 καί
622 973 769 1050 κακούργει
790 967 964 1052 προξενοῦσα
986 969 1026 1043 είς
1048 971 1142 1042 αύτούς
1163 973 1269 1053 ήμέραν
1291 969 1338 1032 καὶ

55 1066 127 1152 νύκτα
142 1091 272 1170 μεγάλας
288 1093 386 1168 ζημίας
407 1089 445 1164 εἰς
459 1092 494 1152 τὰ
509 1088 672 1154 ύποατατικοὶ
694 1110 757 1172 των,
780 1091 871 1172 γαίας,
894 1091 1038 1166 πεδιάδος,
1062 1093 1201 1174 λειβάδια,
1225 1092 1337 1174 βοσκάς,
1371 1155 1378 1166 ,

54 1215 156 1292 μύλους,
181 1215 274 1294 βουνά,
298 1213 394 1293 οἰκίας,
418 1213 516 1294 αύλάς,
540 1215 652 1293 κήπους,
677 1211 785 1294 δένδρα,
814 1213 993 1292 ἀμπελῶνας,
1016 1213 1204 1294 καοπανῶνας,
1226 1215 1336 1296 λίμνας,

54 1340 121 1415 νερά,
143 1337 319 1416 ι’νδραγωγεῑα
340 1335 387 1398 καί
409 1335 488 1396 ἄλλα
509 1337 636 1412 κτήματά
651 1357 704 1396 των
718 1336 922 1411 τοποθετημένα
939 1333 979 1408 είς
993 1337 1042 1412 τήν
1060 1332 1182 1409 ἐξουσίαν
1199 1358 1263 1416 μας,
1286 1339 1337 1396 κό-

53 1480 155 1532 πτοντες
176 1459 210 1520 τὰ
234 1457 332 1538 δένδρα
355 1457 402 1520 καί
423 1459 457 1520 τὰ
478 1457 633 1538 κούρβουλα
655 1455 702 1518 καὶ
725 1455 838 1534 ξιιλικήν
855 1456 924 1536 μετὰ
940 1457 1073 1539 διαφόρων
1088 1464 1210 1540 καρπῶν,
1233 1459 1338 1540 συντρί-

54 1581 141 1654 βοντες
161 1581 209 1642 καί
231 1582 377 1660 χαλῶντες
407 1581 469 1653 τούς
498 1582 619 1660 φράκτας
640 1578 687 1640 καί
719 1580 795 1640 ἄλλα
823 1580 1047 1660 περιτειχίσματα
1077 1581 1207 1656 καιομένα
1237 1581 1283 1641 διὰ
1304 1581 1339 1640 τὰ

53 1703 131 1764 §zm
152 1702 199 1764 m}
221 1704 256 1764 τὰ
278 1702 337 1782 ζῷα
359 1701 491 1784 διαφόρων
516 1700 606 1782 εἰδῶν,
629 1700 795 1773 κλέπτοντες
819 1704 932 1781 σιτάρια,
955 1703 1090 1784 κριθάρια,
1114 1702 1247 1783 άστάχυα,
1270 1723 1337 1781 γεν-

54 1829 164 1905 νήματα,
188 1823 268 1904 ξύλα,
291 1827 410 1907 λινάρια,
433 1827 524 1900 σανάν,
548 1825 623 1904 μέλι,
646 1825 778 1904 σταφύλια
799 1823 846 1884 καί
869 1823 991 1904 όπωρικὰ
1012 1821 1060 1884 καὶ
1083 1825 1188 1896 άλλους
1207 1825 1337 1905 καρπούς,

56 1948 143 2019 οέιινες
165 1947 285 2026 γίνονται
306 1948 374 2027 ἐκεῖ,
396 1949 547 2022 κάμνοντες
575 1942 686 2018 πολλὰς
716 1945 821 2019 διόδους
849 1945 897 2006 καὶ
928 1945 1067 2021 διαβάσεις
1093 1945 1140 2008 καί
1164 1947 1269 2026 ἔφιπποι
1290 1944 1338 2008 καί

54 2069 123 2140 πεζοὶ
146 2070 236 2130 ἐπάνω
260 2068 299 2142 είς
329 2069 396 2130 αύτδι
424 2069 459 2130 τὰ
489 2068 652 2130 ύποστατικίι
683 2067 729 2128 καὶ
757 2069 806 2143 τὴν
833 2070 998 2147 φυτευμένην
1020 2074 1073 2148 γῆν
1096 2068 1142 2130 καὶ
1165 2069 1338 2142 ἀνασπῶντες

56 2191 155 2272 δένδρα,
179 2191 404 2272 κατεδαφίζοντες
426 2191 544 2272 τοίχους,
576 2190 769 2265 ἀναβαίνοντες
798 2188 845 2250 καί
873 2187 1015 2263 πιαίνοντες
1040 2191 1103 2263 τούς
1126 2191 1250 2274 δρόμους,
1280 2211 1338 2272 χα-

55 2315 149 2387 λῶντες
170 2313 205 2374 τὰ
226 2311 366 2392 χανδάκια
387 2312 434 2376 καί
455 2313 505 2386 τὰς
526 2313 640 2392 γούβας,
664 2313 818 2392 ἀνοίγοντες
838 2315 996 2392 σκάμματα,
1020 2315 1187 2394 ἁρπάζοντες
1210 2313 1268 2393 ζῷα
1290 2313 1338 2376 καί

56 2437 129 2508 άπόις
157 2436 207 2508 τόις
237 2436 343 2516 όρνιθοις
372 2434 419 2496 καὶ
449 2437 483 2496 τὰ
509 2437 664 2516 περιστέρια
693 2433 740 2496 καὶ
771 2438 944 2506 σκοτόνοντες
974 2437 1013 2508 ῶς
1034 2435 1136 2496 καὶτὰ
1159 2435 1338 2518 δρνιθόπουλα

54 2557 96 2616 καί
115 2559 355 2639 περιστερόπουλα,
379 2557 559 2638 όήαρεύοντες
581 2555 621 2630 είς
643 2557 692 2627 τάς
713 2557 813 2632 λίμνας
833 2555 880 2616 καί
895 2555 1083 2637 ἰχθυοτροφεία
1105 2556 1151 2620 καί
1174 2561 1339 2638 ἁρπάζοντες

54 2681 85 2739 τέ
104 2681 201 2761 ὀψάρια
222 2679 275 2740 καὶΙ
291 2681 374 2752 τέλος
395 2681 502 2740 πάντων
535 2678 631 2759 μυρίας
660 2675 754 2748 ἀλλοις
784 2680 910 2752 τοιαύτας
939 2680 1120 2760 ἀνυποφόρους
1145 2681 1245 2756 ζημίας
1267 2701 1337 2762 προ-

56 2799 194 2883 ξενῶντες,
225 2801 274 2873 τὰς
303 2800 408 2884 όποίας,
440 2801 488 2862 ἐάν
517 2802 551 2862 τὰ
580 2803 651 2878 μέσα
680 2807 730 2876 τῆς
760 2801 931 2878 δικαιοσύνης
954 2801 1001 2862 δέν
1024 2801 1241 2881 άναχαιτίσυισιν,
1275 2805 1337 2864 ἄνευ

54 2923 212 3003 ἀμφιβολίας
234 2926 289 2984 όλα
318 2923 352 2984 τὰ
380 2924 497 3004 ῥηθέντα
519 2927 647 2998 κτήματα
668 2923 792 2984 θέλουσιν
816 2924 976 3003 άφανισθῶτι
999 2923 1045 2984 καί
1070 2923 1248 3004 διαρπαγῶσι.
1291 2924 1336 2986 διὰ

53 3049 128 3104 τούτο
155 3044 216 3106 κατ’
234 3042 356 3119 ἐξουσίαν
387 3049 434 3106 τοῦ
463 3045 626 3122 συμβουλίου
655 3045 748 3106 τούτου
771 3041 949 3124 άπεφασίσθη,
982 3045 1015 3104 νά
1038 3047 1288 3122 συλλαμβάνωνται
1311 3047 1336 3108 οἱ

53 3173 155 3228 τοιοῦτοι
181 3172 329 3247 κακοῦργοι
356 3167 545 3244 ότοιοιδήποτε
572 3167 617 3228 διὰ
642 3172 695 3226 τῶν
720 3167 749 3226 ἐν
771 3172 804 3248 τῇ
827 3165 979 3250 ήγεμονείρ
1000 3171 1196 3251 γραμματέων,
1227 3170 1336 3251 όπλαρ-

54 3298 152 3370 χηγῶν,
176 3289 376 3372 είαπρακτόρων
405 3287 452 3350 καί
482 3289 587 3350 λοιπῶν
616 3295 666 3365 τῆς
694 3290 817 3364 ὑπακοῆς
847 3311 901 3364 μας
930 3289 977 3350 καὶ
1006 3295 1059 3350 τῶν
1086 3292 1268 3372 κληρονόμων
1290 3290 1337 3352 καὶ

56 3409 182 3490 διαδόχων
205 3433 268 3492 των,
301 3406 388 3491 άφόύ
409 3417 515 3491 πρῶτον
538 3403 609 3472 οὗτοι
633 3409 836 3490 διακηρύξωσιν,
867 3413 916 3492 ότι,
947 3413 1010 3472 όταν
1033 3411 1080 3472 καὶ
1104 3413 1153 3491 θψέ
1175 3433 1241 3474 ποτε
1263 3413 1337 3494 παρὰ

53 3539 92 3593 τοῦ
112 3533 178 3595 ἰδίου
202 3534 381 3614 ἀναφέροντος
402 3532 590 3614 μοναστηρίου,
614 3532 668 3592 εἴτε
692 3533 782 3594 άλλου
806 3533 1001 3609 ὁποιουδήποτε
1026 3535 1167 3614 ἐπιτρόπου
1188 3554 1234 3594 του
1249 3556 1336 3616 προτ-

53 3657 181 3734 κληθῶσιν
204 3655 244 3730 εἰς
267 3657 405 3736 βοήθειαν,
429 3655 518 3728 ούδεὶς
540 3656 617 3715 θέλει
641 3655 765 3736 ὑποφέρει
788 3657 822 3715 νόι
842 3654 997 3738 προξενηθῇ
1025 3657 1109 3734 ζημία
1131 3655 1241 3734 καμμία
1262 3658 1337 3739 παρὰ

53 3784 99 3836 τῶν
118 3779 322 3858 προειρημένων
348 3784 514 3858 κακοποιῶν,
546 3775 607 3838 ούτε
628 3778 689 3837 κατ’
702 3777 800 3838 ούδένα
830 3775 920 3838 άλλον
950 3780 1047 3857 τρόπον
1078 3778 1117 3852 εἰς
1146 3779 1181 3839 τθι
1209 3783 1336 3856 κτήματα

53 3899 93 3959 καὶ
112 3899 193 3979 γαίας
214 3899 262 3960 καί
283 3902 379 3971 τόπους
409 3905 456 3960 τοῦ
478 3899 550 3980 ἱεροῦ
578 3899 757 3981 μονασπηρίου
783 3900 837 3960 τῶν
861 3901 1078 3981 ἀναφερομένων.
1124 3901 1170 3962 καί
1194 3897 1264 3962 είναι
1286 3904 1336 3964 ὐπδ

53 4023 174 4098 ποινὴνό
202 4019 381 4100 ἐξελεγχθείς
410 4025 568 4101 κακοποιός,
601 4021 679 4095 ἐκτός
707 4029 757 4099 τῆς
786 4023 1035 4103 προοδιωρισμένης
1066 4019 1192 4096 παιδείας
1218 4023 1336 4101 καὶτῆς

55 4144 266 4224 θπσζημιιίνσεως,
297 4143 332 4202 νδι
362 4144 496 4226 πληρῶνφ
525 4144 572 4204 καὶ
603 4147 632 4205 ’ἐν
654 4147 800 4226 πρόστιμον
822 4147 991 4220 πεντήκοντα
1014 4151 1117 4225 μικρῶν
1141 4145 1251 4226 λιτρῶν,
1282 4153 1336 4206 τῶν

55 4265 139 4325 ὀτοίων
160 4267 191 4326 τό
214 4267 244 4323 ἓν
266 4267 347 4340 ἥμισυ
377 4265 454 4326 θέλει
484 4265 586 4326 δίδεται
619 4266 657 4338 εἰς
688 4269 733 4328 τ’σν
757 4267 984 4328 ἀνεκαλύπτοντο
1014 4263 1061 4327 καί
1091 4269 1257 4348 ἀναφέροντα
1286 4269 1335 4344 τήν

54 4383 141 4464 ζημίαν
161 4386 209 4448 καί
230 4389 261 4448 εδ
283 4387 446 4468 ἀπολειφθὲν
469 4387 508 4460 εἰς
531 4391 576 4450 τόν
598 4387 778 4471 εἰσπράκτορα
793 4388 839 4450 καί
854 4391 900 4450 τὀν
917 4389 1077 4470 ἐνεργοῦντα
1099 4389 1146 4450 καί
1170 4391 1336 4450 ἐκτελοῦντα

56 4511 81 4569 τό
102 4512 215 4588 δημόσια
237 4512 319 4590 χρέη,
346 4509 393 4570 καὶ
416 4511 492 4570 θέλει
515 4508 725 4582 καταδικάζεται
754 4511 793 4584 είς
819 4512 879 4592 τρία
903 4511 1009 4590 σχοινία
1030 4507 1078 4572 καί
1099 4512 1133 4570 νόι
1156 4511 1272 4594 δουλεύῃ
1295 4511 1335 4585 εἰς

55 4633 95 4703 τὰς
114 4633 254 4712 γαλιῶτας
275 4639 325 4708 τῆς
346 4633 506 4714 κυριαρχίας
529 4655 584 4708 μας
606 4635 641 4694 δι’
654 4632 728 4694 ἰδίων
752 4631 866 4714 ἐξόδων,
891 4633 938 4693 ἐὰν
961 4631 1023 4715 Ιήναι
1043 4633 1136 4706 ίκανδς
1150 4633 1197 4695 καὶ
1213 4635 1334 4716 δυνατός,
