3194 5298
1267 349 1328 414 125

56 544 192 618 νομίσματα
216 542 253 604 θ’.
293 547 368 624 χήρα
391 547 409 621 ἡ
433 543 515 604 Δεοία
538 543 599 622 ἔχει
620 542 676 603 υίον
698 543 910 624 Κωνσταντῖνον,
934 541 1053 604 οίκιακόν
1074 541 1156 615 τέλος
1178 542 1331 619 νομίσματα

56 663 81 742 θ’,
102 665 157 742 ἔχει
171 664 311 747 Ζωρίτζπν
334 665 469 741 άμπέλιον
491 663 593 741 μοδίων
609 663 643 746 ς’,
667 660 720 724 ἀπό
735 671 784 740 τῆς
798 669 910 743 γονικῆς
926 665 1005 725 αὑτοῦ
1020 665 1200 744 ὑποστάσεως,
1217 666 1330 740 μὺλωνα

54 787 92 846 καὶ
116 788 309 870 χερσάμπελον
340 787 446 864 μοόίωνΙ
464 785 487 860 ς’
509 786 557 846 καί
585 792 638 866 γῆν
670 786 773 860 μοδίων
796 784 832 866 ρ’,
866 787 948 859 τέλος
975 787 1127 863 νομίσματα
1146 785 1172 848 δ’
1192 788 1258 868 ὑπὲρ
1280 769 1333 865 τῆς

55 910 273 990 ἐναποληρθείσης
296 897 327 983 ἐξ
349 911 432 985 αὑτῆς
448 906 681 985 ἐξαλειμματικῆς
696 908 881 982 ὑποστάσεως·
902 909 1098 991 χερσάμπελον
1115 909 1216 986 μοδίων
1231 908 1258 983 β’
1279 915 1329 986 τῆς

53 1030 163 1106 ἡμισείας
192 1031 305 1112 μερίδος
331 1030 377 1092 καὶ
403 1038 456 1110 γῆς
482 1032 563 1102 τέλος
586 1030 740 1107 νομίσματα
762 1030 800 1090 δ’·
840 1029 880 1102 εἰς
900 1032 931 1090 τό
952 1029 1052 1112 χωρίον
1075 1033 1120 1092 τόν
1143 1031 1248 1111 Σφολόν
1276 1032 1329 1092 άπὺ

54 1161 94 1228 π’,ς
112 1155 281 1224 ὑποστάσεως
303 1157 349 1214 τοὺ
365 1155 494 1235 Μερζοίνη
518 1152 683 1227 βαλανίδας·
708 1153 836 1214 ἐπέκεινα
858 1153 890 1213 δὲ
912 1153 1011 1214 τοὺτων
1027 1155 1088 1232 ἔχει
1101 1155 1120 1230 η
1134 1154 1242 1230 τοιαὺτη
1258 1154 1328 1229 μονὴ

54 1275 118 1357 κτίί)
149 1274 288 1351 ίδιόκτητα
321 1281 418 1352 ταῦτα·
455 1273 516 1356 περὶ
549 1275 598 1346 τὰς
627 1274 732 1356 Σέρρας
761 1275 888 1352 μετόχιον
919 1271 958 1347 είς
987 1275 1074 1352 όνομα
1102 1279 1254 1352 τιμώμενον
1283 1279 1329 1336 τοῦ

55 1397 77 1454 ἐν
96 1397 176 1478 ἁγίοις
197 1399 302 1480 πατρός
324 1401 403 1474 ἡμῶν
419 1398 547 1458 Ἰωάννου
569 1399 734 1476 πατριάρχου
750 1396 1063 1468 Κωνσταντινουπόλεως
1077 1399 1124 1456 τοῦ
1138 1398 1328 1474 Χρυσοστόμου
1418 1447 1424 1461 .

55 1519 112 1592 μετὰ
131 1523 236 1580 πάντων
259 1527 312 1580 τῶν
336 1520 445 1580 δικαίων
468 1517 516 1580 καὶ
536 1520 689 1600 προνομίων
711 1520 791 1578 αὑτοῦ
813 1520 860 1577 καί
881 1520 972 1578 τόπιον
993 1513 1111 1595 πλησίον
1135 1520 1224 1600 αὑτοῦ,
1255 1519 1283 1578 ἐν
1306 1513 1329 1600 ᾧ

14 1651 15 1654 ’
55 1643 241 1720 προσκάθηνται
267 1644 313 1702 καί
335 1663 406 1715 τινες
427 1641 542 1722 πτωχοί,
565 1639 637 1714 ξένοι
658 1639 705 1700 καί
728 1641 879 1721 ἐλεύθεροι·
918 1641 1009 1721 ἕτερον
1032 1643 1160 1719 μετόχιον
1183 1638 1222 1712 εἰς
1243 1640 1329 1716 όνομα

54 1763 189 1838 τιμώμενον
211 1769 258 1824 τοῦ
281 1762 358 1841 άηίου
382 1745 491 1836 ἐνδόξου
513 1762 757 1842 μεγαλομάρτυρος
778 1761 825 1822 καί
846 1765 1038 1843 τροπαιοφόρου
1053 1761 1189 1843 Γεωργίου
1203 1759 1249 1820 καί
1266 1761 1328 1822 ἑπι-

54 1883 210 1960 καλημὲνον
237 1889 284 1945 τοὺ
310 1884 498 1966 Κρυονερίτου,
531 1887 597 1964 ὑπερ
624 1886 802 1958 συνεστήσατο
830 1883 880 1958 μὲν
908 1883 941 1943 ἐκ
967 1884 1074 1964 βάθρων
1101 1884 1115 1941 ό
1142 1883 1328 1964 σακελλάριος

14 2065 15 2074 ,
54 2011 94 2077 τῆς
113 2007 262 2085 ἁγιωτάτης
285 2007 482 2087 μητροπόλεως
498 2007 617 2086 Σερρῶν,
641 2008 854 2085 όΜουρμουρᾶς
870 2004 983 2084 ἐκεῖνος,
1006 2001 1121 2081 ἐξεδόθη
1145 2003 1177 2064 δὲ
1199 2004 1269 2081 μετὰ
1283 2007 1327 2065 τόν

56 2125 144 2186 ἐκείνου
173 2129 288 2188 θάνατον
315 2129 389 2209 παρὰ
416 2135 465 2204 τῆς
488 2129 599 2206 συζὺγου
623 2127 700 2188 αὑτοῦ
722 2125 769 2187 καὶ
791 2133 844 2186 τῶν
867 2127 937 2186 κατὰ
958 2127 1056 2200 νόμους
1079 2127 1259 2207 κληρονόμων
1280 2125 1328 2186 καὶ

56 2243 175 2327 διαδόχων
204 2251 284 2310 αὐτοῦ
310 2251 377 2330 πρός
404 2251 434 2309 τό
463 2251 546 2330 μέρος
567 2255 616 2324 της
638 2250 761 2325 τοιαύτης
783 2247 935 2324 σεβασμίας
958 2254 1044 2324 μονῆς
1067 2245 1168 2324 είδήσει
1190 2247 1237 2308 καί
1257 2269 1327 2328 προ-

56 2375 126 2450 τμκπζη
146 2368 193 2430 καί
214 2375 261 2432 τοῦ
275 2370 420 2451 ίερωτάτσυ
436 2371 633 2451 μητροπολίτου
648 2372 756 2452 Σερρῶν
772 2369 817 2432 καὶ
833 2369 977 2452 ὑπερτίμου
993 2369 1063 2446 μετὰ
1076 2378 1127 2447 τῆς
1140 2370 1329 2450 προσηκοὺσης

58 2490 115 2568 αὑτῷ
143 2493 313 2565 ὑποστάσεως
339 2491 386 2552 καί
412 2499 464 2553 τῶν
490 2491 552 2572 περὶ
578 2491 650 2572 αὑτῷ
677 2491 833 2569 οἰκημάτων
855 2491 902 2552 καί
924 2497 970 2553 τοὺ
992 2493 1194 2553 πλινθοκτίστου
1215 2494 1326 2573 ττὺργου,

14 2609 15 2618 ’
58 2610 308 2694 ἑμπελοπεριβολίου
333 2615 453 2694 γὺρωθεν
472 2616 568 2674 αὑτοῦ·
608 2617 699 2694 ἕτερον
729 2615 864 2690 άμπέλιον
888 2615 916 2674 ἐν
939 2620 972 2696 τῇ
995 2615 1138 2698 τοποθεοίᾳ
1158 2619 1205 2676 τοὺ
1227 2615 1327 2675 Καλο-

57 2735 137 2812 ηέρσυ·
159 2739 248 2816 ἕτερον
272 2735 424 2812 ἀμπελῶνα
448 2735 487 2809 είς
509 2738 554 2796 τὀν
578 2737 653 2816 ἅγιον
671 2737 801 2814 Ἰωάννην
816 2743 865 2812 τῆς
883 2736 1033 2812 Ἧμίσεως·
1058 2738 1149 2817 ἕτερον
1174 2737 1327 2813 ἀμπελῶνα

59 2853 81 2912 ἐν
99 2863 127 2938 τῇ
146 2858 288 2940 ταποθεσία
309 2863 355 2919 τοὺ
378 2858 529 2931 Ἐλαιῶνος
553 2861 711 2940 στρέμματα
733 2857 773 2934 β’·
813 2859 889 2931 ἐντός
911 2863 957 2918 τοὺ
978 2861 1093 2939 κάστρου
1116 2860 1224 2938 Σερρῶν
1247 2857 1326 2934 οἰκή-

14 2991 15 2994 ’
58 2995 116 3048 ματα
139 2975 402 3066 άνωγαιωκάτω[γα]
432 2978 456 3052 ς’
486 2977 517 3053 ἐξ
543 2979 723 3059 ἀνταλλαγῆς
751 2980 803 3040 άπο
831 2978 916 3040 Ξένον
942 2984 988 3040 τοὺ
1011 2981 1174 3060 Μουρκουρά
1200 2979 1246 3040 καί
1274 2986 1326 3040 τῶν

58 3096 143 3160 λοιπῶν
163 3103 243 3162 πέντε
266 3106 312 3162 τοὺ
334 3102 442 3180 ἀνεψιοῦ
465 3103 544 3162 αὑτοῦ
566 3106 612 3162 τοῦ
628 3103 806 3182 Μουρμουρᾱ·
834 3102 884 3178 τὴν
907 3099 937 3174 ἐξ
960 3101 1110 3182 άγσρασίας
1132 3102 1185 3162 ἀπο
1206 3107 1255 3176 τῆς
1277 3102 1326 3160 θυ-

59 3221 141 3299 γατρός
161 3227 204 3283 τοὺ
219 3222 325 3302 Τρίβολ
348 3221 451 3283 ἐκείνου
474 3223 588 3304 μερίδας
611 3223 668 3303 δὺο,
692 3223 774 3298 μόόια
789 3220 842 3302 ρκ’,
866 3225 904 3295 ὡς
922 3230 974 3304 τῆς
997 3223 1096 3300 λοιπῆς
1109 3223 1200 3304 τρίτης
1216 3220 1326 3303 μεριθος

58 3346 227 3422 κατεχομένης
249 3345 323 3425 παρὰ
344 3349 391 3406 τοὺ
406 3346 552 3406 Συυαόικοὺ
569 3343 599 3418 ἐξ
615 3345 795 3433 άνταλλαγῆς
810 3351 855 3406 τοῦ
870 3343 1013 3426 εἰρημένου
1029 3345 1132 3405 Ξένου·
1157 3347 1248 3426 ἕτερον
1263 3365 1325 3422 χω-

14 3475 15 3518 i
58 3465 134 3542 μόριον
156 3464 193 3539 είς
214 3467 264 3541 τὴν
287 3467 410 3527 Κοὺσταν
431 3467 548 3542 πλησίον
570 3471 615 3527 τοὺ
633 3466 762 3547 Πηγόέρη
786 3467 887 3542 μοδίων
911 3465 951 3526 α’·
976 3468 1067 3546 ἕτερον
1088 3468 1226 3547 χωράριον
1248 3467 1325 3542 πλη-

59 3585 100 3644 σίον
119 3589 206 3648 τοθσου
229 3586 332 3664 μοὺίων
356 3587 371 3647 ι’
401 3586 431 3661 ἐξ
455 3584 603 3668 άγοραοίας
627 3590 680 3648 άπό
701 3593 748 3648 τοὺ
770 3587 912 3669 εἰρημένου
935 3587 1038 3649 Ξένου·
1077 3591 1168 3669 ἕτερον
1189 3591 1326 3669 χωράριον

59 3708 155 3784 πλησίον
176 3715 222 3770 τοῦ
244 3711 372 3786 μὺλωνος
393 3715 439 3770 τοῦ
456 3710 588 3786 Παλοὺιιη
612 3709 714 3786 μοόίων
730 3708 754 3769 δ’
778 3711 831 3770 ἀπό
852 3707 1038 3791 προσενέξεως
1059 3715 1105 3770 τοῦ
1121 3709 1258 3770 Κανακίου
1280 3708 1327 3770 καὶ

60 3827 88 3900 εἰς
107 3833 147 3892 τὀν
167 3830 387 3910 Εὑαγγελίτζην.·
422 3835 513 3914 ἕτερον
535 3834 673 3912 χωράφιον
695 3831 748 3892 άπὺ
770 3831 954 3911 προσενέξεως
976 3837 1022 3892 τοὺ
1045 3831 1201 3908 Ἀπλεμκλὲ
1224 3831 1325 3907 μοδίων

58 3949 91 4024 θ’·
123 3954 180 4036 περὶ
202 3959 248 4015 τοῦ
270 3952 357 4032 Ζίχνα
379 3952 418 4026 είς
440 3957 470 4015 τό
493 3955 593 4035 χωρίον
617 4002 672 4017 ...

562 4101 680 4171 Reliqua
696 4101 799 4154 desani.

145 4239 286 4294 Ioanm'dee
298 4239 361 4308 (Nr.
378 4237 428 4308 11)
444 4241 504 4293 υτιίό
518 4239 566 4294 kae
574 4240 761 4312 fragmentum
776 4257 835 4294 αισι
847 4239 1013 4293 antecedente
1026 4240 1075 4294 Nr.
1092 4241 1140 4308 10,
1157 4241 1186 4293 id
1200 4245 1238 4292 eet
1244 4255 1326 4310 prae·

62 4346 121 4409 apa
138 4345 205 4415 σσρίο
227 4335 260 4398 ae
282 4343 425 4399 άοτναίιίκιε
449 4344 587 4399 domestici
605 4344 690 4399 Βανά.
722 4343 805 4398 Nobis
827 4344 935 4398 vedetur
957 4361 1011 4398 esee
1024 4343 1209 4414 sraymentam
1228 4361 1327 4398 aureae

63 4440 134 4500 bullae
146 4447 176 4502 de
187 4448 400 4518 possessionibus
415 4450 581 4518 manasterii,
605 4450 682 4502 caiae
697 4449 804 4502 initiam
820 4455 845 4502 et
853 4447 919 4517 fiais
934 4449 1131 4503 άεκίάαναιιίυκ.

64 4589 243 4606 *¹——-—.-.-

149 4701 167 4766 ¹)
184 4700 222 4751 καὶ
240 4699 327 4760 αὑτσὺς
344 4703 366 4752 Ι.
