3194 5298
232 367 293 430 172

230 561 308 620 ἀλλὰ
330 562 364 634 δὴ
391 561 437 622 καὶ
460 566 550 636 πάσης
578 563 672 638 ἀλλης
694 563 865 637 συζητήσεως
888 565 906 634 ἢ
929 561 1033 633 δύσεως
1055 563 1101 620 καὶ
1124 563 1330 640 συγκροτήσεως
1352 567 1403 618 τῶν
1431 581 1466 616 τε
1492 565 1540 616 νῖν
1593 625 1594 628 ¹

229 685 380 762 γινομένων
395 683 441 744 καὶ
456 691 509 743 τῶν
524 685 633 764 ύστερσν
650 685 913 763 έπινοηθησομένων,
933 681 979 742 καὶ
995 684 1034 758 μὴ
1052 685 1126 760 ἔχειν
1141 682 1207 744 ποτέ
1223 683 1266 742 ἐπ’
1277 682 1372 755 ἀδείας
1386 683 1465 760 τινά,
1484 681 1540 738 κὶν

229 827 259 865 τε
282 806 390 885 κεφαλὴ
415 807 462 880 ἔνι,
486 808 536 866 κάν
559 827 590 864 τε
611 808 713 886 ἀρχων,
736 809 788 864 κάν
803 801 894 877 ἀλλος
909 827 949 876 τις
965 806 1118 877 αθθεντικος
1134 807 1283 884 ἅνθρωπος,
1306 811 1415 880 ποιῆσαι
1435 805 1541 883 ἀγγα-

231 929 304 1007 ρείαν
327 928 452 1004 καμμίαν
475 927 536 988 ούτε
559 927 597 1000 είς
621 929 724 1005 αύτούς,
748 927 808 987 ούτε
832 925 870 998 είς
891 927 998 1005 τὰζῷα
1014 928 1111 1006 αύτῶν,
1135 926 1195 986 ούτε
1216 925 1255 998 είς
1270 927 1303 986 τά
1319 927 1419 986 τούτων
1438 926 1535 984 πλευ-

231 1051 339 1128 σίμοιτοι,
363 1049 425 1109 οῖιθὲ
447 1053 529 1129 χεῖρα
553 1049 693 1124 ἐπιβαλεῖν
717 1049 761 1108 θιά
783 1052 835 1107 κάν
859 1051 922 1108 ἕναν
942 1049 1049 1127 τρόπον,
1074 1049 1233 1128 μαγειρείας
1248 1050 1327 1127 χοίριν
1343 1051 1362 1123 ἢ
1377 1045 1541 1124 ἀβωνέουῆ

232 1161 320 1230 ἀλλου
343 1173 413 1242 τινὀς
435 1169 482 1231 καὶ
505 1171 653 1250 ἀφελέσθαι
675 1174 693 1245 ἢ
715 1172 799 1250 κρέας
823 1169 854 1242 ἐξ
877 1171 963 1229 αὐτῶν
986 1173 1004 1244 ἢ
1027 1169 1121 1250 κροισίν
1143 1171 1273 1249 ἢψάριον
1295 1169 1405 1244 ἢάλλο
1428 1167 1458 1227 τὶ
1485 1172 1542 1225 κοῖν

232 1296 280 1352 ἕνα
302 1299 417 1372 πρᾶγμα
433 1289 523 1372 ἀφίἷιν
539 1295 644 1352 πωλεῖν
661 1293 819 1372 μέλλουσιν,
844 1292 910 1351 ἀλλ’
924 1289 1080 1364 ἐξωνεῖσθαι
1095 1289 1143 1351 καὶ
1158 1291 1262 1368 αὺτούς,
1285 1287 1319 1350 τά
1334 1291 1490 1364 βούλονται
1511 1289 1542 1360 ἐξ

233 1417 329 1494 αὐτῶν,
353 1416 445 1486 καθὼς
469 1416 498 1473 ἐν
520 1421 553 1494 τῇ
575 1417 656 1497 χώρᾳ
676 1416 820 1495 πωλεῖται,
843 1415 1024 1494 κληρονομεῖν
1047 1437 1078 1474 τε
1097 1415 1158 1485 τούς
1177 1413 1247 1474 κατὰ
1263 1413 1395 1491 διαδοχὴν
1418 1413 1540 1491 κληρο-

231 1539 330 1610 νόμους
357 1539 443 1596 αὐτῶν
466 1543 519 1596 πᾶν
541 1543 666 1618 πρᾶγμα,
693 1539 759 1617 ὅπερ
783 1531 948 1616 εὑρίσκονται
971 1539 1135 1612 κεκτημένοι
1157 1535 1205 1596 καί
1226 1538 1292 1616 ὅπερ
1315 1539 1542 1615 προσκτήσονται

231 1657 278 1718 καὶ
301 1659 463 1738 ἀγοράσουσι
484 1657 531 1718 καὶ
554 1660 620 1738 ὅπερ
636 1661 830 1734 ὑποκείσονται
850 1661 958 1734 κινητὸν
973 1657 1020 1718 καὶ
1036 1658 1174 1735 ἀκίνητον·
1199 1656 1245 1716 καὶ
1261 1657 1331 1732 μηδὲ
1347 1658 1472 1737 κριτικον
1490 1655 1540 1715 καὶ

231 1781 312 1857 τυχθν
336 1779 438 1840 διδόναι
460 1781 521 1852 τούς
543 1782 678 1853 τοιούτους
700 1783 776 1861 ποτέ,
801 1777 878 1841 ἀλλά
899 1781 933 1840 νά
953 1782 1066 1860 γένηται
1083 1781 1211 1862 σεκρέτον
1228 1780 1256 1838 ἐν
1271 1785 1305 1860 τῇ
1321 1779 1435 1860 ῥηθείσῃ
1450 1781 1543 1859 χώρᾳ

231 1909 280 1978 τῆς
297 1902 506 1982 Μονεμβασῖοις,
529 1905 598 1962 ὥστε
621 1901 759 1983 κρίνεσθαι
773 1905 881 1976 τούτους
897 1905 926 1962 ἐν
944 1903 1026 1982 αὐτῷ,
1051 1904 1126 1981 ἔχειν
1141 1923 1171 1962 τε
1188 1901 1281 1962 ἀθειαν
1297 1902 1342 1961 τθν
1359 1901 1541 1975 βουληθέντι

194 2095 196 2102 y
234 2023 264 2098 ἐξ
288 2026 374 2084 αῖιτῶν
399 2022 521 2098 ἐξελθεῖν
541 2047 607 2086 ποτε
627 2033 676 2103 τῆς
691 2027 815 2102 τοιαύτης
831 2025 1029 2103 Μονεμβοισίας
1044 2024 1091 2086 καὶ
1106 2025 1237 2084 ἀπελθεῖν
1252 2024 1392 2103 ἀλλαχοῦ,
1415 2024 1540 2100 πωλεῖν,
1593 2059 1594 2068 1

231 2147 362 2228 χαρίζειν,
385 2148 581 2207 ἀνταλλάττειν
601 2145 647 2207 καὶ
663 2148 759 2218 ἁπλῶς
774 2150 870 2228 ποιεῖν,
894 2147 986 2219 καθὼς
1002 2150 1033 2206 ἂν
1051 2146 1176 2218 βούλοιτο
1192 2144 1232 2218 εἰς
1247 2151 1300 2205 πᾶν
1315 2151 1441 2226 πρᾶγμα,
1467 2143 1539 2221 ὅπερ

233 2268 309 2328 θέλει
334 2271 408 2346 ἔχειν
431 2271 538 2343 κινητθν
561 2268 607 2329 καὶ
630 2269 767 2348 ἀκίνητον,
797 2270 870 2348 ἔχειν
893 2290 923 2328 τε
947 2267 989 2328 ἐπ’
1007 2268 1102 2341 ἀδείας
1125 2269 1253 2339 ὡσαύτως
1275 2265 1323 2326 καὶ
1343 2269 1448 2338 ποῖντας
1472 2265 1540 2336 τούς

233 2390 418 2464 βουλομένους
447 2387 570 2463 ἐξελθεῖν
599 2392 631 2450 ἐκ
657 2396 702 2450 τού
732 2391 820 2451 ἀλλου
842 2394 924 2450 τύπου
946 2397 996 2466 τῆς
1020 2390 1162 2466 βασιλείας
1186 2411 1237 2465 μου
1260 2387 1308 2450 καὶ
1331 2385 1464 2448 ἀπελθεῖν
1491 2384 1539 2445 καί

234 2507 402 2592 εὑρίσκεσθαι
427 2512 454 2571 ἐν
477 2519 510 2595 τῇ
534 2513 717 2594 Μονεμβοισίᾳ
738 2513 785 2572 καὶ
808 2516 955 2594 κατοικεῖν,
980 2511 1035 2572 εἴτε
1056 2512 1180 2591 πάροικοί
1204 2509 1279 2593 εἰσιν,
1303 2509 1358 2570 εἴτε
1382 2510 1538 2590 ἐλεύθεροι,

233 2633 288 2693 εἴτε
311 2633 395 2694 ἄλλοι
418 2635 506 2694 ὁποῖοί
529 2633 602 2714 εἰσιν,
625 2642 735 2712 ποιῆσαι
751 2633 790 2708 είς
804 2641 857 2696 πᾶν
873 2637 940 2716 ὅπερ
957 2637 1048 2714 έχουσι
1063 2635 1170 2709 κινητον
1186 2631 1232 2694 καὶ
1248 2633 1385 2712 ἀκίνητον,
1410 2635 1449 2704 ὡς
1465 2631 1537 2706 βού-

232 2757 327 2816 λονται
352 2756 394 2816 ἐπ’
408 2758 506 2832 αὺτοῖς,
530 2748 585 2816 οἷον
607 2757 721 2837 πωλεῖν,
745 2758 875 2838 χαρίζειν,
901 2757 1098 2818 ἀπαλλάττειν
1121 2755 1168 2817 καὶ
1191 2755 1296 2828 ἁπλῶς,
1321 2756 1388 2834 ὅπερ
1412 2757 1445 2814 ἀν
1467 2754 1537 2830 βού-

234 2879 346 2958 λωνται,
369 2881 387 2953 ἢ
410 2875 456 2938 καὶ
479 2880 606 2957 κατέχειν
629 2884 722 2959 ταῦτα,
745 2881 826 2939 ὁποῖοί
849 2878 899 2940 είσι
922 2877 969 2938 καί
993 2880 1055 2938 ἔνθα
1076 2878 1251 2958 εὑρίσκονται,
1277 2877 1355 2948 ἐκτὸς
1371 2876 1472 2958 βάρους
1488 2871 1537 2934 καί

233 3001 331 3074 τέλους
345 3004 429 3074 τινές·
447 2999 493 3061 καὶ
510 3001 691 3082 διατηρεῖσθαι
706 3001 752 3062 καί
769 3002 864 3074 αὐτούς
881 3002 1042 3082 ἐλευθέρους
1057 3001 1202 3072 παντελῶς
1216 2998 1263 3060 καὶ
1276 2999 1534 3074 ἀκαταθσιιλιύτους,

234 3125 325 3204 ὥσπερ
348 3121 394 3183 καὶ
417 3122 479 3196 τούς
502 3125 604 3183 ἀνωθεν
628 3121 797 3204 εἰρημένους,
819 3123 866 3182 καὶ
883 3123 921 3200 μὴ
938 3125 1070 3203 εὑρίσκειν
1087 3123 1182 3195 αύτούς
1196 3124 1270 3202 παροὶ
1285 3141 1357 3190 τινος
1372 3125 1426 3180 τῶν
1443 3121 1534 3179 ἁπάν-

233 3265 287 3304 των
310 3245 344 3304 θί
358 3245 456 3306 σύδένα
477 3251 531 3304 τῶν
555 3247 678 3306 ἁπάντων
701 3247 806 3327 τρόπων
829 3245 1059 3306 καταθυνοιστείαν
1081 3247 1139 3304 τινὰ
1161 3247 1179 3320 ἡ
1202 3243 1375 3322 θιενέχλησιν
1399 3239 1447 3301 καί
1471 3243 1533 3301 θια-

235 3369 344 3442 σεισμον
373 3365 417 3427 ἐπὶ
438 3368 549 3452 τούτοις,
581 3366 667 3447 χωρίς
690 3370 780 3442 μένων
802 3373 856 3428 τῶν
880 3369 996 3427 ἐποίκων
1018 3373 1067 3443 τῆς
1089 3373 1221 3448 περιοχῆς
1243 3372 1296 3425 τῶν
1318 3364 1455 3444 Βκτίκων,
1485 3369 1533 3437 τῆς

235 3489 398 3570 Τζακονῖας,
421 3495 474 3549 τῶν
490 3489 624 3569 Μολοίων,
650 3494 694 3549 τοῦ
710 3490 835 3568 Ἐσαπού,
852 3493 897 3550 τοῦ
913 3487 1026 3569 Ἕλους,
1042 3493 1089 3548 τού
1105 3488 1246 3569 Ἱερακίου,
1261 3493 1315 3547 τῶν
1331 3484 1473 3566 Ἄπιδέων,
1489 3490 1534 3545 τού

235 3613 406 3693 Σεραρῶνος,
429 3617 482 3670 τῶν
506 3612 675 3691 Τζιντζίνων,
697 3615 743 3671 τού
760 3611 894 3690 Ῥέσντος,
919 3616 964 3671 τού
988 3612 1121 3692 Πραοτοῖι,
1143 3616 1194 3686 τῆς
1209 3611 1395 3680 Καστοίνιτζας
1419 3607 1466 3668 καὶ
1490 3611 1534 3666 τού

236 3735 327 3812 Ἀγίου
342 3731 491 3794 Λεωνίδου.
524 3727 580 3804 οἷος
603 3733 635 3792 δὲ
658 3731 689 3806 ἐξ
705 3734 790 3793 αύτιύν
807 3733 931 3815 βουληθῇ
949 3733 1038 3793 ἐλθεῖν
1055 3731 1094 3804 είς
1109 3731 1158 3808 τὴν
1173 3731 1380 3810 Μονεμβασίοιν,
1403 3730 1449 3790 ἵνα
1465 3731 1532 3789 ἀνα-

236 3859 304 3940 φέρῃ
333 3854 379 3916 καὶ
404 3855 492 3938 ἐρωτᾷ
513 3861 619 3935 πρῶτον
642 3853 703 3936 περί
725 3856 817 3916 τούτου
839 3857 888 3929 τήν
913 3855 1054 3931 βασιλείαν
1078 3876 1138 3936 μου,
1167 3851 1213 3914 καί
1236 3855 1328 3925 καθὼς
1350 3853 1434 3932 ὁρίζει
1457 3854 1531 3928 οιύτή,

236 3980 270 4038 νίι
291 3978 407 4058 γίνηται.
444 3977 505 4037 ὅθεν
528 3983 560 4058 τῇ
585 3975 655 4054 ἰσχύι
678 3975 725 4036 καί
748 3975 860 4052 δυνάμει
882 3981 928 4037 τού
949 3979 1081 4056 παρέντος
1105 3973 1327 4057 ἀργυροβούλλσυ
1350 3975 1464 4053 ὁρισμοῦ
1486 3979 1532 4048 τῆς

238 4101 382 4176 βασιλείας
406 4121 456 4174 μου
480 4099 657 4180 διατηρῶνται
680 4100 732 4159 ἀπο
755 4103 801 4158 τού
823 4103 867 4160 νῖν
890 4097 937 4159 καὶ
953 4097 992 4171 εἰς
1007 4101 1038 4158 τύ
1054 4096 1119 4174 ἑξῆς
1134 4101 1234 4168 πάντες
1249 4096 1275 4156 οῖ
1290 4095 1531 4172 Μονεμβασιῶται,

238 4225 294 4284 ὅσοι
318 4223 491 4298 ἐθελήσουσιν
516 4222 677 4282 ἐπανελθεῖν
701 4219 746 4281 καὶ
770 4221 938 4302 εὑρίσκεσθαι
960 4219 1007 4280 καὶ
1029 4223 1165 4280 κατοικεῖν
1190 4220 1217 4279 ἐν
1239 4217 1474 4302 τῇΜονεμβασίᾳ
1489 4215 1532 4276 καί

237 4345 262 4404 οῖ
284 4345 368 4406 ἀλλοι
391 4347 500 4425 πάντες,
524 4346 581 4405 ὅσοι
596 4345 774 4422 προσέλθουτι
789 4343 836 4403 καὶ
851 4346 1041 4419 κατοικήσουσι
1059 4343 1086 4401 έν
1101 4349 1134 4424 ’ᾖ
1151 4340 1334 4423 Μονεμβασίᾳ
1348 4339 1396 4399 καῖ
1412 4341 1438 4398 σί
1453 4341 1532 4398 τίλλει

236 4471 346 4547 πάντες,
370 4469 428 4527 ὅσοι
451 4467 632 4548 προσέλθσυσι
654 4465 701 4526 καὶ
723 4468 913 4541 κατοικήσουτι
936 4465 965 4526 ἐν
989 4465 1066 4546 αὒτῇ,
1089 4468 1140 4525 κᾶν
1164 4459 1251 4525 ’σποῖοί
1274 4461 1325 4523 εἰσι
1346 4461 1394 4522 καί
1417 4464 1480 4522 ὅθεν
1503 4467 1531 4520 ἂν

239 4592 351 4673 έλθωσι,
377 4591 516 4671 ἐλεύθεροι
538 4591 682 4663 παντελῶς
705 4587 752 4650 καὶ
775 4585 1000 4649 ἀκαταδούλωτοι
1022 4587 1095 4649 αθτοῖ
1117 4608 1147 4648 τε
1171 4585 1217 4648 καί
1235 4587 1269 4647 τά
1283 4587 1418 4668 προσόντα
1432 4586 1532 4657 τούτοις

240 4711 368 4794 κτήματά
403 4735 432 4780 τε
460 4713 507 4777 καῖ
535 4717 693 4798 πράγματα,
722 4709 770 4778 καὶ
796 4705 926 4792 ἀνώτεροι
950 4713 1041 4792 πάσης
1066 4709 1114 4775 καὶ
1138 4710 1268 4782 παντοίας
1297 4709 1402 4786 δόσεως
1431 4715 1482 4786 τῆς
1506 4727 1533 4776 τε
