3166 5298
254 308 297 373 90

254 504 346 578 μέντοι
368 505 414 563 τού
435 501 597 586 κεφαλαίου,
620 509 670 580 τῆς
685 505 832 586 οιταρκίας,
854 510 904 581 τῆς
919 503 1132 585 καστροκτιοίας,
1153 513 1202 583 τῆς
1217 507 1320 588 ύρικῆς,
1341 511 1389 568 τού
1403 511 1483 588 ρύνου
1496 507 1538 568 καί

253 628 302 698 τῆς
325 625 459 704 εὑρέσεως
481 630 527 686 τού
548 627 695 706 θησαυροῦ·
719 629 802 686 ταῦτα
824 627 877 706 γὰρ
899 625 946 686 καί
967 627 1036 702 μόνα
1049 626 1199 706 ὀφείλουσιν
1215 628 1385 690 ἀπαιτεῖσθαι
1400 625 1432 702 ἐξ
1448 630 1536 708 αύτῶν,

253 745 345 817 καθὼς
367 743 414 806 καί
437 747 466 806 ἐν
487 751 551 806 πᾶσι
573 749 692 822 κτήμασι
715 746 762 807 καὶ
786 750 874 820 αύτοῖς
896 750 952 821 τοῖς
973 748 1223 829 χρυσοβουλλάτοις
1247 750 1301 810 ἔστι
1316 751 1445 826 συνήθεια
1460 751 1537 810 άπαι-
1574 773 1575 846 γ

252 868 355 927 τεῑσθαι
380 872 463 928 ταύτα
496 867 561 948 ύπὲρ
587 873 640 928 τῶν
667 874 765 928 κοινῶν
793 869 909 930 δουλιῶν
935 867 982 929 καὶ
1008 875 1057 945 τῆς
1086 875 1181 946 κοινῆς
1207 873 1348 951 χρήσεως·
1386 871 1489 950 ὀρειλει
1510 870 1537 932 δὲ

252 989 442 1068 παραπέμπειν
464 989 562 1066 ταύτην
584 987 630 1049 καί
653 992 721 1070 προς
742 990 809 1063 τούς
825 987 855 1063 ἐξ
871 990 966 1070 έσρύος
980 990 1081 1064 παῖδας
1095 990 1143 1052 καὶ
1156 991 1346 1072 κληρομὸνους
1361 994 1452 1072 αύτού,
1475 995 1536 1052 ὥστε

252 1111 379 1186 κατέχειν
402 1103 449 1170 καί
471 1111 599 1185 νέμεσθαι
622 1111 729 1184 τούτους
752 1111 843 1192 αύτήν,
866 1109 914 1172 καὶ
936 1112 997 1184 τούς
1021 1113 1050 1172 ἐν
1073 1114 1138 1196 αἰτῇ
1153 1114 1438 1194 προσκαύησομένους,
1460 1114 1537 1174 ἔτιδὲ

252 1229 299 1290 καί
320 1232 369 1306 τὴν
391 1233 578 1310 γενησομένην
599 1231 628 1292 ἐν
643 1233 710 1315 αἰτῇ
727 1233 869 1309 βελτίωσιν
883 1232 931 1293 καὶ
946 1231 1056 1310 αύξηοιν
1072 1233 1249 1315 ἀναφαίρετον
1263 1234 1310 1296 καὶ
1325 1236 1536 1315 ἀνακόσπαστον,

251 1353 344 1424 καθὼς
367 1353 493 1429 δηλονότι
516 1355 531 1412 ύ
554 1351 698 1434 εἰρημένος
719 1355 808 1436 πατὴρ
831 1355 928 1435 αἰτῶν,
951 1353 998 1416 καὶ
1021 1355 1093 1432 μηδὲ
1114 1356 1223 1429 τούτους
1241 1355 1373 1438 εὑρίσκειν
1390 1359 1536 1436 ἑπάἰποῖς,

251 1481 284 1555 τῇ
308 1474 420 1550 δυνάμει
442 1473 487 1534 καί
509 1473 579 1553 ἰσχύι
600 1479 647 1536 τού
669 1478 803 1555 παρέντος
824 1476 1031 1556 χρυσοβούλλου
1053 1477 1139 1555 λόγου
1161 1483 1209 1553 τῆς
1232 1477 1377 1554 βασιλείας
1396 1499 1447 1555 μου
1472 1480 1537 1555 ἐπί]-

252 1597 325 1676 ρειάν
347 1615 406 1656 τινα
428 1595 475 1655 καὶ
497 1597 647 1677 συζητησιν,
672 1597 734 1656 ἄνευ
757 1598 848 1672 μέντοι
870 1617 904 1676 γε
926 1603 980 1657 τῶν
1002 1598 1129 1678 ἀνωτέρω
1152 1599 1288 1678 ῥηθέντων
1303 1599 1474 1678 κεφαλαίων.
1498 1599 1538 1658 διὰ
1574 1609 1575 1680 ζ

250 1717 304 1798 γὰρ
333 1721 410 1778 τούτο
439 1715 486 1777 καὶ
508 1718 523 1776 ύ
544 1717 638 1798 παρὼν
660 1717 868 1798 χρυούβουλλος
890 1720 976 1798 λόγος
998 1724 1047 1795 τῆς
1071 1717 1215 1792 βασιλείας
1237 1740 1289 1796 μου
1313 1721 1474 1801 έχορηγήθη
1496 1719 1538 1780 καὶ
1574 1705 1575 1746 ί

252 1837 441 1920 έπεβραβεύθη
463 1836 502 1918 τῷ
525 1838 698 1918 διαληρύέντι
715 1837 807 1918 οἰκείῳ
822 1845 854 1922 τῇ
871 1839 999 1923 βασιλείᾳ
1014 1861 1076 1916 μου,
1092 1839 1166 1921 κυρῷ
1181 1841 1202 1899 Γ
1203 1841 1311 1922 εωργίῳ
1326 1841 1365 1920 τῷ
1380 1841 1536 1923 Τρουληνῷ,

251 1958 398 2032 ἀπολυθεὶς
419 1960 490 2020 κατὰ
513 1965 600 2036 μῆνα
627 1959 803 2040 νοέμβριον
826 1965 884 2036 τῆς
905 1965 960 2020 νύν
982 1962 1166 2042 τρεχούσης
1189 1960 1380 2044 δευτέραςί)
1404 1961 1537 2023 ἰνδικτι-

250 2079 1060 2159 ῶνος,τούέξακιοχιλιοστούύκτακοσιοοτού
1048 2082 1360 2164 έβδύμουέτους,έ
1361 2080 1575 2164 νῷκαὶέο

1574 2059 1575 2124 ί

248 2203 381 2282 ἡμέτερον
404 2202 517 2276 εύσεβες
539 2201 586 2262 καί
608 2203 811 2284 θεοτρύβλητον
834 2204 1026 2279 ύπεοημήνατο
1048 2207 1148 2284 κράτος
1170 2209 1195 2280 †.

353 2319 474 2402 γΕἰχε
505 2322 561 2384 καὶ
591 2321 787 2404 δι’ἐρυύρῶν
817 2327 1021 2405 γραμμάτων
1050 2337 1109 2402 της
1137 2325 1314 2402 βασιλικῆς
1343 2347 1458 2408 χειρος
1490 2331 1536 2387 τά·

249 2444 456 2525 Ἀνδρόνικος
480 2445 512 2504 ἐν
534 2443 665 2524 Χριστῷ
687 2443 730 2524 τῷ
753 2444 815 2526 θεῷ
838 2447 951 2518 πιατος
974 2446 1136 2521 βασιλεύς
1157 2445 1213 2506 καὶ
1236 2449 1447 2530 αύτοκράτωρ
1463 2450 1537 2509 Ῥω-

249 2559 353 2641 μαίωύ
377 2567 392 2624 ὁ
415 2565 652 2645 Παλαιολύγος
674 2571 701 2643 †.

353 2692 453 2748 saeuas
469 2695 493 2747 J.
506 2712 537 2764 p.
557 2697 736 2750 υοο-αευ,

519 2997 579 3063 III.
608 2997 832 3080 6817-1309,
856 3019 967 3062 mense
990 2997 1077 3079 iulio,
1100 2998 1166 3063 ind.
1191 2998 1265 3063 VII.

277 3199 430 3269 Imperator
446 3198 616 3253 Andronicus
632 3199 673 3252 II.
690 3199 870 3270 Ραέαιυῐορ-ιω
886 3199 1025 3268 confirmat
1043 3201 1204 3253 monasterio
1219 3217 1307 3254 omnes
1318 3203 1507 3270 possessiones.
1574 3275 1575 3280 Ἰ

349 3420 366 3492 †
388 3415 503 3476 Βασιλεῖ
525 3415 556 3477 δὲ
579 3418 631 3496 άρα
653 3419 721 3496 προς
742 3421 800 3490 τοῖς
823 3419 921 3491 ἅλλοις
942 3417 989 3478 καὶ
1010 3421 1088 3479 τούτο
1110 3424 1256 3499 προσῆκον,
1283 3420 1314 3478 τύ
1336 3421 1384 3492 τὰς
1408 3421 1535 3500 εύλύγους

247 3536 366 3611 αἰτήσεις
387 3536 553 3619 προσίεσθαι,
577 3538 617 3618 ἐρ’
630 3531 670 3610 οἷς
694 3542 726 3598 άν
750 3541 863 3612 ἕκαστος
885 3517 939 3600 1τῶν
961 3542 1059 3612 ταύτας
1079 3543 1273 3622 προτεινόντων
1295 3539 1381 3620 ύρῷτο
1398 3542 1534 3618 δεόμενος,

245 3657 292 3719 καί
315 3661 397 3731 τέλος
418 3661 526 3729 ταύταις
550 3659 737 3741 ἐπιβραβεύειν
758 3665 886 3743 χρηστόν,
915 3666 953 3734 ὡς
975 3667 1021 3723 τού
1042 3663 1114 3724 κατὰ
1135 3665 1235 3723 οκοπον
1260 3663 1382 3723 ένπεύύεν
1405 3663 1535 3742 εύμοιρεῖν

248 3779 394 3856 δεόμενον·
417 3783 435 3858 ἡ
459 3780 563 3856 αἴτησις
587 3782 640 3842 έοτι
663 3783 715 3856 μὲν
738 3783 855 3861 τοιαύτη,
880 3778 970 3843 δικαία
993 3783 1120 3860 δηλονότι
1142 3781 1189 3843 καὶ
1213 3783 1338 3862 εὔλογος,
1361 3787 1491 3862 τυγχάνει
1506 3782 1534 3842 δὲ

246 3906 261 3964 ὁ
285 3901 442 3979 αἰτούμενος
464 3902 511 3962 καὶ
532 3903 664 3978 πνεύματι
685 3903 776 3984 κυρίου
798 3903 923 3964 πλουτῶν
946 3906 994 3980 τὴν
1013 3907 1187 3984 κατάστασιν,
1211 3905 1310 3984 ἀρετῆς
1327 3905 1372 3964 διὰ
1387 3903 1447 3978 βίου
1463 3905 1533 3964 ἀντι-

245 4026 415 4104 ποιούμενος,
443 4023 491 4084 καὶ
518 4025 637 4101 μάλιστα
660 4027 698 4096 ὡς
720 4026 766 4085 τὀν
789 4025 908 4099 βασιλέα
930 4027 1100 4105 ἑτοιμότερον
1123 4026 1234 4106 ὁρᾶσθαι
1256 4026 1312 4106 χρὴ
1334 4027 1404 4105 πρὸς
1427 4025 1533 4100 ἐκπλη-

246 4168 326 4229 ρωαιν
347 4153 394 4209 τού
417 4146 579 4223 αἰτηματος·
604 4151 636 4207 ἂν
659 4147 691 4208 δέ
711 4168 744 4226 γε
766 4146 813 4208 καί
834 4150 985 4228 προστάτης
1008 4147 1079 4208 λαοῦ
1100 4149 1281 4224 πνευματικὸς
1303 4147 1464 4227 κατασταίη,
1492 4151 1533 4207 τού

245 4275 293 4344 τῆς
320 4271 520 4350 ἀρχιερωσύνης
547 4269 704 4347 τετυχηκὼς
732 4264 897 4348 ἀξιώματος,
928 4275 987 4341 πῶς
1014 4271 1044 4329 ού
1073 4271 1143 4344 μετὰ
1168 4268 1297 4342 πλείονος
1325 4268 1467 4346 εύμενείας
1489 4271 1533 4344 τὴν

246 4393 347 4468 αἴτησιν
372 4392 450 4452 αἰτού
474 4389 646 4472 ἐνδέξηταιί)
670 4392 684 4449 ὁ
705 4392 844 4470 βασιλεύς,
866 4391 913 4450 καὶ
928 4397 981 4450 τῶν
998 4391 1095 4450 άλλων
1112 4393 1245 4472 ἁπάντων,
1271 4387 1310 4462 οἷς
1326 4393 1421 4474 ὁρᾶται
1435 4392 1469 4452 τὰ
1483 4397 1533 4450 τῶν

352 4651 371 4722 ¹)
381 4650 461 4701 Error
473 4653 501 4701 in
516 4651 669 4702 indictione.
688 4652 720 4701 In
730 4651 875 4717 archetypo
885 4649 1060 4716 probabiliter
1068 4654 1195 4716 scriptum
1209 4657 1278 4702 erat:
1295 4649 1336 4718 ιβ’.
1409 4651 1430 4717 ²)
1442 4649 1498 4702 εἰοό.
1509 4650 1533 4700 S.
