3166 5298
1268 369 1327 434 101

49 575 92 626 τῶν
112 569 255 644 κτημάτων
279 569 372 646 αὐτῆς,
396 564 456 626 σίντε
479 567 508 625 τ“σ
531 571 580 642 τῆς
600 567 693 644 δρικῆς
716 562 762 624 καὶ
777 569 827 640 τῆς
842 562 1050 642 καοτροκτισίας
1072 560 1119 622 καί
1134 567 1180 622 τοῦ
1197 561 1330 638 ἐννομίου,

49 690 113 750 ἀλλὰ
141 691 383 770 συντηρηθήσσνται
405 685 452 748 καὶ
483 688 535 747 άπδ
565 689 675 766 τούτων,
706 689 757 746 κάν
781 688 847 746 ότσυ
876 683 923 744 καὶ
946 685 1120 765 εὑρίσκωνται
1142 685 1176 744 τὰ
1199 683 1331 766 εἰρημένα
1398 749 1400 754 ,

49 816 160 886 κινήματα
176 813 273 892 αὐτῶν,
291 811 465 888 ἁνενόχλητα
480 810 627 880 παντελῶς
641 806 688 867 καί
704 807 882 886 ἀναπαίτητα,
895 807 1138 888 συντηρηθιήσονται
1155 807 1186 866 δὲ
1203 808 1330 877 ιίισαότως

50 935 202 994 αἱτοιαῦται
225 931 307 1008 μοναὶ
329 933 510 1010 άνενόχλητσι
535 929 582 990 καί
605 931 658 990 άτδ
680 933 726 990 τοῦ
749 929 820 989 κατὰ
841 929 950 1008 καιρσίις
973 927 1162 1010 εὑρισκομένου
1185 928 1330 1010 ἱερωτάτου

50 1057 186 1136 ίρριερὲως
209 1053 250 1127 είς
272 1055 321 1129 τἠν
345 1053 512 1134 μητρόπολιν
534 1058 588 1112 τῶν
603 1054 722 1133 Σερριῖιν,
744 1052 819 1127 πλὴν
843 1054 925 1126 μόνου
947 1056 993 1111 τοῦ
1017 1052 1145 1126 συνήθους
1160 1052 1329 1126 μνημοσὺνσυ

51 1179 115 1238 im&
139 1177 185 1238 καί
213 1181 260 1238 τοῦ
282 1179 449 1256 τεταγμένου
471 1178 627 1256 κακανικοίι,
657 1174 704 1234 καί
726 1173 789 1234 ουδὲ
813 1169 868 1246 ἕξει
891 1173 985 1233 ἄδειαν
1008 1175 1023 1232 δ
1045 1177 1164 1244 τοιοῦτος
1188 1173 1330 1254 ἀρχιερεὺς

50 1301 214 1360 ίτσκαθιστάν
237 1300 407 1377 ἡγουμένους
430 1295 470 1370 εἰς
492 1297 541 1368 τὰς
563 1299 688 1368 τοιαθτας
711 1298 796 1373 μονάς
819 1301 837 1372 ἢ
859 1297 943 1356 πάλιν
966 1293 1075 1374 ἐξάγειν
1093 1297 1197 1375 αὐτούς,
1221 1296 1329 1358 ἀλλάδ

50 1424 148 1496 μέιλων
173 1423 340 1503 εὑρίσκεσθαι
365 1421 404 1494 εἷς
425 1423 474 1496 τὴν
496 1421 680 1498 ήγουμενείαν
704 1421 791 1480 αἰτιῶν
815 1419 965 1498 ἐκλὲγηται
979 1417 1054 1499 παρὰ
1068 1423 1121 1478 τῶν
1137 1427 1267 1497 μοναχῶν
1282 1419 1329 1480 καὶ

50 1545 238 1620 άτσττέλληται
261 1543 302 1616 είς
322 1545 368 1604 τδν
390 1545 461 1604 κατὰ
480 1543 590 1624 καιροὺς
604 1546 811 1621 παναγιωτατον
826 1545 996 1622 πατριάρχην
1011 1539 1057 1602 καί
1073 1543 1249 1622 σφραγίζηται
1264 1545 1329 1625 παρ’

50 1667 115 1726 σάτα]
134 1667 179 1727 καί
201 1669 329 1742 τάττηται
352 1664 392 1739 είς
413 1667 463 1740 τὴν
484 1663 666 1742 ἡγουμενείαν
691 1667 785 1740 αίιτῆς·
811 1663 940 1738 βούλεται
961 1663 1015 1742 γὰρ
1034 1664 1052 1738 ή
1069 1663 1196 1738 βασιλεία
1216 1686 1267 1740 μου
1282 1665 1329 1724 καί

49 1789 160 1868 θεσπίζει,
190 1789 389 1868 πατριαρχικὴν
421 1782 489 1847 εἶναι
513 1789 560 1862 τὴν
583 1787 706 1862 τοιοάτην
734 1787 883 1861 σεβασμίου
908 1787 993 1860 μονὴν
1015 1790 1061 1846 τοῦ
1083 1785 1171 1861 τιμίου
1192 1791 1328 1868 προφήτου

50 1909 199 1989 ίίρσδρόμσυ.
226 1912 264 1970 ἔτι
288 1909 320 1970 δὲ
342 1909 388 1969 καί
411 1911 459 1984 τὴν
484 1909 560 1981 ἐντός
582 1911 629 1968 τοῦ
651 1911 766 1989 κάστρσυ
788 1909 932 1985 ἡνωμένην
948 1907 1008 1982 μετ’
1022 1909 1104 1983 αυτῆς
1119 1909 1214 1989 ἑτέραν
1231 1913 1327 1987 μονήν,

49 2053 79 2090 ως
99 2032 258 2110 δεδήλωται,
281 2037 327 2092 τοῦ
349 2033 428 2091 αὐτοῦ
450 2033 538 2108 τιμίου
560 2034 695 2112 προφήτου
719 2031 889 2112 Προδρόμου,
918 2033 1009 2091 τοὺτου
1032 2031 1086 2111 γάρ
1108 2034 1190 2111 χάριν
1214 2032 1326 2111 ἐγένετο

52 2155 129 2226 τἰταῑς
156 2154 202 2214 καί
230 2155 246 2214 ό
274 2155 368 2235 παρὼν
394 2153 602 2236 χρυσόβσυλλσς
629 2153 715 2233 λόγος
741 2159 790 2229 τῆς
818 2153 961 2227 βασιλείας
984 2173 1045 2232 μου,
1076 2151 1222 2225 ἀπολυθείς
1243 2155 1328 2214 κατὰ

53 2282 124 2348 μῆνα
145 2275 331 2357 ίανουάριον
347 2281 405 2351 τῆς
419 2281 472 2336 νῦν
484 2277 670 2354 τρεχοθσης
683 2275 877 2352 δωδεκάτης
894 2273 1109 2355 ίνδικτιιῖινος,
1125 2279 1181 2336 τοῦ
1194 2274 1326 2350 ἑξακισ-

51 2397 209 2472 χιλισστσῦ
236 2399 500 2460 όκτακοσιοστσίι
526 2403 780 2479 τριακοσιοστοῦ
807 2398 953 2474 ἑβδόμου
981 2399 1083 2479 ἔτους,
1118 2398 1147 2457 ἐν
1175 2393 1197 2478 ᾧ
1224 2397 1270 2458 καί
1297 2403 1327 2459 τδ

50 2519 165 2600 ἡμέτερον
188 2520 299 2596 εὐσεβὲς
322 2518 368 2580 καί
391 2521 594 2602 θεοπρόβλητον
618 2522 809 2598 θπεσημήνατο
831 2524 930 2601 κράτος
952 2526 977 2596 †.

137 2639 248 2721 ήΕίχε
272 2644 307 2704 δὲ
330 2641 388 2703 καί
410 2643 603 2724 ὑπογραφὴν
628 2644 822 2723 δι’ἑρυθρῶν
844 2647 1053 2724 γραμμάτων
1068 2649 1128 2719 τῆς
1145 2643 1326 2720 βασιλικῆς

10 2811 12 2856 ,
49 2765 149 2840 χειρός
169 2767 217 2824 τό·
256 2765 470 2844 Ἀνδρόνικος
493 2767 526 2824 ἐν
543 2763 671 2846 Χριστῷ
693 2766 736 2844 τῷ
758 2765 822 2846 θεῷ
844 2767 961 2836 πιστδς
983 2765 1214 2839 βασιλεὺςκαί
1230 2767 1325 2826 αὺτο-

10 2861 12 2962 ή
49 2887 160 2966 κράτωρ
183 2887 354 2963 Ῥωμαίων
377 2887 391 2946 ό
416 2887 656 2966 Παλαιολόγος
679 2892 704 2965 ή.

138 3014 235 3072 samaa
252 3017 277 3070 Ι.
289 3033 322 3086 p.
341 3018 412 3070 225.

283 3355 342 3421 IX.
366 3354 620 3443 [6837-1329],
644 3379 754 3422 mense
777 3357 880 3441 aprili,
903 3357 969 3421 ind.
994 3357 1071 3421 XII.

55 3534 182 3604 Imperator
194 3539 365 3594 Andronicus
376 3539 433 3592 ΙΙΙ.
446 3540 626 3610 Ραίαεοίοφιιε
641 3541 777 3593 monachis
793 3541 952 3594 monosterii
966 3541 995 3593 ιἰι
1009 3547 1095 3594 monte
1108 3541 1247 3594 Menoeceo
1263 3559 1322 3594 oon·

229 3643 326 3714 firmat
334 3645 384 3712 juo
400 3644 520 3714 οίεραιιάά
533 3645 656 3698 abbatem
667 3645 821 3715 probatque
836 3645 986 3698 electionem
996 3645 1113 3713 factam.

133 3868 148 3936 ή
164 3863 277 3938 Ἐπειδὴ
294 3864 398 3942 ἐτάχθη
415 3865 460 3924 διὰ
474 3865 682 3942 χρυσοβοθλλου
696 3869 743 3923 τοῦ
758 3865 836 3942 ἁγίου
852 3885 903 3938 μου
919 3866 1044 3925 αυθὲντσυ
1059 3865 1106 3924 καί
1123 3867 1260 3940 βασιλέως
1275 3871 1321 3925 τοῦ

726 3951 738 3978 Ι

52 3985 136 4043 πάππου
156 3991 205 4061 τῆς
228 3985 374 4061 βασιλείας
398 4007 459 4067 μου,
481 3991 527 4046 τοῦ
550 3985 673 4062 ἀοιδίμου
695 3985 742 4046 καί
765 3987 924 4067 μακαρίτου,
948 3987 988 4046 ἔτι
1008 3986 1038 4045 δὲ
1054 3985 1163 4063 καὶτῆς
1179 3989 1321 4063 βασιλείας

53 4121 98 4184 μοι,
111 4107 181 4168 ἀλλὰ
197 4107 294 4185 δήκαὶ
310 4107 354 4168 διὰ
368 4111 459 4184 τιμίας
472 4116 655 4189 παριαρχικῆς
670 4115 785 4190 γραφῆς,
805 4110 849 4168 ἵνα
865 4111 1035 4188 ἑκλέγωνται
1051 4111 1075 4170 οἱ
1092 4112 1120 4170 ἐν
1135 4117 1168 4192 τῇ
1185 4113 1321 4195 σεβασμίᾳ

53 4234 105 4308 ’μιῇ
124 4236 166 4291 τοῦ
181 4232 269 4308 τιμίου
284 4234 418 4312 προφήτου
436 4231 594 4312 Προδρόμσυ
610 4231 656 4292 καί
673 4233 820 4292 Βατττιστσῡ
837 4233 975 4314 Ἰωάννου,
990 4239 1023 4314 τῇ
1040 4233 1199 4316 διακειμένη
1216 4231 1259 4292 ἐπί
1274 4239 1320 4294 τοῦ

53 4345 111 4424 ἕρεις
129 4357 172 4413 ’.οὗ
189 4355 350 4426 Μενοικέως
369 4354 415 4413 καὶ
432 4355 615 4436 ἑφορευομένῃ
630 4355 704 4435 παρά
719 4359 764 4414 τοῦ
779 4357 957 4435 περιποθήτου
972 4356 1097 4434 γαμβροῦ
1112 4361 1161 4432 τῆς
1177 4355 1320 4428 βασιλείας

53 4489 99 4550 θῦἰ,
112 4477 230 4554 μεγάλου
247 4475 408 4552 δομεστίκου
424 4481 504 4556 κυροϋ
516 4477 643 4536 Ἰωάννου
660 4477 857 4556 Παλαιολάγου
872 4481 918 4536 τοῦ
934 4479 1169 4556 Καντακουζηνοϋ,
1187 4479 1319 4537 ἐνασκοὺ-

54 4609 110 4659 θῑιοι
123 4596 234 4676 μοναχοί
251 4595 290 4668 είς
305 4599 509 4676 καθηγούμενον
526 4600 622 4677 αίιτῶν,
646 4600 675 4668 δς
691 4602 724 4657 άν
739 4604 808 4680 φανῇ
825 4601 914 4670 αὺτοῖς
930 4599 1069 4679 ἁρμόδιος,
1091 4593 1138 4659 καί
1154 4597 1317 4673 ἐξελέξαντο

53 4711 87 4771 καὶ
106 4715 193 4790 ἔταξαν
214 4719 260 4778 τδν
283 4723 443 4794 τιμιώτατον
466 4719 494 4778 ἐν
517 4719 708 4800 ίερομσνάχοις
727 4725 776 4800 κῡρ
791 4721 836 4779 τδν
853 4720 929 4780 δεῖνα
944 4719 984 4794 είς
999 4722 1204 4799 καθηγοθμενον
1221 4724 1317 4802 αὑτῶν,
