3194 5298
268 353 330 420 120

264 547 303 618 εἰς
332 549 362 608 τό
393 547 518 621 δηλωθὲν
544 547 663 626 ἀγρίδιον
685 547 820 622 ποσότητα
842 555 894 604 τῶν
917 544 944 604 λ’
969 546 1134 626 όπερπόρων,
1158 542 1205 604 καί
1227 541 1405 620 οἰκονόμησον
1428 545 1578 628 κατέχεη

263 667 310 730 καί
333 668 471 741 δεσπόζειν
496 671 576 744 αθτὴν
600 669 633 744 δὴ
656 669 704 743 τὴν
727 671 864 744 ποσότητα
887 667 932 727 διό
946 667 994 742 τὴν
1010 667 1155 748 περιληψιν
1169 665 1217 726 καί
1231 664 1306 745 ἰοχίιν
1320 668 1367 726 τοῦ
1383 665 1578 745 ἐπιχορηγηί

265 791 358 862 θέντος
381 793 457 873 ain-fi,
481 791 519 861 ὡς
543 789 707 871 δεδήλωται,
730 789 935 869 χρυσοβοόλλου
957 795 1006 864 τῆς
1022 787 1164 862 βασιλείας
1185 809 1245 870 μου,
1267 789 1334 870 πρός
1350 786 1381 846 δὲ
1396 787 1441 846 τόν
1461 786 1579 876 δηλωη

264 914 344 973 θέντα
367 913 461 972 σεπτδν
485 911 610 989 Μαρτῖνα
632 911 813 992 παραδώσεις,
844 910 936 983 καθὼς
959 909 1072 991 εἴρηται,
1105 910 1157 970 ἀπό
1178 915 1228 986 τῆς
1251 908 1376 989 ῥηθείσας
1399 905 1579 988 οἰκονομίας

264 1037 309 1095 τοῦ
333 1033 469 1109 Ῥωμαίου
493 1033 597 1092 ἐκείνου
619 1039 669 1109 τῆς
690 1039 743 1092 τῶν
767 1033 902 1113 ῥηθέντων
924 1029 951 1092 λ’
975 1032 1130 1112 όπερπόρων
1152 1023 1310 1111 ποσότητος,
1342 1030 1403 1092 όθεν
1424 1029 1483 1090 καὶ
1516 1025 1579 1092 ἐπεί

265 1155 308 1215 διόι
331 1157 378 1230 την
400 1157 480 1232 τιμὴν
502 1153 549 1214 καί
570 1157 600 1214 τό
623 1155 792 1215 ἀκ-ατσῖλυτον
815 1158 861 1214 τοῦ
876 1155 1027 1235 προβάντος
1049 1153 1254 1236 χρυσοβοόλλου
1276 1159 1326 1230 της
1346 1153 1504 1222 βασιλείας
1525 1171 1579 1226 μου

265 1279 428 1360 ιῇτοιαὺτη
451 1282 521 1358 μονῇ
544 1275 621 1336 σὐδὲν
646 1277 705 1354 ἔχει
728 1276 848 1351 δυνατόν,
871 1277 914 1336 ἵνα
938 1276 1024 1352 μηδὲν
1046 1277 1099 1358 ἔχῃ
1122 1275 1170 1350 τὴν
1193 1273 1338 1356 εἰρημένην
1360 1277 1515 1350 ποσότητα
1539 1273 1580 1354 εἰό

264 1401 294 1460 τό
318 1397 444 1474 δηλωθὲν
468 1397 598 1479 θηρίδιον,
622 1396 645 1457 εἰ
669 1399 707 1474 μὴ
730 1399 807 1458 θέλει
829 1397 876 1457 καὶ
897 1400 1064 1478 προαιρεῖται
1087 1399 1101 1457 ό
1123 1401 1241 1469 τοιοῦτος
1264 1398 1409 1477 Μαρτῑνος,
1432 1397 1486 1456 ἵνα
1517 1379 1580 1456 ἀντί

264 1521 356 1581 τούτου
387 1517 498 1596 δέξηται
527 1521 576 1594 την
600 1520 726 1600 ῥηθεῖσαν
756 1522 894 1595 ποσότητα
926 1519 978 1578 ἀπό
1007 1525 1056 1596 τῆς
1078 1517 1234 1595 οἰκονομίας
1255 1523 1301 1578 τοῦ
1324 1517 1478 1598 Ῥωμαίου,
1518 1518 1580 1592 ἤδη

264 1642 370 1722 καλῶς,
394 1639 417 1701 εἰ
441 1639 466 1700 δ’
480 1638 535 1720 οὖν,
558 1641 590 1700 σίι
613 1639 663 1716 μὲν
686 1640 807 1720 όρειλεις
829 1641 975 1701 ἀποδοῦναι
998 1643 1065 1721 πρός
1086 1641 1134 1716 τὴν
1158 1640 1328 1716 δηλωθεῖσαν
1351 1641 1435 1714 μονὴν
1451 1641 1516 1716 την
1536 1637 1579 1712 εἰς

265 1765 295 1823 τό
318 1762 443 1840 δηλωθὲν
466 1757 586 1844 οἰγρίδιον
608 1765 743 1840 ποσότητα
766 1769 818 1822 τῶν
841 1762 868 1822 λ’
886 1764 1051 1844 όπερπόρων,
1075 1763 1112 1834 ὡς
1136 1761 1279 1843 διορίζεται
1301 1761 1486 1839 ήβαστιλεία
1507 1785 1575 1839 μου,

265 1887 345 1958 αὑτός
368 1884 399 1945 δὲ
422 1886 436 1945 ό
459 1883 595 1961 δηλωθείς
618 1887 714 1957 σεπτός
729 1886 877 1965 Μαρτῖνος,
901 1885 948 1944 ἐὰν
971 1885 1040 1944 οὓτω
1063 1883 1109 1944 δὲν
1132 1885 1202 1966 θέλῃ
1225 1881 1406 1957 ἀναδέξασθαι
1428 1883 1484 1958 τἠν
1510 1904 1574 1943 τοι·

266 2008 355 2083 αἰτην·
368 2007 513 2084 ποσότητα,
537 2007 639 2083 μέλλει
662 2009 811 2087 στερεῖσθαι
831 2008 942 2083 ταύτην·
967 2009 1043 2067 τοῦτο
1067 2007 1098 2066 δὲ
1119 2009 1150 2067 τό
1169 2007 1280 2082 θέλημα
1301 2004 1347 2066 καί
1363 2000 1429 2090 [τόν]
1447 2006 1574 2084 ὁρισμόν

264 2135 313 2204 τῆς
341 2127 482 2205 βασιλείας
510 2149 561 2204 μου
588 2127 634 2188 καὶ
658 2119 856 2208 ἀποπλήρωσον
879 2129 1074 2208 ἀνυπερθέτως,
1105 2131 1168 2189 όσον
1191 2127 1334 2207 διορίζεταί
1355 2147 1395 2187 σοι
1416 2128 1448 2187 τό
1472 2129 1572 2208 πρόσ-

264 2271 367 2329 ταγμα,
397 2252 412 2309 δ
439 2248 486 2310 καί
513 2249 684 2330 ἀντίστρεψον
712 2249 756 2310 έπί
782 2249 821 2329 τῷ
846 2255 984 2330 προσεῖναι
1010 2258 1042 2334 τῇ
1067 2251 1222 2333 δηλωθείση
1251 2257 1320 2333 μονῇ
1348 2249 1393 2309 διὰ
1418 2251 1469 2326 τὴν
1503 2249 1572 2330 περὶ

266 2373 358 2431 τούτου
381 2370 579 2449 ἀνενοχλησίαν
603 2374 685 2448 αἰνῆς
706 2371 753 2433 καί
775 2373 926 2452 ἀσφάλειαν
948 2378 973 2449 †.

370 2488 981 2585 ἠΕἰχεκαίδι’ἐρυθρῶνγραμμσὶτων
996 2494 1424 2572 τῆςβαοιλικῆςκαίθείας
1439 2497 1571 2574 χειρός

266 2617 314 2674 τό
339 2617 504 2694 Στέφανος
527 2615 696 2696 βασιλεύς,
721 2619 931 2698 αὐτοκράτωρ
947 2617 1089 2697 Σερβίας
1111 2617 1166 2677 καὶ
1183 2617 1377 2696 Ῥωμανίας,
1402 2615 1479 2692 μηνί
1505 2617 1566 2676 δε-

267 2736 416 2814 κεμβρίω
439 2735 462 2795 θ’
486 2741 512 2812 †.

371 2866 514 2919 Ιοαιιιιὶόοε
530 2866 580 2918 Nr.
602 2867 626 2918 7.

567 3171 678 3236 ΧΧΠ.
704 3171 779 3236 Sine
803 3195 897 3255 ann0,
921 3171 950 3238 8.
974 3175 1092 3238 mensis
1115 3175 1252 3257 augusti.

271 3351 329 3406 Rex
345 3351 497 3424 Stephanus
514 3353 611 3406 Παίοσι
632 3355 709 3408 tertio
728 3355 822 3408 νοτιθίό
841 3356 873 3408 de
892 3356 1058 3410 restitutione
1077 3359 1141 3428 αρτι·
1154 3357 1222 3410 dicti
1237 3356 1394 3425 Μοιιοσμίόο
1409 3355 1446 3410 σθ
1465 3372 1559 3408 mona-

853 3461 971 3514 stem'um.

582 3660 782 3740 ίίρόσταγμα
806 3661 854 3733 εἰς
876 3663 933 3737 τὴν
956 3664 1054 3738 αότὴν
1077 3663 1238 3724 ὑπόθεσιν.

370 3833 582 3914 ἠΣυμπένθερε
608 3841 658 3910 της
681 3835 826 3910 βασιλείας
853 3857 913 3915 μου,
944 3838 1166 3916 πρωτοσπαθσίριε
1194 3841 1243 3917 κῦρ
1267 3837 1420 3916 Ἀνδρόνικε
1443 3838 1553 3896 Καντα-

267 3956 389 4029 κουζηνέ.
429 3955 672 4034 όθεοριλέστατος
697 3950 842 4029 ἐπίσκοπος
857 3959 962 4036 Ζιχνῶν
986 3958 1112 4039 ἀνέφερεν
1137 3957 1174 4030 εἰς
1196 3960 1243 4034 τὴν
1267 3959 1408 4033 βασιλείαν
1432 3979 1493 4035 μου,
1517 3959 1552 4026 ὡς

265 4077 283 4151 ἡ
307 4075 509 4137 ἀποκοθιοτᾶσα
536 4075 672 4154 σεβασμία
699 4079 768 4153 μονὴ
795 4081 813 4154 η
841 4077 881 4151 εἰς
904 4079 990 4154 όνομα
1011 4082 1151 4156 τιμωμένη
1173 4085 1219 4140 τοῦ
1241 4081 1328 4156 τιμίου
1353 4079 1463 4154 ἐνδόξου
1484 4101 1551 4159 προ-

266 4199 348 4278 ρήτου
373 4199 532 4278 Προδρόμου
554 4198 600 4260 καί
620 4201 769 4260 Βαπτιστοῡ
784 4201 910 4261 ’ίωσίννου
932 4199 979 4260 καί
1003 4201 1207 4278 ἐπικεκλημένη
1229 4207 1275 4261 τοῦ
1292 4203 1452 4274 Μενοικέως
1476 4205 1549 4278 ενερ-

265 4321 368 4398 γετηθη
392 4319 436 4380 διὰ
457 4321 663 4400 χρυσοβοόλλου
685 4327 730 4382 τοῦ
753 4322 831 4402 ἁγίου
854 4344 905 4398 μου
928 4324 1053 4384 αἰιθέντου
1075 4322 1121 4384 καί
1143 4323 1291 4405 βασιλέως,
1314 4328 1360 4384 τοῦ
1382 4328 1491 4386 πάππου
1505 4328 1549 4396 τῆς

267 4425 412 4516 βασιλείας
434 4461 486 4516 μου
511 4491 517 4503 .
543 4491 549 4504 .
574 4489 581 4504 .
605 4439 658 4528 [τό]
684 4443 745 4524 περὶ
775 4446 856 4520 αἰιτην
883 4446 931 4520 τὴν
955 4444 1124 4520 δηλωθεϊοαν
1148 4445 1182 4522 δὴ
1207 4447 1291 4525 μονὴν
1315 4446 1437 4528 ἀγρίδιον
1460 4449 1548 4508 Μονό-

266 4583 365 4638 σπητον
394 4563 595 4640 ὀνομαζόμενον
622 4565 693 4624 κατὰ
719 4567 767 4640 τὴν
794 4567 931 4643 ποσότητα
961 4568 1116 4648 Ι’κτερπίιρων
1140 4565 1178 4649 λ’,
1212 4571 1227 4628 ό
1254 4569 1287 4644 δὴ
1317 4570 1478 4646 ἀπεσπάσθη
1502 4571 1547 4648 πρό

265 4685 370 4765 χρόνων
400 4687 474 4765 παρὰ
500 4691 545 4746 τοῦ
573 4687 734 4761 δομεστίκου
757 4685 893 4768 Γεωργίου
919 4692 965 4748 τοῦ
988 4690 1143 4770 Στρατηγοῖι
1172 4691 1224 4750 ἀπό
1251 4697 1301 4768 τῆς
1329 4689 1483 4768 οἰκονομίας
1508 4696 1547 4750 τοῦ
