3194 5298
1278 383 1340 447 165

30 581 76 632 ττῡ
101 575 280 654 Σαραφιῖινος
306 575 352 634 καί
380 576 405 636 σί
432 581 479 636 τοῦ
506 575 679 651 δηλωθέντος
705 577 807 655 χωρίου
833 581 879 638 τοῦ
907 578 1052 655 Γαγκανέα
1078 581 1203 656 πάροικοι
1232 578 1340 638 ἐπισυν-

30 699 150 772 άγουσιν
178 697 232 756 ἀπο
254 702 301 756 τοῦ
323 700 404 756 τάπσυ
426 700 472 757 τοῦ
495 697 666 778 διαφέροντος
689 704 722 780 τη
746 698 812 779 αὺτῇ
835 701 973 780 ἁγιωτάτῃ
997 699 1141 780 ἐκκλησίᾳ.
1167 701 1228 759 ὅσον
1250 701 1341 774 μέντοι

28 820 233 894 πρινοκδκκισν
264 816 463 892 ἐπισυνάξουσιν
495 819 520 880 οἱ
549 825 662 880 τοιοῦτοι
688 823 814 899 πάροικοι
839 827 889 895 τῆς
916 821 1066 897 ἐκκλησίας
1094 821 1147 882 άτιδ
1175 820 1341 896 δημσοιακσῦ

29 941 128 1018 τὲπου,
157 941 265 1020 ὀφείλει
288 938 445 1014 ἐξωνεῖσθαι
467 945 543 1002 τοῦτο
566 943 581 999 ὁ
604 941 743 1016 δημόσιος.
767 941 840 1002 ταῦτ’
853 942 906 1021 ἀρα
927 939 974 1000 καὶ
994 948 1030 1024 ,τῇ
1053 939 1186 1025 ἐμφανείφι
1203 947 1250 1004 τσῦ
1268 965 1340 1023 παρ-

30 1063 112 1133 όντος
146 1061 360 1140 χρυσοβοθλλου
388 1063 473 1142 λόγου
500 1071 550 1140 τῆς
580 1062 723 1137 βασιλείας
750 1083 803 1139 μου
826 1067 944 1146 μενοῦσι,
975 1061 1022 1124 καὶ
1045 1065 1285 1146 διατηρηθήοονται
1307 1062 1341 1126 τὰ

28 1169 150 1242 τοιαῦτα
185 1186 291 1245 ἅπαντα
316 1189 443 1262 κτήματα
469 1185 516 1246 καί
543 1187 687 1268 αθτσθργισι
714 1193 763 1263 της
791 1186 985 1265 διαληφθείσης
1013 1187 1169 1264 ἁγιωτάτης
1192 1187 1341 1264 ἐκκλησίας

33 1305 245 1380 λίονεμβαοίας
273 1307 445 1386 ἀνενὸχλητα
472 1310 559 1386 πάντη
587 1306 634 1368 καί
662 1308 827 1388 ἀναφαίρετα
854 1307 925 1368 κατά
950 1310 1000 1384 τὴν
1027 1310 1113 1384 νομὴν
1140 1307 1186 1368 καί
1208 1313 1340 1390 κατοχήν,

31 1432 65 1501 ῆν
90 1428 252 1508 εὑρίσκεται
275 1432 442 1508 κεκτημένη,
466 1433 504 1503 ὡς
528 1430 694 1510 δεδήλωται,
718 1432 800 1510 μέχρι
822 1435 869 1490 τοῦ
890 1436 935 1490 νῦν
959 1431 1001 1490 ἐπ’
1015 1434 1114 1510 αὐτοῖς,
1138 1433 1176 1491 ἔτι
1199 1432 1231 1492 δέ
1246 1431 1340 1508 ἀπηλ-

33 1553 177 1630 λαγμένα
197 1573 228 1612 τε
251 1550 298 1612 καί
321 1547 444 1632 ἀνώτερα
467 1555 557 1628 πάσης
579 1551 626 1612 καί
648 1551 778 1624 παντοίας
801 1553 932 1633 ἐπηρείας
954 1551 1001 1612 καὶ
1024 1553 1180 1626 ἐπιθέσεως,
1219 1552 1265 1612 καί
1287 1553 1341 1633 γάρ

35 1672 129 1746 ουδεθς
155 1681 210 1734 τῶν
234 1676 359 1734 ἀπάντων
382 1675 485 1754 δφειλει
508 1675 619 1752 ἐπάγειν
644 1676 731 1746 αὺτοῖς
754 1674 909 1750 οίανδήτινα
931 1675 1022 1750 λίιμην
1039 1677 1056 1749 ἡ
1073 1676 1148 1747 ὅλως
1163 1676 1338 1756 κατατριβήν,

34 1794 96 1854 οὔτε
127 1797 190 1870 μὴν
218 1795 262 1855 ἐπὶ
289 1797 437 1876 διασεισμῷ
465 1793 512 1856 καὶ
539 1791 632 1878 ἀδικίᾳ
659 1794 709 1855 τινί
735 1797 896 1856 κατάθτῶν
924 1795 1085 1856 ἐπιτίθεσθαι
1111 1795 1159 1856 καί
1180 1817 1229 1857 τινι
1250 1799 1340 1877 τρίτῳ

37 1919 70 1976 δι’
84 1918 184 1996 ὄχλου
204 1919 339 1997 γίνεσθαι·
364 1917 423 1980 ἐπεὶ
445 1917 492 1979 καὶ
514 1925 568 1991 πᾶς
590 1920 605 1977 δ
627 1921 745 1979 τοιοῦτον
766 1939 790 1978 τι
813 1920 1043 1999 παραθησόμενος
1065 1919 1167 1992 τούτοις
1190 1919 1341 1999 ἐπαγαγεῖν

37 2041 287 2120 ἀτοπεμφθήσεται
320 2043 434 2117 πάμπαν
466 2038 513 2102 καὶ
544 2041 777 2116 ἀποσσβηθήσεται
806 2039 853 2100 καί
883 2037 1010 2112 καθάπαξ
1041 2036 1268 2120 ἀποτραπήοεται,
1302 2043 1341 2113 ὡς

38 2165 91 2242 ἀρα
121 2165 138 2221 δ
165 2164 258 2244 παρὼν
279 2161 487 2244 χρυοάβουλλος
514 2163 600 2242 λέγος
622 2170 671 2238 τῆς
694 2161 836 2235 βασιλείας
860 2183 910 2238 μου
933 2163 1115 2222 διατάττεται·
1150 2165 1181 2236 δς
1195 2160 1249 2226 ,καί
1272 2163 1337 2222 ἐπε-

39 2287 191 2364 χορηγηθη
213 2283 261 2344 καὶ
284 2284 473 2364 ἐπεβραβεθθη
496 2291 529 2366 τῇ
553 2285 619 2365 αὐτῇ
643 2285 780 2365 ἁγιωτάτῃ
804 2283 940 2366 ἐκκλησίᾳ
963 2283 1170 2365 Μονεμβατίας,
1194 2279 1341 2356 ἀπολυθεὶς

40 2408 126 2467 κατὰ
158 2413 245 2484 μῆνα
273 2404 394 2466 ίοθνιον
416 2413 475 2482 τῆς
503 2406 726 2481 ἐνισταμένης
750 2403 799 2470 ιδῗ.
826 2403 883 2466 ίνδ.
907 2411 962 2465 τοῦ
987 2403 1049 2487 ‘geo'
1079 2405 1214 2466 ἐννάτου
1237 2407 1342 2484 ἔτους,

43 2529 70 2588 ἐν
93 2525 118 2609 ᾧ
142 2527 192 2589 καί
213 2530 245 2589 το
267 2529 401 2609 ἡμέτερον
424 2527 537 2602 εθοεβές
559 2526 606 2587 καί
629 2527 831 2608 θεοπρδβλητον
854 2527 1045 2604 ὑπεσημήνατο
1067 2529 1168 2608 κράτος
1190 2533 1215 2605 †.

148 2656 166 2728 †
189 2649 410 2732 Ἀνδρόνικος,
435 2650 469 2710 ἐν
484 2647 613 2730 Χριστῷ
635 2648 679 2728 τῷ
701 2649 766 2730 θεῷ
788 2651 902 2721 πιοτδς
926 2649 1086 2724 βασιλεὺς
1107 2647 1164 2710 καὶ
1180 2651 1341 2729 αθτοκρά-

43 2794 105 2854 τωρ
129 2767 317 2853 Ῥωμαίων,
341 2773 469 2845 Δοθκας
491 2773 658 2852 Ἀγγελος
682 2774 857 2850 Κσμνηνδς
880 2775 895 2834 δ
918 2774 1160 2852 Παλαιολθγσς
1183 2778 1209 2850 †.

147 2903 232 2958 Ede'd.
251 2903 286 2956 E.
304 2902 400 2956 Miller
411 2904 444 2956 αἰι
462 2903 608 2974 θαίαίοριιε
623 2904 668 2958 dee
684 2903 755 2958 Mac.
771 2921 847 2974 ρνσοο
862 2903 894 2958 de
910 2904 939 2958 ία
954 2903 1127 2974 bibliotheque
1142 2904 1174 2957 ιίο
1189 2903 1343 2957 ίἘσοιινσάί

41 3023 70 3074 ρ.
89 3009 128 3061 61
135 3027 146 3074 ‚·
170 3007 336 3076 Zachariae,
354 3007 407 3062 τίκα
421 3025 671 3078 φαεσονσιιιακιιιιι
687 3009 745 3062 ΙΙΙ.
758 3026 789 3078 p.
811 3009 881 3062 617.

273 3223 333 3288 IV.
362 3223 587 3310 6825-1317,
611 3245 721 3289 mense
744 3223 921 3308 novembri,
945 3221 1010 3288 ind.
1035 3222 1111 3288 XV.

47 3363 215 3421 Andronicus
231 3364 273 3419 11.
287 3363 467 3436 Ραίοεσίσρυε
482 3363 623 3434 σσιιάτιιιαι
636 3365 829 3418 mercatorem
844 3364 964 3418 civitate}
978 3363 1181 3418 Μσιιοτιιθασίαο
1192 3363 1340 3434 privilegia

317 3475 342 3524 et
357 3470 533 3538 exemptiones
549 3487 567 3522 a
578 3469 832 3538 ρτασάεσσσοασάάυιι
847 3468 904 3522 suis
919 3485 1066 3522 σοιισοσσατ.

145 3636 162 3706 †
187 3627 266 3690 Ἰθπεί
289 3629 314 3690 σί
329 3627 570 3708 Μονεμβασιῶται,
598 3627 673 3686 οἵτε
696 3627 749 3688 ἀπδ
772 3633 821 3702 τῆς
843 3623 994 3687 θεοσώστου
1015 3627 1126 3698 πόλεως
1142 3625 1341 3702 Μονεμβσισίας

49 3751 90 3811 καί
111 3754 165 3814 ἀπδ
189 3758 243 3812 τῶν
260 3753 363 3832 Πηγῶν
386 3749 581 3832 εὑρισκόμενοι,
604 3749 651 3811 καί
672 3756 862 3823 κατοικοῦντες
885 3751 984 3832 ἀρτίως
999 3748 1039 3822 είς
1054 3769 1083 3806 τε
1098 3750 1146 3823 τἠν
1162 3744 1340 3820 θεσδδξαοτον

51 3873 91 3932 καί
113 3873 297 3956 θεοφθλακτον
319 3872 367 3934 καί
389 3875 608 3953 θεομεγάλυντσν
630 3873 926 3954 Κωνοταιτινσθπσλιν,
958 3870 1035 3932 ἀλλὰ
1058 3869 1091 3944 δὴ
1114 3868 1161 3929 καί
1184 3867 1225 3941 εἰς
1247 3865 1341 3942 σίλλοις

53 3997 140 4071 πόλεις
162 3995 210 4058 καί
233 3999 328 4077 χώρας
350 4001 400 4072 τῆς
423 3996 565 4071 βασιλείας
589 4017 649 4076 μου,
674 3993 739 4055 εἰσὶν
762 3996 977 4072 ἀποτεταγμένοι
1001 3993 1045 4054 διὰ
1064 3991 1278 4072 χρυσσβσθλλων
1293 3989 1340 4050 καὶ

52 4121 260 4198 προσταγμάτων
287 4124 341 4178 τῶν
368 4117 464 4199 ἁγίων,
496 4118 626 4193 ἀοιδίμων
654 4116 700 4178 καὶ
724 4118 866 4198 μακαρίων
889 4137 940 4192 μου
964 4116 1098 4175 αθθεντῶν
1121 4112 1167 4174 καί
1191 4113 1339 4192 βασιλέων,

54 4245 92 4300 τσθ
111 4265 141 4303 τε
162 4244 265 4322 πατρὸς
287 4240 334 4301 καὶ
356 4243 466 4301 πάππου
481 4239 528 4300 καί
543 4243 705 4321 προπάππου
719 4245 768 4316 τῆς
784 4239 927 4315 βασιλείας
944 4259 1004 4316 μου,
1027 4235 1072 4294 ἵνα
1087 4236 1128 4314 ἐφ’
1138 4227 1180 4306 αἰς
1195 4235 1229 4294 διν
1243 4239 1340 4294 ποιῶσι

56 4365 244 4442 πραγματείαις
267 4363 306 4436 είς
328 4365 375 4440 τὴν
399 4361 579 4436 θεσδάξαστον
594 4362 889 4440 Κωνσταντινοθπσλιν,
912 4361 960 4433 τὴν
976 4357 1163 4436 Σηλυμβρίαν,
1186 4357 1235 4431 τὴν
1252 4356 1339 4436 Ἡρα-

56 4485 150 4563 κλείαν,
179 4490 209 4548 τ“ο
234 4485 434 4567 Ῥσιδεστὲν1),
464 4487 512 4564 τὴν
536 4485 746 4548 Καλλισὺπσλιν
768 4481 885 4560 καὶτὰς
909 4481 1001 4552 άλλας
1024 4485 1072 4558 τῆς
1096 4475 1271 4554 Μακεδονίας
1294 4475 1341 4538 καὶ

59 4645 251 4658 ——n—-a-—n

152 4753 173 4822 η
192 4749 308 4806 νάιοι
327 4751 407 4806 τοι.
