3486 5282
305 351 370 416 214

304 566 334 606 τε
363 545 418 622 ἤδη
445 547 528 606 όντων
557 547 700 622 ἀμπελίων
727 569 757 608 τε
783 547 829 610 καί
856 551 951 626 κήπων
981 549 1175 633 (μπαχσέδων)
1201 550 1249 612 καί
1275 559 1328 614 τῶν
1352 552 1488 614 είοέπειτα
1507 575 1593 634 προσ-
1666 541 1667 592 ί

305 669 525 748 κτηθησομένων,
548 669 658 751 ὑπάρχῃ
681 671 733 731 ἀπό
755 675 801 732 τοῦ
823 676 868 732 νῦν
891 671 937 734 καί
961 671 1000 742 είς
1021 674 1052 733 τό
1075 670 1140 750 ἑξῆς
1162 675 1211 735 ὑπό
1233 677 1282 750 τὴν
1306 675 1444 752 ἐπίσκεψιν
1464 675 1510 736 καὶ
1524 698 1593 757 προ·
1666 701 1667 766 γ

306 789 414 850 στασίαν
443 796 496 851 τῶν
525 792 677 852 ὁσιωτάτων
705 795 828 874 πατέρων
855 798 901 854 τοιῖ
929 794 1001 875 ἱεροῦ
1028 795 1206 876 μοναστηρίου
1228 801 1274 856 τοῦ
1297 797 1433 877 Μεγάλου
1456 799 1595 874 Σπηλαίου
1666 789 1667 848 ί

306 909 352 972 καί
382 913 499 992 λέγηται
528 911 576 973 καὶ
605 912 767 996 γνωρίζηται
797 917 925 994 μετόχισν
957 917 1070 998 ἐκείνου,
1102 920 1289 994 συνηνωμένον
1315 916 1362 979 καὶ
1382 921 1595 1000 προσηλωμένον

305 1032 353 1093 καί
375 1033 560 1115 ἀφιερωμένων
580 1035 686 1117 ἐκείνῳ,
710 1037 909 1114 δεσποζόμενον
925 1037 971 1098 καί
987 1039 1239 1121 διακυβερνιίιμενον
1254 1041 1329 1122 παρὰ
1342 1045 1388 1101 τοῦ
1403 1041 1474 1102 κατὰ
1488 1041 1596 1122 καιροὺς

307 1157 422 1218 ἐνταῦθα
444 1155 483 1230 εἰς
506 1156 702 1230 βασιλεύουσαν
723 1160 771 1235 τὴν
795 1160 935 1240 διατριβὴν
956 1163 1117 1236 ποιουμένου
1139 1163 1292 1241 ἡγουμένου
1307 1167 1353 1224 τοῦ
1368 1165 1505 1242 Μεγάλου
1520 1165 1596 1240 Σπη-

306 1279 386 1340 λαῖου
413 1277 459 1340 καί
485 1285 538 1339 τῶν
567 1281 595 1340 ἐν
618 1281 690 1361 αυτῷ
711 1285 846 1364 πατέρων,
874 1283 1030 1362 όφείλοντος
1052 1282 1098 1344 καί
1120 1287 1402 1366 προθυμοποιουμένου
1424 1287 1597 1363 ἀντιλαμβά-

307 1399 399 1461 νεσθαί
421 1423 451 1461 τε
474 1403 564 1462 τούτου
587 1403 752 1483 ἀμφοτέραις
773 1403 852 1486 χερσί
866 1404 913 1464 καί
928 1407 1024 1488 ζεούσῃ
1039 1407 1174 1490 προθυμίᾳ
1188 1407 1333 1487 φροντίζειν
1349 1407 1382 1468 τά
1396 1409 1465 1489 πρός
1478 1409 1597 1469 καλλω-

308 1646 463 1724 όφείκοντος
495 1646 609 1726 διδόναι,
641 1645 664 1708 εί
694 1648 733 1724 μὴ
763 1647 802 1727 τῷ
830 1649 901 1708 κατά
929 1650 1010 1710 τόπον
1039 1647 1161 1730 ἀρχιερεῖ
1187 1649 1234 1711 καί
1256 1654 1390 1734 κυριοῖρχῃ
1412 1651 1473 1712 καθ’
1487 1655 1598 1712 ἕκαστον

308 1769 369 1841 ἔτος
385 1766 485 1841 δεκαέξ
500 1771 597 1850 γρόσια
612 1770 691 1850 λόγῳ
708 1770 867 1852 ἐνοριαρκῆς
883 1773 1031 1853 ὑποταγῆς,
1052 1773 1188 1854 ἱερωτάτην
1205 1774 1391 1858 μητροπολίτη
1407 1773 1599 1850 Χαλκηδόνος,

309 1890 444 1971 ὑπερτίμῳ
472 1889 518 1950 καὶ
546 1889 656 1972 ἐξάρχω
683 1895 772 1969 πάσης
794 1893 928 1974 Βιθυνίας,
960 1894 988 1953 ἐν
1011 1895 1081 1975 άγίῳ
1108 1896 1239 1971 πνεύματι
1262 1895 1396 1975 ἀγαπητῷ
1419 1895 1531 1974 ἀδελφῷ
1556 1893 1600 1955 καί

309 2011 512 2094 συλλειτουργῷ
541 2019 591 2090 τῆς
617 2015 696 2088 ἡμῶν
725 2017 891 2096 μεριόιητος,
922 2017 1003 2096 κυρίῳ
1028 2016 1180 2096 Παρθενίῳ,
1211 2019 1449 2093 μνημονευομένου
1478 2019 1506 2078 ἐν
1529 2016 1600 2094 αῖντῷ

308 2139 354 2194 τοῦ
376 2137 566 2216 ἀρχιερατικοῦ
589 2137 668 2196 αὺτοῦ
691 2136 824 2214 όνόμοιτος
847 2138 876 2197 έν
898 2141 996 2210 πάσαις
1019 2142 1077 2212 ταῖς
1101 2137 1185 2220 ἱεραῖς
1206 2140 1333 2212 τελεταῖς
1355 2137 1402 2199 καί
1418 2137 1600 2216 ἀκολουθίαις,

309 2259 347 2328 ὡς
377 2257 447 2317 κατὰ
473 2258 553 2316 τόπον
575 2259 779 2337 προϊοταμένου.
826 2255 963 2336 ὀφείλουσι
985 2261 1016 2320 δὲ
1040 2259 1065 2320 οί
1088 2259 1216 2350 ῥηθέντες
1238 2260 1402 2340 μαγίστορες
1424 2257 1481 2344 [τοῦ
1503 2261 1600 2340 ῥουφε-

310 2374 377 2462 τίου]
399 2385 452 2439 τῶν
476 2380 609 2454 καπήλων
634 2379 736 2438 διδόναι
758 2381 819 2440 κατ’
833 2381 893 2452 ἔτος
916 2381 981 2461 ὑπὲρ
1004 2383 1174 2458 μνημοσόνου
1195 2381 1241 2442 καὶ
1265 2387 1383 2462 ψυχικῆς
1406 2383 1494 2442 αίντῶν
1510 2403 1600 2458 σωτη-

310 2501 369 2580 ρίας
398 2503 511 2560 ἕκαστον
539 2502 623 2582 μέρος
647 2499 800 2584 (σέμπτιον)
830 2502 862 2562 ἐκ
883 2509 936 2562 τῶν
959 2509 1038 2582 τριῶν
1062 2503 1115 2564 ἀνὰ
1138 2505 1233 2565 ἑκατόν
1256 2508 1362 2584 γρόσιοι,
1395 2503 1601 2580 συμποσοθμενα
1666 2507 1667 2516 ’

306 1525 404 1599 πισμόν
426 1523 473 1586 καὶ
496 1527 616 1586 σέστασιν
639 1524 686 1586 καὶ
709 1524 752 1586 ἐπὶ
774 1526 808 1588 τὰ
830 1529 920 1606 πρόσω
937 1525 1047 1603 αὔξησιν
1062 1527 1109 1588 καῖ
1125 1529 1267 1604 βελτίωσιν
1286 1531 1375 1610 αῖιτοΰ,
1400 1529 1497 1606 μηδενὶ
1512 1531 1598 1606 μηδὲν

1666 1937 1667 1982 ί

1666 1985 1667 2010 ί

1666 2585 1667 2626 ι

1666 2727 1667 2750 ί

263 2649 266 2655 ·
309 2623 343 2684 τά
371 2625 458 2683 πάντα
486 2621 526 2696 είς
547 2626 687 2702 τριακόσια
708 2625 814 2704 γρόσια.
854 2623 900 2684 καί
923 2625 958 2700 δὴ
984 2625 1167 2706 διατρίβοντος
1188 2626 1242 2702 ἤδη
1266 2627 1295 2686 ἐν
1318 2627 1600 2687 Κωνστοιντινουπόλει
1666 2627 1667 2632 ’

310 2744 355 2804 καὶ
379 2745 456 2818 ὄντος
477 2747 629 2824 ἡγουμένου
651 2750 697 2804 τοῦ
719 2747 847 2826 ῥηθέντος
870 2748 1048 2828 μοναστηρίου
1067 2753 1113 2808 τοῦ
1130 2748 1265 2826 Μεγάλου
1280 2745 1433 2828 Σπηλαίου,
1458 2751 1503 2808 τοῦ
1518 2749 1600 2808 όσιω-

310 2870 390 2928 τάτου
422 2868 450 2926 ἐν
481 2867 673 2946 ίερομονάχοις
702 2867 792 2946 κυρίου
815 2868 1016 2949 Βηοσαρίωνος,
1047 2869 1210 2950 παρέδωκαν
1243 2869 1267 2930 σί
1291 2871 1419 2949 ῥηθέντες
1442 2869 1601 2949 μαγίστορες

310 2993 378 3072 πρός
408 2991 486 3050 αίιτδν
516 2991 585 3050 τοῦτ’
604 2989 667 3049 αθτό
697 2991 727 3049 τό
759 2993 947 3070 μοναστάριον,
978 2993 1050 3068 όστις
1081 2991 1127 3052 καὶ
1157 2992 1290 3070 ὑπέσχετο
1313 2989 1459 3071 φροντίζειν
1481 2991 1516 3051 τά
1538 2992 1601 3072 πρός

311 3115 442 3186 σθσταοιν,
474 3110 583 3190 αὔξησίν
610 3111 709 3174 τεκαὶ
732 3113 875 3189 βελτίωσιν
899 3117 977 3176 αὐτοῦ
1000 3115 1048 3176 καί
1069 3115 1103 3174 τὰ
1124 3117 1191 3196 πρός
1213 3115 1414 3189 καλλωπισμόν
1437 3113 1485 3176 καί
1508 3115 1599 3194 εῖπρέ-

310 3257 390 3296 πειαν
412 3236 483 3296 κατὰ
504 3237 553 3310 τὴν
577 3236 688 3296 ἐνοῦσαν
705 3236 747 3296 ἐπ’
758 3235 830 3316 αὐτῷ
844 3237 929 3315 τούτῳ
945 3237 1113 3313 ἐπιμέλειαν.
1137 3237 1234 3317 χρείας
1247 3257 1277 3296 τε
1292 3239 1445 3315 γενομένης
1463 3237 1601 3308 ἐπισκευῆς

312 3357 358 3418 καὶ
381 3358 547 3438 ἀπαρτισμοῖ
574 3358 647 3436 έχειν
671 3359 750 3418 αίιτόν
772 3361 864 3418 τοῦτον
886 3360 932 3418 τόν
953 3361 1106 3438 ἡγούμενον
1128 3359 1176 3434 τὴν
1199 3358 1325 3439 φροντίδα
1345 3357 1407 3438 περὶ
1429 3361 1537 3418 πάντων
1552 3365 1600 3418 τῶν
1666 3389 1667 3424 3

312 3481 504 3557 γενησομένων
526 3475 628 3551 ἐξόδων
643 3477 691 3538 καὶ
707 3479 917 3558 δαπανημάτων,
942 3480 1059 3556 μηδενός
1076 3481 1168 3559 ἑτέρου
1184 3480 1332 3562 ἱερωμένου
1346 3484 1365 3554 ἢ
1380 3481 1479 3540 λαῖκοῦ
1496 3481 1602 3558 ἔχοντος

313 3599 353 3672 είς
375 3602 405 3660 τό
429 3597 493 3676 ἑξῆς
516 3605 638 3679 μετοχήν
660 3621 719 3661 τινα
740 3605 758 3676 ἡ
782 3598 904 3674 ἐξουσίαν
928 3601 967 3673 εἰς
987 3603 1050 3662 αὺτό
1066 3603 1096 3662 τό
1112 3605 1300 3682 μοναοτρριον,
1325 3600 1348 3662 εί
1365 3603 1404 3676 μὴ
1420 3604 1503 3676 μόνον
1521 3603 1601 3660 αὐτιῖν

312 3731 365 3784 τῶν
388 3727 512 3804 πατέρων
534 3729 580 3783 τοῦ
602 3723 675 3803 ἱεροῦ
698 3725 875 3804 μοναστηρίου
897 3729 943 3786 τοῦ
959 3725 1094 3804 Μεγάλου
1110 3724 1261 3801 Σπηλαίου,
1284 3725 1323 3795 ὡς
1345 3725 1545 3803 γνωριζόμενον
1560 3719 1602 3782 καί
1666 3727 1667 3766 f

313 3847 465 3926 λεγόμενον
493 3847 620 3928 μετέχων
648 3848 728 3908 αὐτοῡ
754 3844 801 3906 καὶ
827 3853 920 3922 κτῆμα
941 3847 1009 3906 ἴδιον
1031 3845 1077 3906 καὶ
1099 3851 1214 3925 πρᾶγμα
1236 3845 1412 3926 ἀναφαίρετον
1434 3845 1482 3905 καί
1503 3846 1602 3906 ἀνατέ-

313 3987 439 4028 σπαστον,
471 3969 604 4046 ὑπέσχετο
628 3967 659 4028 δὲ
682 3970 696 4027 ό
719 3967 878 4048 διαληφθεὶς
900 3973 944 4029 νῦν
967 3969 1119 4047 ἡγούμενος
1141 3967 1187 4027 καὶ
1209 3971 1295 4048 τοῦτο,
1320 3968 1369 4048 ότι,
1394 3967 1442 4026 έάν
1464 3987 1531 4028 ποτε
1554 3967 1602 4044 ίδίᾳ

313 4094 411 4174 γνώμη
441 4089 488 4150 καί
517 4091 671 4171 προαιρέσει
701 4089 747 4150 καί
770 4091 978 4169 συγκατανείσει
1000 4097 1053 4150 τῶν
1076 4091 1228 4150 ὁσιωτάτων
1250 4091 1373 4169 ποτέρων
1397 4093 1442 4150 τοό
1466 4088 1602 4168 εἰρημένου

314 4214 493 4293 μοναστηρίου
514 4218 560 4273 τοῦ
584 4214 720 4292 Μεγάλου
736 4212 876 4289 Σπηλαίου
897 4213 1050 4292 παραιτηθῄ
1066 4217 1114 4287 τῆς
1130 4211 1299 4288 ἐπισκέψεως
1314 4209 1360 4271 καί
1376 4209 1515 4292 φροντίδος
1531 4211 1602 4270 αὺτοῦ

313 4341 359 4396 τοῦ
387 4335 565 4415 μοναστηρίου
591 4340 638 4396 τοῖν
661 4335 738 4424 ἁγίου
762 4337 781 4394 Γ
783 4334 908 4416 εωργίου,
930 4339 949 4410 ἢ
973 4337 1052 4408 αὐτός
1074 4338 1092 4410 ἢ
1115 4335 1129 4393 ό
1151 4334 1223 4394 κατὰ
1244 4335 1354 4413 καιροὺς
1376 4335 1539 4412 ἡγούμενος,
1569 4333 1601 4408 μὴ

314 4459 389 4538 ἔχειν
413 4459 507 4529 αθτοίις
530 4456 652 4531 ἐξουσίαν
675 4458 778 4520 διδόναι
800 4460 830 4518 τό
854 4457 934 4538 ῥηθὲν
958 4459 1135 4538 μοναστήριον
1159 4456 1240 4536 ἀλλῳ
1255 4454 1337 4531 τινὶῆ
1355 4455 1471 4536 έσνοιφίῳ
1487 4459 1505 4532 η
1521 4475 1602 4530 μονα-

301 4581 422 4662 ὀτηρίῳ,
447 4579 470 4640 εἰ
494 4583 532 4656 μη
557 4582 638 4656 μόνον
660 4583 716 4652 τοῖς
740 4579 841 4660 ῥηθεῖσι
865 4579 1023 4658 μαγίετορσι
1046 4582 1089 4640 τοῦ
1110 4577 1245 4660 ῥουφετίου
1262 4583 1313 4638 τῶν
1329 4578 1474 4658 καπήλων,
1498 4576 1561 4658 παρ’
1570 4571 1602 4636 ίιν

315 4703 418 4778 ὲλαρον
441 4708 527 4764 τοῦτο.
553 4703 663 4763 ἐπειδὰν
686 4702 769 4762 δὲέν
792 4705 915 4783 στερήσει
937 4701 1088 4780 ἡγουμένου
1111 4702 1232 4778 γένηται,
1257 4701 1364 4778 ἔχουσιν
1387 4699 1412 4758 οἱ
1433 4701 1550 4781 πατέρες
1564 4700 1602 4758 τοῦ
