<?xml version="1.0" encoding="UTF-8"?>
<!DOCTYPE html PUBLIC "-//W3C//DTD XHTML 1.0 Transitional//EN"
    "http://www.w3.org/TR/xhtml1/DTD/xhtml1-transitional.dtd">
<html xmlns="http://www.w3.org/1999/xhtml" xml:lang="en" lang="en">
 <head>
  <title>
</title>
<meta http-equiv="Content-Type" content="text/html;charset=utf-8" />
  <meta name='ocr-system' content='tesseract 3.04.00' />
  <meta name='ocr-capabilities' content='ocr_page ocr_carea ocr_par ocr_line ocrx_word'/>
</head>
<body>
  <div class='ocr_page' id='page_1' title='image "./actaetdiplomata00miklgoog_0463.png"; bbox 0 0 3240 5286; ppageno 0'>
   <div class='ocr_carea' id='block_1_1' title="bbox 254 303 318 372">
    <p class='ocr_par' dir='ltr' id='par_1_1' title="bbox 254 303 318 372">
     <span class='ocr_line' id='line_1_1' title="bbox 254 303 318 372; baseline 0.031 -2"><span class='ocrx_word' id='word_1_1' title='bbox 254 303 318 372; x_wconf 79' lang='lat'>290</span> 
     </span>
    </p>
   </div>
   <div class='ocr_carea' id='block_1_2' title="bbox 203 499 1593 4475">
    <p class='ocr_par' dir='ltr' id='par_1_2' title="bbox 203 499 1593 4472">
     <span class='ocr_line' id='line_1_2' title="bbox 255 499 1539 581; baseline 0.001 -22"><span class='ocrx_word' id='word_1_2' title='bbox 255 502 370 576; x_wconf 77' lang='grc' dir='ltr'>λήψεως</span> <span class='ocrx_word' id='word_1_3' title='bbox 384 499 432 560; x_wconf 86' lang='grc' dir='ltr'>καὶ</span> <span class='ocrx_word' id='word_1_4' title='bbox 448 500 550 575; x_wconf 82' lang='grc' dir='ltr'>ἀμέσου</span> <span class='ocrx_word' id='word_1_5' title='bbox 569 499 735 580; x_wconf 77' lang='grc' dir='ltr'>προστασίας</span> <span class='ocrx_word' id='word_1_6' title='bbox 751 501 838 561; x_wconf 83' lang='grc' dir='ltr'>αάτῶν</span> <span class='ocrx_word' id='word_1_7' title='bbox 852 500 926 581; x_wconf 90' lang='grc' dir='ltr'>παρά</span> <span class='ocrx_word' id='word_1_8' title='bbox 942 505 991 576; x_wconf 85' lang='grc' dir='ltr'>τῆς</span> <span class='ocrx_word' id='word_1_9' title='bbox 1006 500 1068 561; x_wconf 88' lang='grc' dir='ltr'>καθ’</span> <span class='ocrx_word' id='word_1_10' title='bbox 1078 503 1153 576; x_wconf 85' lang='grc' dir='ltr'>ήμάς</span> <span class='ocrx_word' id='word_1_11' title='bbox 1167 506 1214 560; x_wconf 83' lang='grc' dir='ltr'>τοῦ</span> <span class='ocrx_word' id='word_1_12' title='bbox 1229 500 1345 580; x_wconf 80' lang='grc' dir='ltr'>Χριστοά</span> <span class='ocrx_word' id='word_1_13' title='bbox 1360 499 1486 580; x_wconf 77' lang='grc' dir='ltr'>μεγάλης</span> <span class='ocrx_word' id='word_1_14' title='bbox 1499 501 1539 560; x_wconf 87' lang='grc' dir='ltr'>ἐκ·</span> 
     </span>
     <span class='ocr_line' id='line_1_3' title="bbox 254 620 1540 702; baseline -0.001 -22"><span class='ocrx_word' id='word_1_15' title='bbox 254 621 382 702; x_wconf 90' lang='grc' dir='ltr'>κληοίας,</span> <span class='ocrx_word' id='word_1_16' title='bbox 407 622 583 694; x_wconf 85' lang='grc' dir='ltr'>ἀνανεοῦντες</span> <span class='ocrx_word' id='word_1_17' title='bbox 605 621 639 682; x_wconf 89' lang='grc' dir='ltr'>τά</span> <span class='ocrx_word' id='word_1_18' title='bbox 661 623 818 700; x_wconf 78' lang='grc' dir='ltr'><strong>παλαιγενῆ</strong></span> <span class='ocrx_word' id='word_1_19' title='bbox 841 621 1025 702; x_wconf 85' lang='grc' dir='ltr'>πατριαρχικά</span> <span class='ocrx_word' id='word_1_20' title='bbox 1046 620 1093 681; x_wconf 89' lang='grc' dir='ltr'>καὶ</span> <span class='ocrx_word' id='word_1_21' title='bbox 1109 621 1237 682; x_wconf 78' lang='grc' dir='ltr'>σονοδικά</span> <span class='ocrx_word' id='word_1_22' title='bbox 1252 623 1339 682; x_wconf 82' lang='grc' dir='ltr'>αἰιτῶν</span> <span class='ocrx_word' id='word_1_23' title='bbox 1356 621 1478 700; x_wconf 85' lang='grc' dir='ltr'>σιγιλλισι</span> <span class='ocrx_word' id='word_1_24' title='bbox 1492 621 1540 681; x_wconf 81' lang='grc' dir='ltr'>ἐω-</span> 
     </span>
     <span class='ocr_line' id='line_1_4' title="bbox 256 741 1539 824; baseline 0 -24"><span class='ocrx_word' id='word_1_25' title='bbox 256 745 330 824; x_wconf 88' lang='grc' dir='ltr'>φεάν,</span> <span class='ocrx_word' id='word_1_26' title='bbox 353 741 400 802; x_wconf 86' lang='grc' dir='ltr'>καί</span> <span class='ocrx_word' id='word_1_27' title='bbox 417 742 603 823; x_wconf 82' lang='grc' dir='ltr'>ἐπικυροῦντες</span> <span class='ocrx_word' id='word_1_28' title='bbox 626 741 700 815; x_wconf 81' lang='grc' dir='ltr'>ἅπαξ</span> <span class='ocrx_word' id='word_1_29' title='bbox 722 744 756 802; x_wconf 82' lang='grc' dir='ltr'>τά</span> <span class='ocrx_word' id='word_1_30' title='bbox 779 743 1002 824; x_wconf 87' lang='grc' dir='ltr'>σταυροπηγιακά</span> <span class='ocrx_word' id='word_1_31' title='bbox 1025 744 1111 803; x_wconf 81' lang='grc' dir='ltr'>αὺτῶν</span> <span class='ocrx_word' id='word_1_32' title='bbox 1134 747 1267 824; x_wconf 80' lang='grc' dir='ltr'>προνόμιοι</span> <span class='ocrx_word' id='word_1_33' title='bbox 1290 741 1330 815; x_wconf 87' lang='grc' dir='ltr'>είς</span> <span class='ocrx_word' id='word_1_34' title='bbox 1353 743 1464 818; x_wconf 77' lang='grc' dir='ltr'>διηνεκῆ</span> <span class='ocrx_word' id='word_1_35' title='bbox 1486 763 1539 802; x_wconf 82' lang='grc' dir='ltr'>σιν-</span> 
     </span>
     <span class='ocr_line' id='line_1_5' title="bbox 254 862 1540 945; baseline -0.002 -21"><span class='ocrx_word' id='word_1_36' title='bbox 254 865 366 943; x_wconf 80' lang='grc' dir='ltr'>τήρησιν</span> <span class='ocrx_word' id='word_1_37' title='bbox 389 867 476 925; x_wconf 75' lang='grc' dir='ltr'>αὑτῶν</span> <span class='ocrx_word' id='word_1_38' title='bbox 492 863 539 924; x_wconf 86' lang='grc' dir='ltr'>καὶ</span> <span class='ocrx_word' id='word_1_39' title='bbox 556 865 715 945; x_wconf 90' lang='grc' dir='ltr'>ἀσφάλειαν,</span> <span class='ocrx_word' id='word_1_40' title='bbox 741 865 779 941; x_wconf 84' lang='grc' dir='ltr'>μή</span> <span class='ocrx_word' id='word_1_41' title='bbox 804 864 923 941; x_wconf 89' lang='grc' dir='ltr'>δεόμενά</span> <span class='ocrx_word' id='word_1_42' title='bbox 946 885 1012 926; x_wconf 88' lang='grc' dir='ltr'>ποτε</span> <span class='ocrx_word' id='word_1_43' title='bbox 1036 864 1215 936; x_wconf 78' lang='grc' dir='ltr'>ἀνανεώσεως</span> <span class='ocrx_word' id='word_1_44' title='bbox 1230 862 1277 924; x_wconf 89' lang='grc' dir='ltr'>καὶ</span> <span class='ocrx_word' id='word_1_45' title='bbox 1294 863 1488 944; x_wconf 78' lang='grc' dir='ltr'>ἐπικυρώσεως,</span> <span class='ocrx_word' id='word_1_46' title='bbox 1509 865 1540 934; x_wconf 85' lang='grc' dir='ltr'>ώς</span> 
     </span>
     <span class='ocr_line' id='line_1_6' title="bbox 254 983 1540 1074; baseline -0.003 -28"><span class='ocrx_word' id='word_1_47' title='bbox 254 984 301 1046; x_wconf 87' lang='grc' dir='ltr'>καὶ</span> <span class='ocrx_word' id='word_1_48' title='bbox 323 983 384 1066; x_wconf 90' lang='grc' dir='ltr'>περὶ</span> <span class='ocrx_word' id='word_1_49' title='bbox 406 991 452 1046; x_wconf 83' lang='grc' dir='ltr'>τοῦ</span> <span class='ocrx_word' id='word_1_50' title='bbox 475 986 505 1046; x_wconf 92' lang='grc' dir='ltr'>ἐν</span> <span class='ocrx_word' id='word_1_51' title='bbox 527 992 560 1068; x_wconf 82' lang='grc' dir='ltr'>τῇ</span> <span class='ocrx_word' id='word_1_52' title='bbox 582 988 655 1066; x_wconf 88' lang='grc' dir='ltr'>νήσῳ</span> <span class='ocrx_word' id='word_1_53' title='bbox 672 987 754 1068; x_wconf 88' lang='grc' dir='ltr'>Πόρῳ</span> <span class='ocrx_word' id='word_1_54' title='bbox 777 993 826 1062; x_wconf 85' lang='grc' dir='ltr'>τής</span> <span class='ocrx_word' id='word_1_55' title='bbox 851 983 984 1066; x_wconf 78' lang='grc' dir='ltr'>ἐπαρχίας</span> <span class='ocrx_word' id='word_1_56' title='bbox 1000 984 1113 1064; x_wconf 79' lang='grc' dir='ltr'>Αἰγίνης</span> <span class='ocrx_word' id='word_1_57' title='bbox 1134 985 1208 1074; x_wconf 75' lang='grc' dir='ltr'>ἱερόν</span> <span class='ocrx_word' id='word_1_58' title='bbox 1230 984 1277 1046; x_wconf 83' lang='grc' dir='ltr'>καὶ</span> <span class='ocrx_word' id='word_1_59' title='bbox 1299 987 1446 1062; x_wconf 78' lang='grc' dir='ltr'>σεβάσμιον</span> <span class='ocrx_word' id='word_1_60' title='bbox 1462 1005 1540 1062; x_wconf 82' lang='grc' dir='ltr'>μονα-</span> 
     </span>
     <span class='ocr_line' id='line_1_7' title="bbox 255 1107 1541 1188; baseline -0.003 -20"><span class='ocrx_word' id='word_1_61' title='bbox 255 1109 361 1186; x_wconf 91' lang='grc' dir='ltr'>στήριον</span> <span class='ocrx_word' id='word_1_62' title='bbox 384 1113 432 1183; x_wconf 82' lang='grc' dir='ltr'>τῆς</span> <span class='ocrx_word' id='word_1_63' title='bbox 454 1108 602 1186; x_wconf 89' lang='grc' dir='ltr'>Ζωοδόχου</span> <span class='ocrx_word' id='word_1_64' title='bbox 626 1109 737 1186; x_wconf 82' lang='grc' dir='ltr'>ΙΙηγής·</span> <span class='ocrx_word' id='word_1_65' title='bbox 769 1107 927 1187; x_wconf 86' lang='grc' dir='ltr'>ἐνεφανίσθη</span> <span class='ocrx_word' id='word_1_66' title='bbox 950 1107 1005 1186; x_wconf 88' lang='grc' dir='ltr'>γάρ</span> <span class='ocrx_word' id='word_1_67' title='bbox 1028 1107 1082 1183; x_wconf 88' lang='grc' dir='ltr'>ήδη</span> <span class='ocrx_word' id='word_1_68' title='bbox 1105 1109 1170 1183; x_wconf 88' lang='grc' dir='ltr'>ήμϊν</span> <span class='ocrx_word' id='word_1_69' title='bbox 1200 1109 1395 1188; x_wconf 78' lang='grc' dir='ltr'>πατριοῳχικάν</span> <span class='ocrx_word' id='word_1_70' title='bbox 1417 1107 1541 1167; x_wconf 78' lang='grc' dir='ltr'>συνοδυιάι</span> 
     </span>
     <span class='ocr_line' id='line_1_8' title="bbox 255 1227 1540 1310; baseline -0.002 -21"><span class='ocrx_word' id='word_1_71' title='bbox 255 1228 434 1306; x_wconf 88' lang='grc' dir='ltr'>σιγιλλιῶδες</span> <span class='ocrx_word' id='word_1_72' title='bbox 455 1232 572 1309; x_wconf 89' lang='grc' dir='ltr'>γράμμα</span> <span class='ocrx_word' id='word_1_73' title='bbox 594 1232 641 1290; x_wconf 79' lang='grc' dir='ltr'>τοῦ</span> <span class='ocrx_word' id='word_1_74' title='bbox 663 1227 787 1306; x_wconf 76' lang='grc' dir='ltr'>ἀοιδίμου</span> <span class='ocrx_word' id='word_1_75' title='bbox 811 1231 839 1289; x_wconf 85' lang='grc' dir='ltr'>ἐν</span> <span class='ocrx_word' id='word_1_76' title='bbox 862 1231 1043 1310; x_wconf 89' lang='grc' dir='ltr'>πατριάρχαις</span> <span class='ocrx_word' id='word_1_77' title='bbox 1063 1227 1184 1307; x_wconf 88' lang='grc' dir='ltr'>Παϊσίου,</span> <span class='ocrx_word' id='word_1_78' title='bbox 1210 1228 1373 1308; x_wconf 87' lang='grc' dir='ltr'>δηλωτικόν,</span> <span class='ocrx_word' id='word_1_79' title='bbox 1397 1229 1435 1290; x_wconf 85' lang='grc' dir='ltr'>ότι</span> <span class='ocrx_word' id='word_1_80' title='bbox 1454 1229 1469 1288; x_wconf 88' lang='grc' dir='ltr'>ό</span> <span class='ocrx_word' id='word_1_81' title='bbox 1488 1231 1540 1288; x_wconf 86' lang='grc' dir='ltr'>τότε</span> 
     </span>
     <span class='ocr_line' id='line_1_9' title="bbox 256 1349 1541 1436; baseline -0.004 -25"><span class='ocrx_word' id='word_1_82' title='bbox 256 1349 458 1430; x_wconf 85' lang='grc' dir='ltr'>μητροπολίτης</span> <span class='ocrx_word' id='word_1_83' title='bbox 474 1351 594 1436; x_wconf 81' lang='grc' dir='ltr'>Ἀθηνῶν</span> <span class='ocrx_word' id='word_1_84' title='bbox 611 1350 746 1425; x_wconf 79' lang='grc' dir='ltr'>Ἰάκωβος</span> <span class='ocrx_word' id='word_1_85' title='bbox 767 1350 839 1411; x_wconf 86' lang='grc' dir='ltr'>νατά</span> <span class='ocrx_word' id='word_1_86' title='bbox 860 1351 908 1426; x_wconf 81' lang='grc' dir='ltr'>τήν</span> <span class='ocrx_word' id='word_1_87' title='bbox 931 1350 1083 1429; x_wconf 76' lang='grc' dir='ltr'>ἀκρώρειαν</span> <span class='ocrx_word' id='word_1_88' title='bbox 1105 1355 1155 1424; x_wconf 80' lang='grc' dir='ltr'>τῆς</span> <span class='ocrx_word' id='word_1_89' title='bbox 1177 1351 1260 1425; x_wconf 89' lang='grc' dir='ltr'>νήσου</span> <span class='ocrx_word' id='word_1_90' title='bbox 1282 1350 1381 1426; x_wconf 82' lang='grc' dir='ltr'>τοώτης</span> <span class='ocrx_word' id='word_1_91' title='bbox 1395 1349 1458 1430; x_wconf 86' lang='grc' dir='ltr'>θείῳ</span> <span class='ocrx_word' id='word_1_92' title='bbox 1474 1349 1541 1427; x_wconf 89' lang='grc' dir='ltr'>ζήλῳ</span> 
     </span>
     <span class='ocr_line' id='line_1_10' title="bbox 255 1467 1541 1557; baseline -0.002 -26"><span class='ocrx_word' id='word_1_93' title='bbox 255 1473 413 1547; x_wconf 79' lang='grc' dir='ltr'>κινούμενος</span> <span class='ocrx_word' id='word_1_94' title='bbox 436 1469 467 1545; x_wconf 82' lang='grc' dir='ltr'>ἐξ</span> <span class='ocrx_word' id='word_1_95' title='bbox 489 1467 563 1532; x_wconf 83' lang='grc' dir='ltr'>ἰδίων</span> <span class='ocrx_word' id='word_1_96' title='bbox 583 1492 613 1531; x_wconf 91' lang='grc' dir='ltr'>τε</span> <span class='ocrx_word' id='word_1_97' title='bbox 628 1467 844 1557; x_wconf 74' lang='grc' dir='ltr'>[ἀναλωμάτων]</span> <span class='ocrx_word' id='word_1_98' title='bbox 859 1471 906 1532; x_wconf 86' lang='grc' dir='ltr'>καί</span> <span class='ocrx_word' id='word_1_99' title='bbox 922 1469 953 1543; x_wconf 78' lang='grc' dir='ltr'>ἐξ</span> <span class='ocrx_word' id='word_1_100' title='bbox 970 1471 1163 1546; x_wconf 81' lang='grc' dir='ltr'>ἐλεημοσυνῶν</span> <span class='ocrx_word' id='word_1_101' title='bbox 1179 1477 1233 1530; x_wconf 91' lang='grc' dir='ltr'>τῶν</span> <span class='ocrx_word' id='word_1_102' title='bbox 1248 1477 1409 1552; x_wconf 87' lang='grc' dir='ltr'>χριστιανιῖιν</span> <span class='ocrx_word' id='word_1_103' title='bbox 1425 1472 1541 1550; x_wconf 79' lang='grc' dir='ltr'>ἀνήγειρε</span> 
     </span>
     <span class='ocr_line' id='line_1_11' title="bbox 203 1589 1541 1676; baseline -0.002 -23"><span class='ocrx_word' id='word_1_104' title='bbox 203 1589 207 1596; x_wconf 71' lang='grc'><em>“</em></span> <span class='ocrx_word' id='word_1_105' title='bbox 255 1595 286 1653; x_wconf 81' lang='grc' dir='ltr'>τό</span> <span class='ocrx_word' id='word_1_106' title='bbox 309 1598 487 1676; x_wconf 86' lang='grc' dir='ltr'>μοναστήριον</span> <span class='ocrx_word' id='word_1_107' title='bbox 509 1599 586 1655; x_wconf 84' lang='grc' dir='ltr'>τοῡτο</span> <span class='ocrx_word' id='word_1_108' title='bbox 609 1596 659 1654; x_wconf 81' lang='grc' dir='ltr'>ὑπό</span> <span class='ocrx_word' id='word_1_109' title='bbox 683 1599 905 1676; x_wconf 82' lang='grc' dir='ltr'>σταυροπηγιακῇ</span> <span class='ocrx_word' id='word_1_110' title='bbox 929 1591 992 1676; x_wconf 80' lang='grc' dir='ltr'>ἀξίᾳ</span> <span class='ocrx_word' id='word_1_111' title='bbox 1013 1595 1042 1654; x_wconf 88' lang='grc' dir='ltr'>ἐν</span> <span class='ocrx_word' id='word_1_112' title='bbox 1062 1593 1224 1675; x_wconf 75' lang='grc' dir='ltr'>τῇρηθείσφ</span> <span class='ocrx_word' id='word_1_113' title='bbox 1239 1593 1394 1676; x_wconf 82' lang='grc' dir='ltr'>τοποθεσίφι,</span> <span class='ocrx_word' id='word_1_114' title='bbox 1416 1595 1480 1654; x_wconf 74' lang='grc' dir='ltr'>ἀιτου</span> <span class='ocrx_word' id='word_1_115' title='bbox 1494 1591 1541 1652; x_wconf 79' lang='grc' dir='ltr'>ἐστὶ</span> 
     </span>
     <span class='ocr_line' id='line_1_12' title="bbox 255 1713 1540 1795; baseline -0.002 -19"><span class='ocrx_word' id='word_1_116' title='bbox 255 1715 302 1776; x_wconf 85' lang='grc' dir='ltr'>καί</span> <span class='ocrx_word' id='word_1_117' title='bbox 318 1716 394 1794; x_wconf 86' lang='grc' dir='ltr'>πηγὴ</span> <span class='ocrx_word' id='word_1_118' title='bbox 411 1715 602 1791; x_wconf 84' lang='grc' dir='ltr'>ἀναβλύζουσα</span> <span class='ocrx_word' id='word_1_119' title='bbox 617 1719 768 1792; x_wconf 84' lang='grc' dir='ltr'>οώτόματος</span> <span class='ocrx_word' id='word_1_120' title='bbox 783 1715 830 1776; x_wconf 88' lang='grc' dir='ltr'>καὶ</span> <span class='ocrx_word' id='word_1_121' title='bbox 846 1715 1008 1776; x_wconf 85' lang='grc' dir='ltr'>ἀναδίδουσα</span> <span class='ocrx_word' id='word_1_122' title='bbox 1024 1715 1147 1795; x_wconf 87' lang='grc' dir='ltr'>άγίασμα</span> <span class='ocrx_word' id='word_1_123' title='bbox 1164 1713 1307 1791; x_wconf 81' lang='grc' dir='ltr'>ἰαματικδν</span> <span class='ocrx_word' id='word_1_124' title='bbox 1322 1719 1378 1788; x_wconf 82' lang='grc' dir='ltr'>τοῖς</span> <span class='ocrx_word' id='word_1_125' title='bbox 1393 1716 1451 1791; x_wconf 88' lang='grc' dir='ltr'>μετ’</span> <span class='ocrx_word' id='word_1_126' title='bbox 1463 1715 1540 1774; x_wconf 80' lang='grc' dir='ltr'>εάλα-</span> 
     </span>
     <span class='ocr_line' id='line_1_13' title="bbox 256 1835 1541 1920; baseline 0 -24"><span class='ocrx_word' id='word_1_127' title='bbox 256 1836 334 1912; x_wconf 84' lang='grc' dir='ltr'>βείοις</span> <span class='ocrx_word' id='word_1_128' title='bbox 348 1841 583 1918; x_wconf 79' lang='grc' dir='ltr'>προσερχομένας</span> <span class='ocrx_word' id='word_1_129' title='bbox 602 1841 766 1918; x_wconf 87' lang='grc' dir='ltr'>χριστιανοῑς</span> <span class='ocrx_word' id='word_1_130' title='bbox 780 1839 848 1920; x_wconf 89' lang='grc' dir='ltr'>πρός</span> <span class='ocrx_word' id='word_1_131' title='bbox 862 1858 891 1898; x_wconf 86' lang='grc' dir='ltr'>τε</span> <span class='ocrx_word' id='word_1_132' title='bbox 907 1838 985 1898; x_wconf 88' lang='grc' dir='ltr'>ἀλλα</span> <span class='ocrx_word' id='word_1_133' title='bbox 999 1839 1141 1912; x_wconf 86' lang='grc' dir='ltr'>νοσήματα</span> <span class='ocrx_word' id='word_1_134' title='bbox 1156 1835 1203 1897; x_wconf 87' lang='grc' dir='ltr'>καὶ</span> <span class='ocrx_word' id='word_1_135' title='bbox 1216 1838 1285 1916; x_wconf 82' lang='grc' dir='ltr'>πρός</span> <span class='ocrx_word' id='word_1_136' title='bbox 1298 1837 1329 1896; x_wconf 80' lang='grc' dir='ltr'>τό</span> <span class='ocrx_word' id='word_1_137' title='bbox 1344 1841 1393 1912; x_wconf 80' lang='grc' dir='ltr'>τῆς</span> <span class='ocrx_word' id='word_1_138' title='bbox 1407 1837 1541 1908; x_wconf 87' lang='grc' dir='ltr'>λιθιάσεως</span> 
     </span>
     <span class='ocr_line' id='line_1_14' title="bbox 255 1951 1540 2040; baseline -0.002 -22"><span class='ocrx_word' id='word_1_139' title='bbox 255 1961 350 2040; x_wconf 87' lang='grc' dir='ltr'>πάθος,</span> <span class='ocrx_word' id='word_1_140' title='bbox 374 1959 484 2020; x_wconf 78' lang='grc' dir='ltr'>διπλόον</span> <span class='ocrx_word' id='word_1_141' title='bbox 508 1962 571 2020; x_wconf 77' lang='grc' dir='ltr'>αέτά</span> <span class='ocrx_word' id='word_1_142' title='bbox 595 1958 635 2032; x_wconf 90' lang='grc' dir='ltr'>εἰς</span> <span class='ocrx_word' id='word_1_143' title='bbox 657 1961 687 2018; x_wconf 82' lang='grc' dir='ltr'>τό</span> <span class='ocrx_word' id='word_1_144' title='bbox 709 1960 856 2040; x_wconf 84' lang='grc' dir='ltr'>παντελές,</span> <span class='ocrx_word' id='word_1_145' title='bbox 880 1953 961 2038; x_wconf 76' lang='grc' dir='ltr'>οὗπερ</span> <span class='ocrx_word' id='word_1_146' title='bbox 984 1957 1031 2018; x_wconf 87' lang='grc' dir='ltr'>καὶ</span> <span class='ocrx_word' id='word_1_147' title='bbox 1055 1959 1160 2030; x_wconf 86' lang='grc' dir='ltr'>σίλλους</span> <span class='ocrx_word' id='word_1_148' title='bbox 1183 1951 1254 2018; x_wconf 83' lang='grc' dir='ltr'>εἶναι</span> <span class='ocrx_word' id='word_1_149' title='bbox 1276 1957 1399 2030; x_wconf 71' lang='grc' dir='ltr'>πολλοὺς</span> <span class='ocrx_word' id='word_1_150' title='bbox 1414 1960 1540 2038; x_wconf 82' lang='grc' dir='ltr'>μάρτυρας</span> 
     </span>
     <span class='ocr_line' id='line_1_15' title="bbox 255 2078 1540 2161; baseline -0.005 -21"><span class='ocrx_word' id='word_1_151' title='bbox 255 2081 433 2159; x_wconf 80' lang='grc' dir='ltr'>ὑγιασθέντας</span> <span class='ocrx_word' id='word_1_152' title='bbox 455 2081 501 2142; x_wconf 85' lang='grc' dir='ltr'>καὶ</span> <span class='ocrx_word' id='word_1_153' title='bbox 518 2083 706 2154; x_wconf 88' lang='grc' dir='ltr'>ἀνασωθέντας</span> <span class='ocrx_word' id='word_1_154' title='bbox 722 2086 767 2142; x_wconf 83' lang='grc' dir='ltr'>τοῦ</span> <span class='ocrx_word' id='word_1_155' title='bbox 782 2082 885 2152; x_wconf 87' lang='grc' dir='ltr'>πάθους</span> <span class='ocrx_word' id='word_1_156' title='bbox 900 2082 992 2142; x_wconf 87' lang='grc' dir='ltr'>τοότου</span> <span class='ocrx_word' id='word_1_157' title='bbox 1007 2079 1054 2140; x_wconf 89' lang='grc' dir='ltr'>καί</span> <span class='ocrx_word' id='word_1_158' title='bbox 1071 2081 1175 2140; x_wconf 85' lang='grc' dir='ltr'>ἐκεῖνον</span> <span class='ocrx_word' id='word_1_159' title='bbox 1191 2079 1237 2140; x_wconf 83' lang='grc' dir='ltr'>τόν</span> <span class='ocrx_word' id='word_1_160' title='bbox 1253 2080 1405 2161; x_wconf 89' lang='grc' dir='ltr'>μακαρίτην</span> <span class='ocrx_word' id='word_1_161' title='bbox 1420 2078 1540 2156; x_wconf 80' lang='grc' dir='ltr'>Ἀθηνῶν,</span> 
     </span>
     <span class='ocr_line' id='line_1_16' title="bbox 256 2195 1540 2284; baseline -0.002 -22"><span class='ocrx_word' id='word_1_162' title='bbox 256 2207 351 2275; x_wconf 86' lang='grc' dir='ltr'>κακῶς</span> <span class='ocrx_word' id='word_1_163' title='bbox 373 2205 513 2282; x_wconf 86' lang='grc' dir='ltr'>πάσχοντα</span> <span class='ocrx_word' id='word_1_164' title='bbox 536 2195 584 2280; x_wconf 75' lang='grc' dir='ltr'>τήν</span> <span class='ocrx_word' id='word_1_165' title='bbox 606 2202 724 2264; x_wconf 88' lang='grc' dir='ltr'>λιθίασιν</span> <span class='ocrx_word' id='word_1_166' title='bbox 749 2201 792 2262; x_wconf 79' lang='grc' dir='ltr'>ἐπὶ</span> <span class='ocrx_word' id='word_1_167' title='bbox 806 2203 930 2276; x_wconf 76' lang='grc' dir='ltr'>πολλοὺς</span> <span class='ocrx_word' id='word_1_168' title='bbox 944 2205 1068 2283; x_wconf 84' lang='grc' dir='ltr'>χρόνους,</span> <span class='ocrx_word' id='word_1_169' title='bbox 1093 2197 1200 2284; x_wconf 76' lang='grc' dir='ltr'>εἶτατῇ</span> <span class='ocrx_word' id='word_1_170' title='bbox 1216 2203 1307 2281; x_wconf 89' lang='grc' dir='ltr'>χάριτι</span> <span class='ocrx_word' id='word_1_171' title='bbox 1322 2205 1368 2262; x_wconf 77' lang='grc' dir='ltr'>τοῦ</span> <span class='ocrx_word' id='word_1_172' title='bbox 1383 2202 1540 2279; x_wconf 76' lang='grc' dir='ltr'>ἀγιάσματος</span> 
     </span>
     <span class='ocr_line' id='line_1_17' title="bbox 254 2320 1539 2405; baseline -0.002 -22"><span class='ocrx_word' id='word_1_173' title='bbox 254 2323 349 2384; x_wconf 85' lang='grc' dir='ltr'>τοὺτου</span> <span class='ocrx_word' id='word_1_174' title='bbox 371 2323 571 2403; x_wconf 82' lang='grc' dir='ltr'>ἀπαλλαγέντα</span> <span class='ocrx_word' id='word_1_175' title='bbox 594 2323 641 2384; x_wconf 84' lang='grc' dir='ltr'>καὶ</span> <span class='ocrx_word' id='word_1_176' title='bbox 663 2325 697 2384; x_wconf 89' lang='grc' dir='ltr'>δι’</span> <span class='ocrx_word' id='word_1_177' title='bbox 710 2324 777 2384; x_wconf 87' lang='grc' dir='ltr'>όλου</span> <span class='ocrx_word' id='word_1_178' title='bbox 793 2325 1023 2405; x_wconf 82' lang='grc' dir='ltr'>ἐλευθερωθέντα,</span> <span class='ocrx_word' id='word_1_179' title='bbox 1046 2322 1093 2383; x_wconf 85' lang='grc' dir='ltr'>καὶ</span> <span class='ocrx_word' id='word_1_180' title='bbox 1109 2320 1335 2402; x_wconf 87' lang='grc' dir='ltr'>ἀποφαινόμενον,</span> <span class='ocrx_word' id='word_1_181' title='bbox 1358 2323 1403 2383; x_wconf 84' lang='grc' dir='ltr'>ἵνα</span> <span class='ocrx_word' id='word_1_182' title='bbox 1417 2325 1446 2383; x_wconf 82' lang='grc' dir='ltr'>τέ</span> <span class='ocrx_word' id='word_1_183' title='bbox 1461 2343 1539 2398; x_wconf 83' lang='grc' dir='ltr'>μονα-</span> 
     </span>
     <span class='ocr_line' id='line_1_18' title="bbox 256 2443 1540 2526; baseline -0.001 -22"><span class='ocrx_word' id='word_1_184' title='bbox 256 2447 362 2524; x_wconf 83' lang='grc' dir='ltr'>στήριον</span> <span class='ocrx_word' id='word_1_185' title='bbox 392 2449 469 2506; x_wconf 80' lang='grc' dir='ltr'>τοῦτο</span> <span class='ocrx_word' id='word_1_186' title='bbox 492 2445 637 2521; x_wconf 83' lang='grc' dir='ltr'>μετὰτῶν</span> <span class='ocrx_word' id='word_1_187' title='bbox 661 2445 807 2526; x_wconf 85' lang='grc' dir='ltr'>μετοχίων,</span> <span class='ocrx_word' id='word_1_188' title='bbox 838 2445 1050 2526; x_wconf 79' lang='grc' dir='ltr'>παρεκκλησίων</span> <span class='ocrx_word' id='word_1_189' title='bbox 1072 2443 1119 2504; x_wconf 87' lang='grc' dir='ltr'>καὶ</span> <span class='ocrx_word' id='word_1_190' title='bbox 1143 2445 1213 2520; x_wconf 79' lang='grc' dir='ltr'>μετὰ</span> <span class='ocrx_word' id='word_1_191' title='bbox 1241 2447 1349 2504; x_wconf 88' lang='grc' dir='ltr'>πάντων</span> <span class='ocrx_word' id='word_1_192' title='bbox 1371 2449 1425 2504; x_wconf 89' lang='grc' dir='ltr'>τῶν</span> <span class='ocrx_word' id='word_1_193' title='bbox 1446 2445 1540 2504; x_wconf 82' lang='grc' dir='ltr'>λοιπῶν</span> 
     </span>
     <span class='ocr_line' id='line_1_19' title="bbox 256 2564 1540 2649; baseline -0.002 -25"><span class='ocrx_word' id='word_1_194' title='bbox 256 2567 402 2642; x_wconf 79' lang='grc' dir='ltr'>κτημάτων</span> <span class='ocrx_word' id='word_1_195' title='bbox 424 2565 471 2626; x_wconf 85' lang='grc' dir='ltr'>καί</span> <span class='ocrx_word' id='word_1_196' title='bbox 493 2568 661 2647; x_wconf 87' lang='grc' dir='ltr'>πραγμάτων</span> <span class='ocrx_word' id='word_1_197' title='bbox 685 2569 764 2627; x_wconf 79' lang='grc' dir='ltr'>αὐτοθ</span> <span class='ocrx_word' id='word_1_198' title='bbox 785 2568 894 2649; x_wconf 77' lang='grc' dir='ltr'>ὑπάρχῃ</span> <span class='ocrx_word' id='word_1_199' title='bbox 917 2567 1122 2648; x_wconf 86' lang='grc' dir='ltr'>σταυροπήγιον.</span> <span class='ocrx_word' id='word_1_200' title='bbox 1155 2565 1195 2638; x_wconf 84' lang='grc' dir='ltr'>εἰς</span> <span class='ocrx_word' id='word_1_201' title='bbox 1217 2564 1384 2626; x_wconf 86' lang='grc' dir='ltr'>ἀνακαίνισιν</span> <span class='ocrx_word' id='word_1_202' title='bbox 1400 2564 1444 2626; x_wconf 80' lang='grc' dir='ltr'>οὖν</span> <span class='ocrx_word' id='word_1_203' title='bbox 1457 2566 1540 2626; x_wconf 77' lang='grc' dir='ltr'>τούτου</span> 
     </span>
     <span class='ocr_line' id='line_1_20' title="bbox 257 2683 1541 2769; baseline -0.003 -22"><span class='ocrx_word' id='word_1_204' title='bbox 257 2689 407 2768; x_wconf 80' lang='grc' dir='ltr'>γράφοντες</span> <span class='ocrx_word' id='word_1_205' title='bbox 431 2684 637 2768; x_wconf 77' lang='grc' dir='ltr'>ἀποφαινόμεθα</span> <span class='ocrx_word' id='word_1_206' title='bbox 659 2687 806 2760; x_wconf 90' lang='grc' dir='ltr'>συνοδικῶς</span> <span class='ocrx_word' id='word_1_207' title='bbox 830 2687 975 2762; x_wconf 80' lang='grc' dir='ltr'>μετὰτῶν</span> <span class='ocrx_word' id='word_1_208' title='bbox 997 2687 1059 2769; x_wconf 86' lang='grc' dir='ltr'>περὶ</span> <span class='ocrx_word' id='word_1_209' title='bbox 1081 2688 1156 2765; x_wconf 82' lang='grc' dir='ltr'>ἡμᾶς</span> <span class='ocrx_word' id='word_1_210' title='bbox 1172 2687 1325 2768; x_wconf 86' lang='grc' dir='ltr'>ἱερωτάτων</span> <span class='ocrx_word' id='word_1_211' title='bbox 1341 2687 1487 2768; x_wconf 87' lang='grc' dir='ltr'>ἀρχιερέων</span> <span class='ocrx_word' id='word_1_212' title='bbox 1500 2683 1541 2745; x_wconf 80' lang='grc' dir='ltr'>καί</span> 
     </span>
     <span class='ocr_line' id='line_1_21' title="bbox 255 2805 1539 2908; baseline -0.003 -39"><span class='ocrx_word' id='word_1_213' title='bbox 255 2807 417 2890; x_wconf 83' lang='grc' dir='ltr'>ὑπερτίμων,</span> <span class='ocrx_word' id='word_1_214' title='bbox 448 2815 502 2870; x_wconf 87' lang='grc' dir='ltr'>τῶν</span> <span class='ocrx_word' id='word_1_215' title='bbox 526 2811 554 2870; x_wconf 85' lang='grc' dir='ltr'>ἐν</span> <span class='ocrx_word' id='word_1_216' title='bbox 582 2811 652 2890; x_wconf 87' lang='grc' dir='ltr'>ἀγίῳ</span> <span class='ocrx_word' id='word_1_217' title='bbox 675 2811 806 2887; x_wconf 83' lang='grc' dir='ltr'>πνεώματι</span> <span class='ocrx_word' id='word_1_218' title='bbox 829 2811 978 2908; x_wconf 82' lang='grc' dir='ltr'>ἀγαπητῶν</span> <span class='ocrx_word' id='word_1_219' title='bbox 1001 2812 1080 2886; x_wconf 85' lang='grc' dir='ltr'>ήμῶν</span> <span class='ocrx_word' id='word_1_220' title='bbox 1103 2805 1232 2890; x_wconf 79' lang='grc' dir='ltr'>ἀδελφῶν</span> <span class='ocrx_word' id='word_1_221' title='bbox 1255 2807 1302 2869; x_wconf 88' lang='grc' dir='ltr'>καὶ</span> <span class='ocrx_word' id='word_1_222' title='bbox 1325 2807 1539 2888; x_wconf 87' lang='grc' dir='ltr'>συλλειτουργών,</span> 
     </span>
     <span class='ocr_line' id='line_1_22' title="bbox 255 2929 1539 3026; baseline 0.001 -38"><span class='ocrx_word' id='word_1_223' title='bbox 255 2931 299 2991; x_wconf 76' lang='grc' dir='ltr'>ἵνα</span> <span class='ocrx_word' id='word_1_224' title='bbox 320 2934 351 2992; x_wconf 79' lang='grc' dir='ltr'>τό</span> <span class='ocrx_word' id='word_1_225' title='bbox 374 2931 456 3012; x_wconf 81' lang='grc' dir='ltr'>βηθέν</span> <span class='ocrx_word' id='word_1_226' title='bbox 480 2935 657 3026; x_wconf 82' lang='grc' dir='ltr'>μονασιήριον</span> <span class='ocrx_word' id='word_1_227' title='bbox 680 2939 729 3010; x_wconf 83' lang='grc' dir='ltr'>τῆς</span> <span class='ocrx_word' id='word_1_228' title='bbox 752 2932 900 3012; x_wconf 84' lang='grc' dir='ltr'>Ζωοδόχου</span> <span class='ocrx_word' id='word_1_229' title='bbox 918 2934 1015 3012; x_wconf 82' lang='grc' dir='ltr'>Πηγής</span> <span class='ocrx_word' id='word_1_230' title='bbox 1037 2934 1067 2992; x_wconf 82' lang='grc' dir='ltr'>τό</span> <span class='ocrx_word' id='word_1_231' title='bbox 1091 2933 1120 2992; x_wconf 88' lang='grc' dir='ltr'>ἐν</span> <span class='ocrx_word' id='word_1_232' title='bbox 1142 2937 1175 3013; x_wconf 83' lang='grc' dir='ltr'>τῇ</span> <span class='ocrx_word' id='word_1_233' title='bbox 1197 2935 1273 3009; x_wconf 86' lang='grc' dir='ltr'>νήσῳ</span> <span class='ocrx_word' id='word_1_234' title='bbox 1290 2933 1371 3011; x_wconf 86' lang='grc' dir='ltr'>Πόρῳ</span> <span class='ocrx_word' id='word_1_235' title='bbox 1394 2937 1443 3008; x_wconf 88' lang='grc' dir='ltr'>τῆς</span> <span class='ocrx_word' id='word_1_236' title='bbox 1464 2929 1539 3006; x_wconf 88' lang='grc' dir='ltr'>ἐπαρ·</span> 
     </span>
     <span class='ocr_line' id='line_1_23' title="bbox 254 3051 1539 3136; baseline 0 -25"><span class='ocrx_word' id='word_1_237' title='bbox 254 3053 319 3131; x_wconf 90' lang='grc' dir='ltr'>χίας</span> <span class='ocrx_word' id='word_1_238' title='bbox 341 3051 456 3132; x_wconf 82' lang='grc' dir='ltr'>Αἰγίνης</span> <span class='ocrx_word' id='word_1_239' title='bbox 479 3054 624 3129; x_wconf 81' lang='grc' dir='ltr'>μετὰτῶν</span> <span class='ocrx_word' id='word_1_240' title='bbox 647 3055 795 3136; x_wconf 88' lang='grc' dir='ltr'>μετοχίων,</span> <span class='ocrx_word' id='word_1_241' title='bbox 817 3053 1028 3136; x_wconf 87' lang='grc' dir='ltr'>παρεκκλησίων</span> <span class='ocrx_word' id='word_1_242' title='bbox 1051 3051 1098 3113; x_wconf 88' lang='grc' dir='ltr'>καὶ</span> <span class='ocrx_word' id='word_1_243' title='bbox 1118 3053 1223 3113; x_wconf 90' lang='grc' dir='ltr'>λοιπῶν</span> <span class='ocrx_word' id='word_1_244' title='bbox 1237 3054 1383 3129; x_wconf 78' lang='grc' dir='ltr'>κτημάτων</span> <span class='ocrx_word' id='word_1_245' title='bbox 1398 3051 1445 3112; x_wconf 87' lang='grc' dir='ltr'>καὶ</span> <span class='ocrx_word' id='word_1_246' title='bbox 1458 3071 1539 3131; x_wconf 82' lang='grc' dir='ltr'>πραγ-</span> 
     </span>
     <span class='ocr_line' id='line_1_24' title="bbox 256 3173 1540 3258; baseline -0.002 -24"><span class='ocrx_word' id='word_1_247' title='bbox 256 3177 348 3250; x_wconf 83' lang='grc' dir='ltr'>μάτων</span> <span class='ocrx_word' id='word_1_248' title='bbox 377 3173 425 3236; x_wconf 83' lang='grc' dir='ltr'>καὶ</span> <span class='ocrx_word' id='word_1_249' title='bbox 455 3175 650 3256; x_wconf 86' lang='grc' dir='ltr'>ἀφιερωμάτων</span> <span class='ocrx_word' id='word_1_250' title='bbox 681 3179 771 3258; x_wconf 82' lang='grc' dir='ltr'>αὺτοῦ,</span> <span class='ocrx_word' id='word_1_251' title='bbox 801 3181 917 3253; x_wconf 88' lang='grc' dir='ltr'>κινητῶν</span> <span class='ocrx_word' id='word_1_252' title='bbox 944 3198 975 3236; x_wconf 90' lang='grc' dir='ltr'>τε</span> <span class='ocrx_word' id='word_1_253' title='bbox 1002 3175 1048 3236; x_wconf 80' lang='grc' dir='ltr'>καὶ</span> <span class='ocrx_word' id='word_1_254' title='bbox 1075 3176 1219 3256; x_wconf 88' lang='grc' dir='ltr'>ἀκινήτων,</span> <span class='ocrx_word' id='word_1_255' title='bbox 1249 3182 1303 3235; x_wconf 90' lang='grc' dir='ltr'>τῶν</span> <span class='ocrx_word' id='word_1_256' title='bbox 1326 3197 1356 3236; x_wconf 91' lang='grc' dir='ltr'>τε</span> <span class='ocrx_word' id='word_1_257' title='bbox 1383 3175 1438 3252; x_wconf 77' lang='grc' dir='ltr'>ἤδη</span> <span class='ocrx_word' id='word_1_258' title='bbox 1468 3175 1540 3234; x_wconf 84' lang='grc' dir='ltr'>όντων</span> 
     </span>
     <span class='ocr_line' id='line_1_25' title="bbox 255 3292 1540 3378; baseline -0.002 -22"><span class='ocrx_word' id='word_1_259' title='bbox 255 3295 376 3356; x_wconf 84' lang='grc' dir='ltr'>καὶτῶν</span> <span class='ocrx_word' id='word_1_260' title='bbox 399 3295 534 3358; x_wconf 85' lang='grc' dir='ltr'>εἰσέτειτα</span> <span class='ocrx_word' id='word_1_261' title='bbox 556 3299 816 3378; x_wconf 81' lang='grc' dir='ltr'>προσγενησομένων</span> <span class='ocrx_word' id='word_1_262' title='bbox 839 3298 881 3378; x_wconf 84' lang='grc' dir='ltr'>άν,</span> <span class='ocrx_word' id='word_1_263' title='bbox 907 3299 945 3370; x_wconf 86' lang='grc' dir='ltr'>ὡς</span> <span class='ocrx_word' id='word_1_264' title='bbox 967 3297 1099 3356; x_wconf 86' lang='grc' dir='ltr'>ἀνέκαθεν</span> <span class='ocrx_word' id='word_1_265' title='bbox 1122 3297 1169 3356; x_wconf 85' lang='grc' dir='ltr'>καὶ</span> <span class='ocrx_word' id='word_1_266' title='bbox 1194 3294 1343 3378; x_wconf 81' lang='grc' dir='ltr'>έξάρχής,</span> <span class='ocrx_word' id='word_1_267' title='bbox 1366 3297 1436 3356; x_wconf 75' lang='grc' dir='ltr'>οὓτω</span> <span class='ocrx_word' id='word_1_268' title='bbox 1450 3295 1494 3356; x_wconf 88' lang='grc' dir='ltr'>καὶ</span> <span class='ocrx_word' id='word_1_269' title='bbox 1507 3292 1540 3364; x_wconf 81' lang='grc' dir='ltr'>εἰς</span> 
     </span>
     <span class='ocr_line' id='line_1_26' title="bbox 256 3413 1539 3500; baseline -0.002 -23"><span class='ocrx_word' id='word_1_270' title='bbox 256 3418 300 3478; x_wconf 82' lang='grc' dir='ltr'>τὀν</span> <span class='ocrx_word' id='word_1_271' title='bbox 323 3413 389 3494; x_wconf 81' lang='grc' dir='ltr'>ἑξῆς</span> <span class='ocrx_word' id='word_1_272' title='bbox 413 3420 518 3480; x_wconf 80' lang='grc' dir='ltr'>ἅπαντα</span> <span class='ocrx_word' id='word_1_273' title='bbox 541 3423 640 3500; x_wconf 89' lang='grc' dir='ltr'>χρόνον</span> <span class='ocrx_word' id='word_1_274' title='bbox 663 3421 772 3500; x_wconf 83' lang='grc' dir='ltr'>ὑπάρχῃ</span> <span class='ocrx_word' id='word_1_275' title='bbox 794 3419 840 3480; x_wconf 84' lang='grc' dir='ltr'>καί</span> <span class='ocrx_word' id='word_1_276' title='bbox 862 3419 980 3498; x_wconf 86' lang='grc' dir='ltr'>λέγηται</span> <span class='ocrx_word' id='word_1_277' title='bbox 1002 3417 1048 3478; x_wconf 79' lang='grc' dir='ltr'>καὶ</span> <span class='ocrx_word' id='word_1_278' title='bbox 1071 3419 1146 3498; x_wconf 84' lang='grc' dir='ltr'>παρὰ</span> <span class='ocrx_word' id='word_1_279' title='bbox 1167 3421 1275 3479; x_wconf 87' lang='grc' dir='ltr'>πάντων</span> <span class='ocrx_word' id='word_1_280' title='bbox 1297 3413 1464 3498; x_wconf 88' lang='grc' dir='ltr'>γινώσκηται</span> <span class='ocrx_word' id='word_1_281' title='bbox 1477 3419 1539 3493; x_wconf 84' lang='grc' dir='ltr'>ήμέ-</span> 
     </span>
     <span class='ocr_line' id='line_1_27' title="bbox 258 3533 1539 3621; baseline 0 -23"><span class='ocrx_word' id='word_1_282' title='bbox 258 3559 335 3617; x_wconf 89' lang='grc' dir='ltr'>τερον</span> <span class='ocrx_word' id='word_1_283' title='bbox 365 3543 560 3621; x_wconf 82' lang='grc' dir='ltr'>πατριαρχικόν</span> <span class='ocrx_word' id='word_1_284' title='bbox 591 3533 834 3620; x_wconf 84' lang='grc' dir='ltr'>οταυροπηγιακόν,</span> <span class='ocrx_word' id='word_1_285' title='bbox 866 3537 1032 3619; x_wconf 71' lang='grc' dir='ltr'>ἀδούλωτον,</span> <span class='ocrx_word' id='word_1_286' title='bbox 1057 3540 1264 3616; x_wconf 84' lang='grc' dir='ltr'>ἀκαταπάτητον</span> <span class='ocrx_word' id='word_1_287' title='bbox 1286 3537 1333 3600; x_wconf 88' lang='grc' dir='ltr'>καὶ</span> <span class='ocrx_word' id='word_1_288' title='bbox 1356 3540 1432 3612; x_wconf 83' lang='grc' dir='ltr'>ὅλως</span> <span class='ocrx_word' id='word_1_289' title='bbox 1455 3539 1539 3598; x_wconf 80' lang='grc' dir='ltr'>ἀνενό-</span> 
     </span>
     <span class='ocr_line' id='line_1_28' title="bbox 254 3647 1593 3743; baseline -0.001 -23"><span class='ocrx_word' id='word_1_290' title='bbox 254 3659 370 3740; x_wconf 84' lang='grc' dir='ltr'>χλητον,</span> <span class='ocrx_word' id='word_1_291' title='bbox 399 3662 463 3741; x_wconf 82' lang='grc' dir='ltr'>παρ’</span> <span class='ocrx_word' id='word_1_292' title='bbox 476 3663 623 3722; x_wconf 75' lang='grc' dir='ltr'>οὑτινοσοῦν</span> <span class='ocrx_word' id='word_1_293' title='bbox 645 3665 789 3743; x_wconf 85' lang='grc' dir='ltr'>προσώπου</span> <span class='ocrx_word' id='word_1_294' title='bbox 812 3661 960 3743; x_wconf 82' lang='grc' dir='ltr'>ἱερωμένου</span> <span class='ocrx_word' id='word_1_295' title='bbox 982 3665 1000 3736; x_wconf 80' lang='grc' dir='ltr'>ἢ</span> <span class='ocrx_word' id='word_1_296' title='bbox 1024 3661 1131 3742; x_wconf 85' lang='grc' dir='ltr'>λαϊκοϋ,</span> <span class='ocrx_word' id='word_1_297' title='bbox 1163 3663 1403 3738; x_wconf 84' lang='grc' dir='ltr'>μνημονευομὲνου</span> <span class='ocrx_word' id='word_1_298' title='bbox 1427 3662 1455 3721; x_wconf 86' lang='grc' dir='ltr'>ἐν</span> <span class='ocrx_word' id='word_1_299' title='bbox 1477 3657 1539 3736; x_wconf 78' lang='grc' dir='ltr'>αυτῷ</span> <span class='ocrx_word' id='word_1_300' title='bbox 1592 3647 1593 3710; x_wconf 83' lang='grc' dir='ltr'>ί</span> 
     </span>
     <span class='ocr_line' id='line_1_29' title="bbox 254 3777 1593 3865; baseline -0.004 -23"><span class='ocrx_word' id='word_1_301' title='bbox 254 3785 301 3842; x_wconf 81' lang='grc' dir='ltr'>τοῦ</span> <span class='ocrx_word' id='word_1_302' title='bbox 323 3787 545 3844; x_wconf 84' lang='grc' dir='ltr'>κανονικοϋπατ</span> <span class='ocrx_word' id='word_1_303' title='bbox 513 3787 686 3865; x_wconf 83' lang='grc' dir='ltr'>ατριαρχικοῦ</span> <span class='ocrx_word' id='word_1_304' title='bbox 708 3784 850 3864; x_wconf 78' lang='grc' dir='ltr'>ὀνόματος,</span> <span class='ocrx_word' id='word_1_305' title='bbox 882 3785 947 3862; x_wconf 84' lang='grc' dir='ltr'>ἔχον</span> <span class='ocrx_word' id='word_1_306' title='bbox 970 3781 1016 3844; x_wconf 85' lang='grc' dir='ltr'>καὶ</span> <span class='ocrx_word' id='word_1_307' title='bbox 1038 3785 1068 3843; x_wconf 80' lang='grc' dir='ltr'>τό</span> <span class='ocrx_word' id='word_1_308' title='bbox 1091 3785 1237 3863; x_wconf 87' lang='grc' dir='ltr'>προνόμιον</span> <span class='ocrx_word' id='word_1_309' title='bbox 1259 3777 1330 3843; x_wconf 83' lang='grc' dir='ltr'>κατά</span> <span class='ocrx_word' id='word_1_310' title='bbox 1352 3781 1540 3864; x_wconf 79' lang='grc' dir='ltr'>πατριαρχικήν</span> <span class='ocrx_word' id='word_1_311' title='bbox 1592 3811 1593 3814; x_wconf 61' lang='lat'><em>=</em></span> 
     </span>
     <span class='ocr_line' id='line_1_30' title="bbox 255 3903 1593 3987; baseline 0.004 -23"><span class='ocrx_word' id='word_1_312' title='bbox 255 3903 419 3986; x_wconf 90' lang='grc' dir='ltr'>φιλοτιμίαν,</span> <span class='ocrx_word' id='word_1_313' title='bbox 443 3909 512 3966; x_wconf 88' lang='grc' dir='ltr'>ώστε</span> <span class='ocrx_word' id='word_1_314' title='bbox 535 3927 580 3965; x_wconf 89' lang='grc' dir='ltr'>τον</span> <span class='ocrx_word' id='word_1_315' title='bbox 602 3907 674 3966; x_wconf 84' lang='grc' dir='ltr'>κατά</span> <span class='ocrx_word' id='word_1_316' title='bbox 696 3927 742 3966; x_wconf 89' lang='grc' dir='ltr'>και</span> <span class='ocrx_word' id='word_1_317' title='bbox 744 3927 806 3986; x_wconf 92' lang='grc' dir='ltr'>ρους</span> <span class='ocrx_word' id='word_1_318' title='bbox 828 3906 900 3966; x_wconf 88' lang='grc' dir='ltr'>ἐν</span> <span class='ocrx_word' id='word_1_319' title='bbox 874 3903 946 3984; x_wconf 81' lang='grc' dir='ltr'>αυτῷ</span> <span class='ocrx_word' id='word_1_320' title='bbox 961 3907 1113 3984; x_wconf 85' lang='grc' dir='ltr'>ήγοόμενον</span> <span class='ocrx_word' id='word_1_321' title='bbox 1130 3907 1159 3966; x_wconf 89' lang='grc' dir='ltr'>ἐν</span> <span class='ocrx_word' id='word_1_322' title='bbox 1174 3908 1280 3979; x_wconf 84' lang='grc' dir='ltr'>ταῐςο</span> <span class='ocrx_word' id='word_1_323' title='bbox 1251 3905 1421 3987; x_wconf 83' lang='grc' dir='ltr'>έορτασίμοις</span> <span class='ocrx_word' id='word_1_324' title='bbox 1435 3907 1540 3984; x_wconf 83' lang='grc' dir='ltr'>ἡμέραις</span> <span class='ocrx_word' id='word_1_325' title='bbox 1592 3907 1593 3970; x_wconf 61' lang='lat'>3</span> 
     </span>
     <span class='ocr_line' id='line_1_31' title="bbox 255 4025 1593 4108; baseline -0.001 -22"><span class='ocrx_word' id='word_1_326' title='bbox 255 4027 345 4106; x_wconf 84' lang='grc' dir='ltr'>φορεῖν</span> <span class='ocrx_word' id='word_1_327' title='bbox 376 4027 410 4086; x_wconf 86' lang='grc' dir='ltr'>ἐπ</span> <span class='ocrx_word' id='word_1_328' title='bbox 411 4025 587 4103; x_wconf 89' lang='grc' dir='ltr'>ἐκκλησίας</span> <span class='ocrx_word' id='word_1_329' title='bbox 618 4027 738 4103; x_wconf 87' lang='grc' dir='ltr'>μανδόαν</span> <span class='ocrx_word' id='word_1_330' title='bbox 774 4029 1013 4108; x_wconf 87' lang='grc' dir='ltr'>προχειριζόμενον</span> <span class='ocrx_word' id='word_1_331' title='bbox 1042 4025 1089 4087; x_wconf 83' lang='grc' dir='ltr'>καὶ</span> <span class='ocrx_word' id='word_1_332' title='bbox 1120 4027 1323 4108; x_wconf 69' lang='grc' dir='ltr'>πατερίτζανί).</span> <span class='ocrx_word' id='word_1_333' title='bbox 1370 4025 1464 4086; x_wconf 85' lang='grc' dir='ltr'>καὶ</span> <span class='ocrx_word' id='word_1_334' title='bbox 1446 4032 1528 4107; x_wconf 88' lang='grc' dir='ltr'>πρῶτ</span> <span class='ocrx_word' id='word_1_335' title='bbox 1507 4045 1539 4083; x_wconf 84' lang='grc' dir='ltr'>ον</span> <span class='ocrx_word' id='word_1_336' title='bbox 1592 4051 1593 4108; x_wconf 71' lang='grc' dir='ltr'>γ</span> 
     </span>
     <span class='ocr_line' id='line_1_32' title="bbox 255 4145 1593 4236; baseline 0.002 -30.035"><span class='ocrx_word' id='word_1_337' title='bbox 255 4147 346 4222; x_wconf 76' lang='grc' dir='ltr'>μέν’</span> <span class='ocrx_word' id='word_1_338' title='bbox 337 4150 445 4230; x_wconf 84' lang='grc' dir='ltr'>υπάρχῃ</span> <span class='ocrx_word' id='word_1_339' title='bbox 475 4149 530 4224; x_wconf 91' lang='grc' dir='ltr'>ἀπη</span> <span class='ocrx_word' id='word_1_340' title='bbox 533 4149 734 4228; x_wconf 87' lang='grc' dir='ltr'>λλαγμένον</span> <span class='ocrx_word' id='word_1_341' title='bbox 715 4151 806 4226; x_wconf 90' lang='grc' dir='ltr'>πάσης</span> <span class='ocrx_word' id='word_1_342' title='bbox 829 4145 979 4228; x_wconf 83' lang='grc' dir='ltr'>ἐξαρχιιιῆς</span> <span class='ocrx_word' id='word_1_343' title='bbox 1002 4147 1125 4221; x_wconf 84' lang='grc' dir='ltr'>ἐξουσίας</span> <span class='ocrx_word' id='word_1_344' title='bbox 1146 4148 1193 4210; x_wconf 85' lang='grc' dir='ltr'>καὶ</span> <span class='ocrx_word' id='word_1_345' title='bbox 1217 4147 1387 4221; x_wconf 86' lang='grc' dir='ltr'>δεσποτείας.</span> <span class='ocrx_word' id='word_1_346' title='bbox 1427 4147 1500 4208; x_wconf 85' lang='grc' dir='ltr'>δευτε</span> <span class='ocrx_word' id='word_1_347' title='bbox 1477 4166 1593 4236; x_wconf 74' lang='grc' dir='ltr'>-ρον</span> 
     </span>
     <span class='ocr_line' id='line_1_33' title="bbox 256 4265 1593 4376; baseline 0.004 -49"><span class='ocrx_word' id='word_1_348' title='bbox 256 4266 327 4327; x_wconf 88' lang='grc' dir='ltr'>δέ</span> <span class='ocrx_word' id='word_1_349' title='bbox 319 4269 555 4349; x_wconf 83' lang='grc' dir='ltr'>λόγῳὺποταγης</span> <span class='ocrx_word' id='word_1_350' title='bbox 580 4269 703 4349; x_wconf 81' lang='grc' dir='ltr'>ἀποδιδῷ</span> <span class='ocrx_word' id='word_1_351' title='bbox 726 4271 788 4330; x_wconf 86' lang='grc' dir='ltr'>καθ’</span> <span class='ocrx_word' id='word_1_352' title='bbox 802 4272 916 4330; x_wconf 84' lang='grc' dir='ltr'>ἕκαστον</span> <span class='ocrx_word' id='word_1_353' title='bbox 940 4270 1000 4342; x_wconf 89' lang='grc' dir='ltr'>έτος</span> <span class='ocrx_word' id='word_1_354' title='bbox 1022 4269 1214 4351; x_wconf 85' lang='grc' dir='ltr'>ἀπαραιτήτως</span> <span class='ocrx_word' id='word_1_355' title='bbox 1235 4273 1333 4376; x_wconf 78' lang='grc' dir='ltr'>γρόστα</span> <span class='ocrx_word' id='word_1_356' title='bbox 1355 4265 1538 4346; x_wconf 73' lang='grc' dir='ltr'>ἑξήκονταά</span> <span class='ocrx_word' id='word_1_357' title='bbox 1592 4285 1593 4332; x_wconf 59' lang='lat'>4</span> 
     </span>
     <span class='ocr_line' id='line_1_34' title="bbox 254 4370 1536 4475; baseline 0.002 -27"><span class='ocrx_word' id='word_1_358' title='bbox 254 4391 284 4449; x_wconf 77' lang='grc' dir='ltr'>τό</span> <span class='ocrx_word' id='word_1_359' title='bbox 307 4392 396 4450; x_wconf 82' lang='grc' dir='ltr'>κοινόν</span> <span class='ocrx_word' id='word_1_360' title='bbox 418 4397 467 4468; x_wconf 82' lang='grc' dir='ltr'>τῆς</span> <span class='ocrx_word' id='word_1_361' title='bbox 489 4390 551 4452; x_wconf 89' lang='grc' dir='ltr'>καθ’</span> <span class='ocrx_word' id='word_1_362' title='bbox 563 4394 637 4467; x_wconf 79' lang='grc' dir='ltr'>ἡμᾶς</span> <span class='ocrx_word' id='word_1_363' title='bbox 660 4395 705 4451; x_wconf 81' lang='grc' dir='ltr'>τοῦ</span> <span class='ocrx_word' id='word_1_364' title='bbox 721 4393 838 4472; x_wconf 88' lang='grc' dir='ltr'>Χριστου</span> <span class='ocrx_word' id='word_1_365' title='bbox 861 4393 991 4471; x_wconf 84' lang='grc' dir='ltr'>μεγάλης</span> <span class='ocrx_word' id='word_1_366' title='bbox 1014 4391 1176 4472; x_wconf 87' lang='grc' dir='ltr'>ἐκκλησίας,</span> <span class='ocrx_word' id='word_1_367' title='bbox 1205 4391 1252 4452; x_wconf 86' lang='grc' dir='ltr'>καὶ</span> <span class='ocrx_word' id='word_1_368' title='bbox 1275 4370 1408 4475; x_wconf 87' lang='grc' dir='ltr'>λαμβάνη</span> <span class='ocrx_word' id='word_1_369' title='bbox 1429 4389 1501 4470; x_wconf 79' lang='grc' dir='ltr'>έλξοφ</span> <span class='ocrx_word' id='word_1_370' title='bbox 1500 4411 1536 4463; x_wconf 91' lang='grc' dir='ltr'>η·</span> 
     </span>
    </p>
   </div>
   <div class='ocr_carea' id='block_1_3' title="bbox 255 4547 462 4556">
    <p class='ocr_par' dir='ltr' id='par_1_3' title="bbox 255 4547 462 4556">
     <span class='ocr_line' id='line_1_35' title="bbox 255 4547 462 4556; baseline 0.01 -2"><span class='ocrx_word' id='word_1_371' title='bbox 255 4547 462 4556; x_wconf 78' lang='lat'><em>——-.-——.....</em></span> 
     </span>
    </p>
   </div>
   <div class='ocr_carea' id='block_1_4' title="bbox 360 4647 767 4717">
    <p class='ocr_par' dir='ltr' id='par_1_4' title="bbox 360 4647 767 4717">
     <span class='ocr_line' id='line_1_36' title="bbox 360 4647 767 4717; baseline 0.01 -21"><span class='ocrx_word' id='word_1_372' title='bbox 360 4650 380 4716; x_wconf 85' lang='lat'>¹)</span> <span class='ocrx_word' id='word_1_373' title='bbox 400 4649 500 4716; x_wconf 84' lang='grc' dir='ltr'>μανδίιιν</span> <span class='ocrx_word' id='word_1_374' title='bbox 520 4677 552 4688; x_wconf 89' lang='grc'>-</span> <span class='ocrx_word' id='word_1_375' title='bbox 570 4647 715 4717; x_wconf 84' lang='grc' dir='ltr'>πατερίτσαν</span> <span class='ocrx_word' id='word_1_376' title='bbox 733 4651 767 4701; x_wconf 85' lang='grc' dir='ltr'>Κ.</span> 
     </span>
    </p>
   </div>
   <div class='ocr_carea' id='block_1_5' title="bbox 0 0 1624 5284">
    <p class='ocr_par' dir='ltr' id='par_1_5' title="bbox 0 0 1624 5284">
     <span class='ocr_line' id='line_1_37' title="bbox 0 0 1624 5284; baseline 0 0"><span class='ocrx_word' id='word_1_377' title='bbox 0 0 1624 5284; x_wconf 95' lang='lat' dir='ltr'> </span> 
     </span>
    </p>
   </div>
  </div>
 </body>
</html>
