3166 5298
236 349 298 414 122

233 544 378 619 κέκτηνται
399 541 461 624 περὶ
482 545 513 604 τδ
536 539 659 629 [χωρίον]
682 549 729 606 τοῦ
744 545 975 626 Κραβασμοθντου
996 551 1050 623 γῆν
1074 544 1118 606 διὰ
1139 545 1356 626 χρυσοβοίιλλου,
1378 543 1426 605 καί
1448 565 1521 626 παρ-

235 665 370 726 εκάλεσαν
399 663 446 724 καὶ
477 665 609 742 ἐζῆσησαν
639 666 687 741 την
717 666 894 746 κραλλότητά
925 687 985 746 μου,
1015 667 1059 728 ίνα
1084 668 1196 745 γένηται
1223 667 1334 747 ὁρισμός
1360 665 1451 738 αθτοῑς
1476 664 1523 726 καί

234 783 450 867 περισυλλέξωσι
478 783 646 873 [ἀνθρώπους
678 785 850 874 ἐλευθέρους]
872 787 918 850 καί
947 789 1146 868 προσκαθίσωοι
1176 787 1216 862 είς
1244 789 1294 864 τὴν
1319 789 1444 866 τοιαθτην
1470 793 1522 867 γῆν

235 910 331 990 σώτών,
360 910 409 984 τῆν
434 909 606 990 παράκλησιν
633 912 720 970 αὐτῶν
746 908 953 991 προσδεξαμὲνη
980 913 998 986 ῆ
1025 910 1185 992 κραλλόσης
1212 931 1263 986 μου
1290 911 1452 990 ἐπιχορηγεῖ
1477 908 1523 970 καί

235 1030 407 1111 ἐπιβραβείιει
430 1032 518 1104 αίποῖς
540 1033 585 1092 τόν
606 1033 726 1113 παρόντα
748 1035 868 1113 όριομόν,
893 1031 928 1092 δι’
940 1026 970 1094 σίν
988 1035 1131 1113 προστάξει
1146 1032 1192 1092 καὶ
1209 1033 1362 1112 διορίζεται,
1385 1032 1430 1092 ἵνα
1445 1033 1523 1104 όσσυς

234 1149 390 1234 ἀνθρώπους
420 1154 580 1234 ἐλευθέρους
605 1155 817 1234 προοκσιθίοωοιν
844 1153 883 1227 είς
904 1156 953 1230 αἠν
976 1153 1120 1235 εἰρημένην
1143 1159 1195 1233 γῆν
1217 1153 1267 1238 καὶ,
1286 1153 1426 1234 ἀλλαχοῦ,
1459 1155 1523 1215 ἔνθα

235 1275 326 1354 ἔχουσι
347 1279 410 1354 γῆν,
440 1277 576 1354 κατέχωσι
598 1277 706 1348 τούτους
728 1276 932 1354 ἀνενοχλῆτως,
964 1277 1147 1356 ἀναφαιρέτους
1171 1275 1219 1336 καὶ
1240 1276 1456 1348 ἀναποσπάοτως
1478 1275 1523 1336 καί

234 1395 313 1458 σίιδὲν
339 1396 494 1478 εὑρίσκωσιν
521 1396 581 1458 οὔτε
604 1397 657 1460 ἀπό
678 1403 731 1458 τῶν
753 1398 824 1458 κατὰ
845 1399 955 1479 καιροὺς
976 1399 1258 1479 κεραλασικευόντων,
1291 1396 1352 1458 οὔτε
1373 1397 1449 1478 παρὰ
1470 1403 1523 1457 τῶν

235 1513 289 1604 [τὰ]
318 1517 435 1595 δημόσια
462 1519 666 1600 διενεργοθντων
688 1523 707 1595 ῆ
730 1520 774 1599 ἀφ’
787 1521 878 1599 ἑτέρου
900 1523 971 1592 τινδς
992 1526 1045 1580 τῶν
1069 1522 1195 1582 ἁπάντων
1220 1515 1416 1605 [διασεισμόν],
1447 1520 1524 1580 ἀλλά

235 1639 411 1721 διασηρώνται
434 1641 613 1720 ἀνενόχλητοι
634 1639 681 1702 καὶ
704 1641 902 1718 ἀκαταζῆτητοι
924 1642 977 1702 ἀπδ
999 1646 1088 1718 πάσης
1112 1643 1241 1722 ἐπηρείας
1262 1641 1309 1702 καί
1332 1641 1446 1720 δόσεως,
1470 1663 1523 1702 κα-

235 1762 290 1834 θώς
313 1763 404 1841 ἔχουσι
426 1761 473 1822 καί
493 1763 528 1823 τὰ
549 1764 633 1824 λοιπά
654 1766 780 1840 κτῆματα
803 1765 889 1824 αθτῶν
912 1762 958 1824 καὶ
973 1765 1065 1837 καθώς
1080 1763 1296 1841 διαλαμβάνουσι
1310 1763 1357 1825 καὶ
1371 1764 1406 1824 τὰ
1419 1767 1522 1845 χρυσό-

235 1882 343 1958 βουλλα
371 1883 419 1945 καί
447 1885 481 1946 τὰ
507 1888 702 1965 προστάγματα
722 1857 825 1948 ὀὔτῶν
862 1886 953 1946 τούτου
979 1887 1033 1967 γὰρ
1059 1891 1139 1966 χάριν
1167 1887 1276 1966 ἐγένετο
1304 1887 1394 1958 αὺτοῖς
1419 1885 1468 1946 καὶ
1494 1887 1523 1946 τδ

234 2007 318 2086 παρδν
344 2009 507 2087 πρόσταγμα
531 2013 581 2084 τῆς
607 2009 796 2088 κραλλόσητός
823 2028 875 2083 μου
902 2005 941 2080 είς
968 2009 1126 2088 άσραλειαν,
1158 2005 1223 2083 μηνί
1245 2008 1423 2087 οιπτεμβρίου
1447 2007 1472 2067 δ’
1496 2014 1521 2084 †.

337 2133 354 2204 †
381 2124 464 2206 Εἶχε
493 2127 549 2188 καί
578 2128 617 2188 δι’
639 2129 782 2209 ἐρυθρῶν
812 2131 1016 2209 γραμμάτων
1045 2135 1102 2206 τῆς
1134 2129 1315 2208 βασιλικῆς
1343 2128 1400 2190 καὶ
1429 2128 1522 2200 θείας

233 2251 349 2331 χειρός
371 2252 418 2310 τό·
443 2250 608 2330 Στέφανος
629 2252 784 2331 κράλλης
807 2255 833 2328 †.

338 2414 481 2469 Ιοαπκόάαι
496 2414 548 2468 Nr.
566 2417 594 2469 9.

701 2769 829 2838 XXIV.
858 2769 934 2836 Sine
957 2791 1050 2835 anno.

236 2955 297 3010 Βαο
309 2953 462 3027 Stephanus
475 2955 574 3010 Πυδαιι
588 2955 727 3026 οοαβααιαί
738 2956 905 3010 donationem
916 2955 1023 3025 factam
1035 2971 1054 3009 a
1065 2973 1161 3027 ιπαριιο
1172 2955 1313 3010 domestico
1327 2955 1422 3009 Αίεαίο
1434 2955 1521 3010 Βανά.
1581 2919 1582 2942 ί

236 3175 386 3258 Ἕτερον
415 3179 638 3258 πρόσταγμα
668 3175 727 3236 διόι
756 3177 820 3251 τῆν
849 3183 930 3256 γῆν,
964 3179 1005 3252 ῆν
1036 3177 1201 3237 δέδωκεν
1227 3177 1241 3236 ό
1268 3177 1387 3254 μέγας
1414 3175 1521 3252 δομὲ-

710 3319 838 3371 στικος
864 3299 879 3356 ό
902 3299 1042 3359 Ῥαοόλ.

337 3477 353 3550 †
377 3471 454 3532 Ἐπεί
476 3475 490 3533 ό
513 3471 612 3544 οἰκεῖος
634 3469 681 3532 καὶ
702 3473 887 3551 περιλημένσς
906 3478 939 3554 τῇ
961 3472 1088 3555 βασιλείᾳ
1104 3493 1164 3548 μου,
1190 3475 1278 3550 μέγας
1294 3471 1458 3548 δομόστικος
1472 3475 1521 3551 κόρ

236 3592 361 3668 Ἀλέξιος
382 3596 397 3653 ό
420 3597 530 3668 Ῥαοθλ,
554 3595 588 3655 δι’
600 3598 634 3670 ῆν
659 3590 714 3654 είδε
738 3594 918 3676 στενοχωρίαν
940 3601 993 3674 γῆς
1017 3593 1055 3666 είς
1077 3595 1107 3654 τό
1129 3593 1191 3674 περὶ
1214 3595 1261 3670 τὴν
1284 3593 1371 3672 Ζίχνα
1395 3597 1521 3672 μετόχισν

235 3723 284 3794 τῆς
306 3717 455 3794 οεβασμίας
478 3717 622 3794 βασιλικῆς
644 3725 730 3794 μονῆς
751 3723 797 3778 τοῦ
819 3718 905 3794 τιμίου
922 3717 1081 3797 Προδρόμου
1103 3723 1149 3778 τοῦ
1172 3718 1200 3777 ἐν
1223 3717 1261 3796 τῷ
1284 3717 1340 3796 όρει
1354 3721 1401 3777 τοῦ
1417 3719 1520 3778 Μενοι-

235 3839 308 3910 κέως
336 3841 367 3898 τδ
395 3837 433 3911 εἰς
455 3837 542 3915 όνομα
563 3842 717 3916 τιμώμενον
739 3845 792 3899 τών
816 3841 990 3920 Ἀσωμάτων,
1014 3837 1101 3920 οἰκείᾳ
1122 3836 1220 3922 γνώμῃ
1243 3835 1289 3898 καί
1312 3839 1404 3920 ἀγαθῇ
1426 3859 1521 3919 προαι-

236 3963 309 4042 ρέσει
338 3960 453 4041 διέκρινε
478 3959 524 4022 καὶ
548 3961 655 4022 δέδωκε
676 3965 744 4042 πρδς
767 3963 829 4022 οίασδ
853 3963 897 4022 διὰ
916 3964 1078 4042 γράμματος
1093 3963 1173 4022 αὑτοῦ
1189 3963 1303 4042 μερικὴν
1318 3968 1381 4040 γῆν,
1405 3966 1521 4040 ψυχικῆς

236 4085 318 4144 ἕνεκα
348 4084 481 4164 σωτηρίας
509 4083 556 4144 καί
586 4086 754 4162 μνημοσίινου
781 4092 831 4160 τῆς
854 4082 994 4159 βασιλείας
1018 4105 1069 4158 μου
1090 4082 1137 4143 καὶ
1160 4084 1249 4164 αὐτοῦ,
1285 4084 1400 4159 ἐζήτησε
1424 4081 1521 4144 δὲκαὶ

235 4205 410 4286 παρεκάλεσε
435 4206 561 4279 πλείονος
589 4209 670 4266 ἕνεκα
697 4205 736 4279 είς
762 4207 793 4266 τό
820 4204 886 4282 ἑξῆς
913 4206 1063 4286 ἀσραλείας
1089 4205 1137 4266 καὶ
1164 4205 1341 4281 βεβαιώσεως
1363 4210 1456 4285 τυχεῖν
1478 4203 1521 4266 καὶ

235 4329 443 4408 προστάγματος
469 4335 518 4404 τῆς
548 4329 691 4402 βασιλείας
721 4347 771 4404 μου
800 4328 986 4409 ἑπικυροῡντος
1008 4329 1056 4404 τὴν
1080 4330 1158 4388 αὒτοῦ
1180 4326 1334 4408 προαίρεσιν
1357 4326 1405 4386 καί
1428 4325 1519 4409 πρᾶξιν

237 4449 342 4529 ἀγαθὴν
370 4449 414 4510 διὰ
439 4455 485 4510 τοῦ
513 4451 640 4531 ῥηθέντος
666 4453 829 4531 γράμματος
856 4450 945 4533 αὑτοῦ,
975 4453 1023 4526 αἠν
1046 4449 1170 4528 τοιαθσην
1193 4449 1273 4510 αὐτοϋ
1295 4445 1490 4536 [παράκλησιν]
1500 4449 1519 4524 ¹)

341 4711 362 4778 ¹)
380 4708 463 4780 πρᾶξιν
480 4713 502 4762 I.
