3222 5284
249 319 314 384 350

249 513 415 572 διελθουσῶν
431 515 579 590 ὑπομνήσει
594 515 643 589 τὴν
659 516 869 593 καθηγουμένην
884 515 929 576 καί
946 517 1150 577 άνακαλέσεται
1164 517 1194 576 τό
1212 517 1360 596 ἐκβληθέν,
1377 519 1415 588 ὡς
1431 517 1544 594 εἴρηται.
1590 569 1591 572 ,

243 636 355 715 χαρτίον
386 634 432 696 καί
463 637 512 696 οὒκ
542 636 617 696 ἐάσει
648 637 887 717 παραπόλλυσθαι.
934 637 993 698 ἐπεὶ
1021 638 1052 698 δέ
1078 638 1125 698 καί
1152 639 1182 698 τό
1214 637 1432 713 εἰσοδιαζόμενον
1463 638 1545 717 ἐντῇ

244 761 316 838 μονῇ
346 757 440 837 κηρίον
470 757 541 816 κατὰ
570 757 641 818 πολὺ
672 758 799 818 ἐπέκεινα
822 764 871 835 τῆς
901 755 996 831 ἐξόδου
1013 759 1093 841 ἐστί,
1125 759 1267 840 διορίζεται
1290 761 1307 834 ἡ
1332 759 1462 834 βασιλεία
1486 779 1545 834 μον,

244 879 324 938 πέντε
348 881 420 953 μόνα
441 882 604 960 κεντηνάρια
634 882 842 972 ύποκρατεῖσθαι
866 878 896 954 ἐξ
914 883 999 956 ,αύτσῖι
1027 882 1105 961 λόγῳ
1127 889 1178 958 τῆς
1202 882 1355 958 ἐκκλησίας
1376 881 1422 941 καὶ
1446 881 1545 954 λοιπῆς
1591 925 1592 972 ,

245 996 351 1080 ἐξόδου,
378 1001 409 1060 τό
433 1000 465 1060 δέ
486 1001 584 1062 λοιπόν
607 1004 665 1079 ἅμα
689 1002 726 1082 τῷ
749 1002 949 1080 εἰσαδιασθῆναι
971 1005 1048 1076 εὐθύς
1071 1003 1269 1064 διαπωλεῖσθαι
1291 1002 1337 1064 καὶ
1361 1002 1485 1064 διδοσθαι
1509 1000 1546 1072 εἰς

246 1123 342 1202 ἐτέρας
365 1119 478 1196 ἐξόδους
500 1129 550 1200 τῆς
572 1131 667 1200 μονῆς.

348 1245 426 1324 Κεφ.
443 1245 480 1305 κ’.
505 1243 586 1326 Περὶ
608 1251 667 1322 τῆς
690 1246 1010 1326 ἐκκλησιαρχίσσης.
1043 1247 1078 1306 ‘H
1101 1249 1195 1323 μέντοι
1216 1246 1453 1327 ἐκκλησιάρχισσα
1469 1247 1543 1326 παρὰ

243 1371 293 1442 τῆς
315 1367 526 1446 καθηγουμένης
547 1369 786 1449 προχειριζομένη,
810 1371 869 1444 ἥτις
884 1373 917 1428 ἂν
933 1371 999 1452 αύτῇ
1021 1367 1088 1450 δόξῃ
1103 1371 1170 1449 πρός
1185 1371 1233 1443 τἠν
1255 1370 1381 1444 τοιαύτην
1405 1367 1543 1428 διακονίαν

243 1490 394 1569 πρόσφορός
420 1510 450 1548 τε
476 1488 522 1550 καί
555 1489 705 1570 ἐπιτηδεία,
735 1489 993 1570 παραλαμβάνουσα
1021 1495 1110 1552 πάντα
1137 1491 1190 1550 ἀπό
1212 1497 1262 1566 τῆς
1293 1489 1543 1570 σνευοφυλακίσσςς

244 1611 278 1669 τό
301 1610 353 1685 μὲν
377 1610 405 1669 ἐν
427 1610 466 1690 τῷ
488 1610 546 1689 ναῷ
568 1617 618 1687 τῆς
640 1617 727 1687 μονῆς
749 1609 894 1692 ὀφείλοντα
915 1614 1100 1692 χρησιμεύειν,
1122 1612 1194 1672 κατὰ
1216 1613 1262 1672 τόν
1284 1613 1379 1693 καιρόν
1401 1619 1449 1688 τῆς
1471 1633 1540 1689 προ-

245 1731 398 1812 χειρίσεως,
422 1732 468 1792 διὰ
489 1738 646 1814 πρακτικοῦ,
669 1733 702 1793 τὰ
727 1734 750 1793 δ’
765 1734 843 1794 ἄλλα
865 1734 898 1794 τὰ
915 1733 944 1793 ἐν
959 1736 1019 1807 ταῖς
1043 1735 1149 1814 ἑορταῖς
1170 1737 1237 1816 ἣιῄ
1260 1735 1430 1816 καθημερινῇ
1444 1737 1544 1814 χρήσει

246 1855 385 1934 πρόσφορα
407 1855 478 1914 κατὰ
500 1855 545 1914 τόν
577 1853 674 1916 δέοντα
701 1856 804 1936 καιρόν.
851 1856 917 1931 αύιη
940 1859 1056 1936 φροντιεῖ
1077 1861 1124 1916 τού
1146 1856 1274 1930 συνήθους
1296 1858 1401 1930 κόσμου
1422 1860 1470 1929 τῆς
1494 1854 1542 1913 ἐκ·

166 2033 168 2038 s
245 1974 367 2050 κλησίας
382 1975 428 2036 καὶ
443 1981 494 2052 τῆς
508 1976 698 2056 ἀφωρισμένης
714 1976 743 2035 έν
758 1975 797 2055 τῷ
811 1978 923 2056 παρόντι
938 1976 1040 2056 τυπικῷ
1056 1978 1186 2038 έκάστατε
1202 1975 1352 2056 φωταιύίας,
1375 1976 1409 2036 τὰ
1423 1996 1543 2036 τετυπω-

248 2098 318 2171 μένα
333 2096 415 2178 κηρία
433 2095 598 2178 εἰργασμένα
617 2099 873 2177 παραλαμβάνουσα
889 2099 942 2160 ἀπό
957 2106 1007 2176 τῆς
1022 2097 1281 2178 σκευοφυλακίσσης,
1304 2101 1339 2158 τά
1354 2120 1385 2158 τε
1401 2097 1440 2170 εἰς
1453 2100 1542 2173 καθη-

246 2219 359 2298 μερινὴν
381 2216 478 2298 χρείαν
501 2217 549 2279 καὶ
571 2218 605 2280 τόι
627 2218 666 2291 εἰς
689 2221 806 2296 ἑκάστην
830 2222 926 2302 ἑορτὴν
949 2221 1144 2280 ἀναλίσκεσθαι
1165 2222 1331 2300 τυπωθέντα,
1358 2221 1489 2280 ποιεῖσθαι
1512 2219 1541 2278 δέ

246 2338 373 2419 φροντίδα
394 2339 441 2400 καί
463 2346 513 2416 τῆς
537 2341 767 2417 ἐκκλησιαστικῆς
791 2342 820 2401 ἐν
839 2348 872 2423 τῇ
896 2341 1047 2424 ψαλμῳδίφ
1069 2345 1273 2420 καταστάσεως,
1296 2343 1389 2414 καθὼς
1412 2342 1472 2414 ἔθος
1488 2337 1541 2400 ἐστὶ

245 2463 305 2532 ταῖς
329 2461 597 2543 ἐκκλησιαρχίσσαις.
629 2460 732 2542 όφειλει
749 2462 779 2522 δὲ
801 2463 875 2542 ἐχειν
891 2464 909 2539 ἡ
924 2463 996 2522 κατά
1018 2465 1129 2543 καιρούς
1152 2464 1387 2544 ἐκκλησιάρχισσα
1402 2463 1448 2522 καί
1469 2483 1539 2540 παρ-

248 2583 496 2664 εκκλησισίρχισσαν
524 2589 711 2660 συμπονοῖνσαν
739 2585 805 2666 αύτῃ
829 2583 875 2645 καὶ
897 2587 1133 2665 καθυπηρετοόταν
1155 2585 1203 2646 καί
1231 2589 1411 2665 συνεργοῦσαν
1434 2584 1472 2655 εἰς
1494 2585 1539 2658 τὴν

245 2699 428 2782 ἀνακειμένην
453 2707 519 2788 αὐτῄ
542 2705 692 2766 διακονίαν.

351 2828 425 2906 Κεφ.
449 2826 507 2887 κοί.
535 2827 614 2908 Περὶ
644 2835 703 2904 τῆς
732 2827 771 2886 τόι
800 2827 951 2904 ἐδώδιμα
981 2828 1237 2904 εἰσοδιαζούσης
1266 2827 1378 2888 τεκαὶ
1412 2825 1538 2900 ἐξιδια-

244 2951 365 3024 ζαύσης
388 2949 624 3031 διακονητρίας
646 2947 702 3010 καὶ
724 2955 781 3024 τῆς
808 2950 994 3029 παράυτῆς
1017 2951 1220 3029 ὀφειλούσης
1246 2949 1399 3029 γίνεσθαι
1421 2949 1539 3008 τούτων

232 3071 449 3152 -άπογραφῆς
487 3070 627 3144 Ὡσαύτως
649 3071 696 3132 καί
718 3072 766 3146 τἠν
789 3072 823 3130 τά
845 3069 1052 3147 εἰσοδιαζόμενα
1074 3073 1162 3130 πάντα
1185 3077 1218 3153 τῇ
1242 3077 1313 3154 μονῇ
1336 3071 1460 3150 βρώσιμα
1484 3067 1536 3128 εἰσ-

228 3190 403 3264 οδιάζουοάν
426 3191 525 3252 τεκαὶ
556 3191 747 3265 ἐξοδιάζουσαν
779 3189 967 3274 διακτνητρίαν
999 3194 1171 3274 διοριζόμεθα
1193 3193 1268 3252 κατὰ
1295 3193 1391 3274 μικρόν
1415 3192 1536 3270 ἀπογρά-

245 3317 339 3394 φεσθαι
361 3315 411 3386 τθις
434 3313 565 3395 εἰσόδους,
588 3318 670 3375 πόσαι
693 3336 722 3374 τε
744 3315 791 3375 καὶ
813 3317 880 3376 πότε
902 3315 949 3376 καὶ
973 3317 1044 3394 όθεν,
1067 3315 1117 3386 τάς
1140 3315 1172 3374 δέ
1193 3313 1304 3387 ἐξόδους
1319 3317 1405 3374 ποιεῖν
1421 3317 1538 3392 φανερῶς

244 3436 315 3497 κατὰ
337 3438 385 3511 τὴν
414 3442 465 3514 τῆς
494 3438 650 3514 ἡγουμένης
679 3433 833 3516 πρόσταξιν,
867 3435 943 3518 εἰπερ
973 3437 1076 3513 μέλλοι
1098 3442 1132 3518 τῇ
1155 3437 1207 3511 μέν
1239 3437 1337 3512 ἑαυτῆς
1368 3436 1491 3517 διακονίᾳ
1511 3437 1538 3494 τό

247 3553 391 3636 ἄμεμπτον
413 3559 610 3638 περιποιεῖσθαι
632 3556 679 3618 καὶ
702 3557 885 3638 ἀπρόσκοπον,
908 3563 942 3640 τῇ
966 3557 997 3617 δέ
1013 3557 1174 3638 ἀδελφότητι
1191 3561 1266 3640 πάσῃ
1280 3559 1310 3617 τό
1327 3558 1538 3618 ἀσκανδάλιοττν

244 3677 293 3738 καὶ
316 3679 465 3760 ἀτάραχον,
488 3677 534 3740 καὶ
556 3681 645 3750 πάσας
667 3678 859 3759 πληροφορεῖν.

350 3801 428 3881 Κεφ,
451 3800 510 3877 κβ’.
535 3797 615 3881 Περί
637 3805 696 3875 τῆς
718 3797 891 3878 οἰνοχόης·
915 3798 971 3860 Καὶ
994 3798 1120 3879 οἰνοχόην
1143 3802 1339 3882 προχειριεῖται
1361 3800 1379 3874 ἡ
1403 3801 1538 3877 καθηγου-

248 3927 317 4002 μένη
348 3923 508 4004 όφείλουσαν
541 3921 771 4004 παραλαμβάνειν
801 3925 889 3983 πάντα
918 3923 964 3982 τόν
996 3921 1214 3998 εἰσοδιαξόμενον
1247 3921 1276 3982 ἐν
1305 3927 1339 4004 τῇ
1369 3926 1441 4002 μονῇ
1472 3917 1538 3980 οἶνον

247 4044 367 4106 παλαιόν
388 4065 418 4105 τε
441 4043 488 4105 καὶ
510 4045 583 4124 νέον,
605 4045 824 4126 προσγράφεσθαι
845 4049 937 4104 τοῦτον
960 4041 1006 4103 καὶ
1030 4040 1189 4124 ἐξοδιοίζειν,
1214 4043 1280 4104 ἔνθα
1302 4041 1377 4122 παρὰ
1391 4049 1443 4118 τῆς
1457 4043 1537 4120 ν’,γου-

247 4169 333 4243 μένης
355 4168 522 4250 πινντνκθῖν·

351 4289 428 4369 Κεφ.
444 4287 504 4366 κγ’.
531 4287 610 4369 Περὶ
633 4293 691 4364 τῆς
713 4285 906 4368 ὡρειαρίας.
937 4283 994 4344 Καὶ
1017 4285 1161 4366 ιύρειοιρίαν
1186 4285 1216 4346 δέ
1240 4287 1404 4364 καταστήσει
1419 4287 1437 4360 ἡ
1453 4287 1537 4359 καθη-

228 4411 367 4488 ·γουμένη
399 4410 559 4488 όφείλουσαν
582 4409 615 4468 τό
644 4410 803 4488 γεννήματα
824 4409 913 4468 πάντα
934 4407 1175 4488 παραλαμβάνειν,
1207 4408 1245 4466 ἐτι
1268 4407 1298 4466 δὲ
1321 4401 1368 4466 καί
1391 4407 1426 4466 τό
1449 4407 1537 4486 όσπρια

244 4531 290 4590 καὶ
313 4531 362 4603 τὰς
385 4528 496 4604 ἐξόδους
519 4533 617 4592 τούτων
648 4532 781 4592 ποιεῖσθαι
803 4527 946 4610 προστάξει
969 4535 1019 4604 τῆς
1041 4529 1261 4606 καθηγουμένης,
1294 4528 1332 4588 ἐτι
1354 4549 1384 4586 τε
1407 4528 1534 4598 παντοίως

244 4655 433 4730 ἐπιμελεῖσθαι
456 4655 565 4732 τούτων,
589 4653 633 4712 ἵνα
656 4653 694 4728 μὴ
719 4650 750 4725 ἐξ
773 4651 909 4728 ἀμελείας
931 4653 1013 4728 τυχόν
1037 4652 1065 4709 ἐν
1088 4653 1145 4722 τοῖς
1167 4649 1275 4732 ὡρείοις
1298 4649 1485 4710 ἀπόλλωνται.
