3240 5286
1298 331 1362 396 275

76 521 140 583 ἁλλο
160 527 205 584 τοώ
227 521 307 602 ἁγίου
330 521 479 604 Ἀβερκίου,
511 522 585 584 ἀλλο
607 529 653 584 τοῦ
677 525 755 602 ἁγίου
771 524 887 586 Ἀντίπα.
913 524 987 586 ἁλλο
1009 532 1059 600 τῆς
1081 525 1157 598 ὁσίας
1180 524 1290 604 Μαρίας
1312 531 1362 600 τῆς

75 643 220 724 Αἰγυπτίας.
260 645 335 706 ἄλλο
358 651 404 705 τοῦ
427 646 505 724 ἁγίου
528 643 662 726 μάρτυρος
684 645 822 707 Λεοντίου.
861 643 936 706 ἀλλο
959 653 1005 706 τοῦ
1027 646 1106 725 ἁγίου
1129 650 1264 727 μάρτυρος
1286 645 1361 707 Θεο-

76 767 152 847 δώρου
172 772 218 827 τοῦ
233 767 361 847 Τίρωνος
383 765 430 828 καί
449 767 593 846 στρόβιλος
613 771 659 828 τοῦ
674 769 754 828 αὐτοῦ
770 768 848 844 ἁγίου
864 764 1028 854 βαοι[λε’ως]
1039 767 1072 850 ¹),
1096 765 1140 849 ἀρ’
1153 764 1190 828 ών
1207 763 1293 848 εἶχεν,
1316 771 1362 828 ότε

76 892 100 949 τό
118 892 199 968 πάτερ
221 890 301 966 ἡμῶν
325 890 419 970 ἔλεγε.
451 887 581 966 λείψανον
603 895 650 950 τοῦ
673 889 751 968 ἁγίου
774 891 919 969 Στεφάνου.
944 887 1019 950 ἄλλο
1042 894 1088 950 τοῦ
1108 889 1185 968 ἁγίου
1202 889 1360 970 Παρθενίου.

76 1011 140 1070 ἄλλο
161 1015 206 1071 τοῦ
228 1009 302 1072 ὁσίου
319 1005 466 1092 Θεοδώρου
487 1015 534 1072 τοῦ
548 1012 673 1092 Τριχινὰ.
713 1013 787 1073 άλλο
807 1017 854 1072 τοῦ
876 1012 954 1091 ἁγίου
978 1011 1125 1092 Γρηγορίου
1147 1016 1193 1072 τοῦ
1216 1013 1360 1091 θεολόγον.

76 1129 140 1194 άλλο
161 1138 206 1194 τοῦ
229 1105 307 1214 ἁγίου
325 1133 505 1194 Πολυεύκτου.
537 1134 612 1196 ἄλλο
631 1142 681 1212 της
697 1136 778 1214 ἁγίας
794 1134 929 1216 Μυρίνης.
961 1134 1035 1194 ἄλλο
1050 1141 1100 1211 τῆς
1115 1133 1196 1212 ἁγίας
1212 1133 1361 1212 Εώρημίας.

75 1253 194 1332 λείψανον
217 1259 264 1316 τοῦ
287 1255 365 1334 ἁγίου
383 1255 564 1336 Ἐλευθερίου.
599 1256 672 1318 αλλο
694 1261 741 1316 τοῦ
763 1257 841 1338 ἁγίου
857 1257 985 1317 Ἰωάννου
999 1261 1046 1316 τοῦ
1061 1257 1254 1332 Δαμασκηνοῦ.
1271 1257 1363 1334 ἕτερον

74 1382 115 1436 τοό
135 1377 209 1455 ἁγίου
232 1375 379 1458 θεοὰώρου
400 1381 447 1438 τοῦ
469 1376 655 1458 Σρατηλὰτου.
701 1380 794 1458 ἕτερον
816 1383 862 1438 τοώ
891 1378 970 1458 ἁγίου
993 1377 1156 1459 Προκοπίου.
1203 1380 1296 1457 ἕτερον
1318 1383 1364 1437 τοῦ

74 1497 143 1576 ἁγίου
165 1499 318 1558 ἀποστόλου
334 1497 437 1558 Λουκά.
473 1501 566 1580 ἕτερον
587 1504 633 1560 τοῦ
647 1499 735 1592 γἁγίου
758 1500 912 1561 ἀποστόλου
926 1502 1071 1576 Τιμοθέου.
1104 1502 1197 1580 ἕτερον
1218 1503 1264 1560 τοῦ
1287 1499 1365 1578 ἁγίου

74 1619 208 1680 Βασιλείου
230 1623 277 1680 τοῦ
300 1618 382 1680 Νέου.
420 1621 513 1700 ἕτερον
534 1623 581 1682 τοῦ
603 1620 682 1700 ἁγίου
705 1621 944 1696 Ιίαντελεήμονος.
980 1625 1073 1702 ἕτερον
1096 1625 1142 1682 τοῦ
1164 1617 1266 1706 [ἁγίου]
1290 1622 1364 1681 Στυ-

72 1742 186 1820 ρίδωνος.
232 1743 327 1821 ἕτερον
353 1744 399 1802 τοῦ
427 1741 505 1819 ἁγίου
528 1743 655 1800 Ἰωάννου
681 1746 728 1803 τοῦ
749 1743 951 1822 Χρυσοπόμου.
997 1745 1089 1822 ἕτερον
1111 1743 1195 1802 πάλιν
1218 1747 1264 1802 τοῦ
1287 1743 1366 1820 ἁγίου

72 1859 211 1942 Θεοδώρου
238 1867 285 1922 τοῦ
308 1862 511 1942 Στρατηλὰτου.
549 1864 641 1944 ἕτερον
663 1866 709 1924 τοῦ
732 1862 809 1942 ἁγίου
833 1864 969 1944 Ἀνδρίου.
1008 1867 1100 1944 ἕτερον
1123 1868 1169 1924 τοῦ
1192 1863 1270 1942 ἁγίου
1293 1865 1364 1924 ἁπο-

72 1985 166 2044 στόλου
186 1986 293 2046 Λουκᾶ.
325 1987 399 2065 κάρα
422 1988 468 2044 τοῦ
492 1985 581 2046 αίιτοῠ.
612 1984 637 2044 οἱ
657 1986 761 2046 ἁνωθεν
777 1985 951 2062 δηλωθέντες
968 1987 996 2044 ἐν
1011 1987 1050 2064 τῷ
1065 1989 1206 2068 γράμματι
1222 1989 1365 2066 μάρτυρες.

168 2108 243 2186 †'0
266 2108 522 2185 καθηγούμενος
552 2113 611 2182 τῆς
640 2109 825 2184 οεβασμίοις
852 2115 957 2184 μονῆς
983 2115 1043 2185 τῆς
1070 2109 1290 2184 καλουμένης
1312 2111 1367 2166 τοῦ

70 2228 182 2309 Βὰοου,
206 2231 384 2300 Ὑάκινθος
409 2229 634 2308 ἱερομόναχος
657 2233 681 2306 γ.

169 2351 244 2428 †‘0
270 2351 526 2430 ἐκκλησιάρχης
556 2356 614 2426 τῆς
643 2351 744 2426 αὐτῆς
772 2351 961 2426 σεβασμίοις
985 2357 1100 2432 μονῆς,
1124 2351 1249 2424 Νεῖλος
1276 2351 1365 2432 ίερο-

71 2473 216 2552 μόνοχος
237 2477 263 2550 ί.

170 2599 187 2670 ’γ
210 2595 246 2654 Ὃ
270 2595 303 2682 ἐν
328 2595 407 2676 αίιτῇ
430 2599 467 2676 τῇ
490 2593 660 2678 οεβασμίᾳ
682 2601 766 2676 μονῇ
789 2595 962 2668 Μελέτιος
985 2597 1210 2677 ίερομὸναχος
1231 2602 1256 2676 †.

169 2721 185 2793 ί
216 2716 251 2775 ‘0
287 2715 543 2795 ἐκκλησιάρχης
577 2723 633 2792 τῆς
668 2716 853 2792 οεβαομίοις
887 2725 990 2794 μονῆς
1024 2723 1078 2778 τοῦ
1114 2719 1366 2794 Ἀκαταλήπτου

71 2837 238 2917 Ἱερόθεος
261 2837 487 2918 ίερομόναχος
510 2841 534 2914 †.
647 2861 650 2870 ·

170 2963 187 3036 †
220 2959 254 3020 ‘0
286 2958 545 3038 ἑκκλησιὰρχης
579 2963 636 3035 τῆς
669 2961 856 3034 σεβασμίοις
887 2965 992 3036 μονῆς
1020 2966 1078 3036 τῆς
1108 2961 1367 3042 Γοργοεπηκόου

72 3081 187 3161 Ἰωσὴφ
211 3081 437 3162 ἱερομόναχος
459 3086 485 3158 †.

172 3207 188 3280 †
212 3203 248 3262 ‘0
272 3201 451 3277 οἰκονόμος
480 3209 538 3278 τῆς
568 3201 670 3278 αίιτῆς
693 3202 879 3278 σεβασμίας
902 3211 1005 3280 μονῆς
1027 3209 1084 3280 τῆς
1107 3205 1367 3284 Γοργοειτηκόου

72 3325 185 3404 Ἰωσὴφ
208 3323 435 3404 ίερομόναχος
457 3327 481 3400 †.

173 3447 242 3523 †'0
258 3446 320 3506 ἁπὰ
335 3452 393 3520 τῆς
409 3443 594 3520 σεβασμίας
610 3451 713 3520 μονῆς
728 3451 784 3505 τοώ
796 3447 904 3505 Βάοου
917 3447 1091 3516 Ἀντώνιος
1105 3445 1367 3527 ίερομόναχοςγ.

173 3573 190 3644 †
219 3567 255 3626 ‘0
286 3567 348 3628 ἁιτο
379 3572 437 3642 τῆς
468 3561 655 3642 σεβασμίοις
686 3573 789 3642 μονῆς
819 3571 876 3626 τοῦ
907 3567 1050 3648 Κυρίζου
1080 3569 1252 3642 Διονύσιος
1284 3571 1368 3651 ίερο-

1 3687 6 3696 ’
72 3692 219 3766 μόναχος
241 3693 266 3766 †.

174 3810 243 3886 ΓΟ
266 3809 330 3870 ἁπὰ
353 3815 415 3870 τῶν
439 3806 489 3881 εἰς
511 3809 568 3884 τὴν
592 3809 773 3884 βασιλικὴν
797 3808 916 3889 ἱερέων
939 3809 1048 3890 ἱερεὺς
1065 3812 1208 3890 Μιχαὴλ
1231 3812 1368 3872 ἁΠαντ-

76 3933 214 4012 εώγενος
235 3930 293 3992 καί
315 3931 480 4006 Μονουὴλ
503 3930 612 4012 ίερείις
635 3931 650 3990 ό
673 3925 936 4010 Μεγαλοναίτης
958 3935 983 4008 ί.

175 4113 371 4168 Documentum
393 4119 480 4168 exstat
502 4113 531 4166 οόι
551 4111 688 4167 tabulario
709 4112 827 4182 capituli
842 4113 967 4168 ecclesiae
987 4113 1212 4183 metropolitanae
1235 4113 1369 4168 Vindobo-

73 4219 167 4289 ααιοώ,
190 4219 342 4290 editumque
358 4225 396 4272 αιι
410 4233 470 4272 eum
485 4218 607 4271 versione
622 4217 711 4270 latina
726 4217 755 4270 in
770 4217 854 4270 libro:
878 4217 1079 4289 Beschreibunq
1094 4219 1142 4272 der
1158 4217 1369 4288 Metropolitan-

72 4321 156 4378 ίοίνολο
171 4341 203 4376 ιιι
217 4321 258 4378 St.
273 4321 395 4392 Stephan
410 4323 439 4376 ώι
458 4321 542 4390 Wien,
559 4321 772 4392 ίισταιωρορεώοκ
787 4337 839 4376 von
853 4321 935 4374 einem
946 4293 1067 4376 Priester
1082 4323 1130 4376 der
1145 4323 1371 4392 erzbischbssichen

75 4426 134 4481 Κυι·
148 4427 262 4499 (loseph
282 4424 406 4499 Ορωοοτ)
422 4427 457 4480 im
474 4425 503 4480 J.
524 4427 615 4480 1779.
642 4425 725 4480 Wien.
743 4425 890 4494 Αριμειιάάο
901 4443 932 4495 p.
953 4427 1022 4479 119.

176 4683 197 4749 ¹)
217 4679 332 4732 Videtur
350 4679 549 4745 corrigendum:
569 4666 698 4744 στρόβιλος
718 4680 760 4727 τοῦ
779 4675 866 4727 αὐτοῦ·
885 4672 948 4726 ἄλλο
966 4677 1009 4728 τοῦ
1029 4673 1099 4745 ἁγίου
1119 4676 1255 4731 Βασιλείαν,

1113 4782 1162 4834 18*
