3222 5284
226 319 291 384 380

225 513 256 572 τ“ο
278 518 402 592 ταφῆναι,
434 512 496 592 (οὒκ
518 509 631 584 ἀπεικδς
653 510 707 592 γάρ
730 511 793 571 οθδέ
814 508 876 590 περὶ
904 511 995 570 τούτου
1027 506 1197 593 διαλαβεῖν),
1227 511 1258 569 τδ
1282 509 1431 585 μοναδικῶν
1456 530 1543 584 μετ-
1605 511 1606 584 ζ

228 635 418 714 αμφιασαμένη
449 639 547 712 σχῆμα
579 630 686 706 ἐξέσται
715 636 793 692 τοῦτο
825 634 902 714 αθτῆ,
933 631 1032 704 άλλως
1055 630 1087 691 δέ
1110 631 1247 713 οθδαμῶς,
1277 629 1325 692 καὶ
1347 632 1428 692 τόπον
1455 629 1543 704 ἕξειν
1605 603 1606 668 3

227 757 256 816 ἐν
279 755 318 835 τῷ
348 753 518 837 έξωνάρθηκι
529 753 550 838 ¹)
581 753 621 826 εἰς
648 756 697 829 τὴν
727 755 870 815 κατάθεσιν
892 757 939 814 τοῦ
968 751 1037 814 ἰδίου
1066 753 1208 835 λειψάνου,
1236 755 1283 814 τδν
1314 751 1413 814 οἰκεῖον
1444 755 1546 831 τάφον
1605 735 1606 738 ¹

225 878 296 940 κατὰ
317 879 348 938 τδ
372 878 468 939 δοκοῦν
492 879 558 960 αὐτῆ
580 878 739 953 ποιουμένη.
771 877 804 936 τὰ
828 876 987 953 μνημόσυνα
1009 875 1040 936 δέ
1062 883 1116 936 τῶν
1139 876 1223 948 οὔτως
1247 875 1276 935 ἐν
1298 877 1383 959 ταύτῃ
1402 897 1545 956 ταφησσ-

225 1003 315 1076 μένων
338 999 385 1060 καὶ
408 999 436 1060 αἱ
460 1000 488 1060 έν
514 1001 571 1072 τοῖς
599 1001 694 1079 τάφοις
724 999 811 1058 αὐτῶν
843 999 976 1078 φωταψίαι
998 1003 1052 1058 τῶν
1076 999 1127 1074 μὲν
1158 995 1223 1074 μηδ’
1236 999 1322 1058 ὁτιοῦν
1346 997 1375 1058 έν
1397 1005 1431 1080 τῆ
1457 1003 1544 1077 μονῇ

227 1122 436 1204 αίρετισαμένων
460 1122 606 1202 ἀφιερῶσαι
630 1121 735 1180 ἔσονται
757 1122 899 1201 γινόμενα,
922 1119 1048 1196 καθὼςή
1072 1119 1200 1194 βασιλεία
1223 1139 1274 1196 μου
1298 1117 1453 1200 διετάξατο,
1479 1121 1542 1200 ἐφ-

227 1245 361 1321 απτοθοης
384 1245 491 1324 ἑκάστῳ
512 1245 588 1324 τάφῳ
603 1243 651 1304 καί
665 1241 810 1319 κανδήλας
830 1245 979 1319 ἀκοιμήτου
995 1247 1070 1323 μιᾶς,
1094 1248 1146 1302 τῶν
1163 1243 1194 1303 δέ
1209 1241 1256 1304 καί
1270 1264 1295 1302 τι
1315 1242 1423 1304 οἴκοθεν
1436 1263 1540 1324 πρεσ-

227 1369 338 1447 ενέγκαι
367 1365 414 1428 καὶ
445 1367 591 1448 ἀφιερῶσαι
621 1369 718 1448 γνώμῃ
748 1363 795 1426 καὶ
825 1367 982 1448 προαιρέσει
1011 1363 1099 1448 οἰκείᾳ
1129 1365 1339 1446 ἀσπασαμένων,
1369 1365 1467 1438 καθὼς
1501 1369 1542 1424 ἂν

228 1483 304 1550 αὗται
331 1489 384 1550 ἀπδ
411 1495 465 1549 τῶν
495 1489 560 1568 παρ’
573 1489 660 1549 αθτῶν
691 1487 842 1563 διδομένων
871 1490 1032 1568 τυτιθσαιεν,
1063 1485 1103 1561 εἰς
1132 1489 1290 1568 προσθήκην
1321 1487 1449 1563 δηλονότι
1474 1493 1540 1546 τῶν

226 1609 410 1689 διωρισμένων
431 1611 496 1690 παρ’
508 1612 596 1688 ήμῶν.
642 1611 692 1670 οίνκ
715 1606 823 1683 ἐξέσται
846 1609 878 1670 δέ
900 1631 949 1670 τινι
972 1615 1024 1670 τῶν
1049 1609 1184 1689 ἁπάντων,
1206 1609 1259 1669 κάν
1283 1610 1376 1691 ἅρχων
1394 1609 1446 1691 εἴη,
1475 1612 1537 1669 κᾶν

227 1730 345 1812 ἰδιώτης,
375 1735 427 1793 κάν
449 1733 600 1812 ἡγουμένη,
623 1735 675 1794 κάν
698 1735 818 1812 μοναχῆ,
841 1735 893 1792 κάν
916 1733 1099 1814 προσαγωγὴν
1128 1733 1256 1812 μεγάλην
1278 1730 1326 1793 καὶ
1348 1731 1452 1809 δαψιλῆ
1482 1733 1539 1792 καὶ

227 1855 357 1936 ἑπωφελῆ
386 1856 549 1932 ποιούμενος
571 1861 604 1938 τῆ
628 1861 698 1938 μονῇ
730 1857 801 1915 κατά
822 1875 882 1916 τινα
907 1855 1037 1935 πρόφασιν
1067 1855 1211 1931 μετάθεσίν
1232 1873 1304 1927 τινος
1326 1858 1381 1914 τῶν
1406 1853 1435 1914 ἐν
1458 1856 1537 1936 αδτῆ

225 1979 422 2054 τεθεισομένων
438 1977 577 2056 λειψάνων
593 1976 800 2057 βουλεύσασθαι,
815 1975 923 2039 πολλοῦ
933 1998 968 2055 γε
984 1975 1069 2037 εἰπεῖν
1086 1975 1295 2058 διαπράξασθαι,
1310 1977 1395 2057 ήγουν
1410 1984 1537 2058 ταφῆναι

227 2098 274 2161 καὶ
297 2103 454 2178 συντεθῆναι
476 2102 579 2174 τούτοις
602 2102 676 2174 θλως
699 2099 921 2180 διαλογίσασθαι·
951 2103 1020 2160 πάνυ
1042 2099 1096 2182 γὰρ
1118 2103 1164 2161 τοῦ
1186 2101 1307 2160 τοιούτου
1336 2099 1537 2176 βουλεύματός

225 2221 325 2283 τεκαὶ
348 2222 536 2303 ένεργήμοιτος
557 2225 661 2295 πάντας
684 2221 851 2301 ἀναχαιτίζει
873 2223 892 2298 ῆ
916 2221 1043 2296 βασιλεία
1067 2242 1118 2298 μου
1141 2220 1186 2281 διὰ
1205 2227 1257 2296 τῆς
1277 2222 1417 2302 παρούσης
1446 2222 1536 2298 αὐτῆς

227 2351 343 2425 κοινῆς·

257 2517 260 2523 .
331 2465 400 2546 Κεφ
423 2468 466 2536 οί.
500 2463 579 2546 Περὶ
600 2469 655 2526 τοῦ
678 2466 818 2547 ἀριθμοῦ
839 2462 903 2526 τῶν
925 2466 1116 2544 γεγονότων
1139 2464 1283 2546 βρεβίων
1305 2464 1362 2524 καὶ
1384 2473 1535 2526 τυπικῶν

226 2593 286 2664 τῆς
308 2587 494 2664 σεβασμίας
522 2595 626 2665 μονῆς
647 2593 705 2664 τῆς
727 2588 1018 2670 Κεχαριτωμένης
1040 2585 1095 2648 καὶ
1123 2589 1202 2648 ὅπου
1230 2589 1370 2649 έκαστσν
1398 2587 1533 2668 ὀφείλει

227 2710 441 2787 ἀποτεθῆναι.
487 2709 566 2770 Ἐπεὶ
596 2710 628 2771 δέ
657 2708 704 2771 καὶ
732 2709 793 2790 τρία
822 2711 919 2771 τυπικά
947 2713 1079 2790 γεγόνασι
1109 2716 1248 2787 σωματῶα
1276 2711 1342 2791 παρ’
1358 2712 1440 2788 ήμῶν
1472 2712 1528 2772 ἀπὸ

227 2835 362 2910 βλαττίων
394 2833 561 2912 ένδεδυμένα
583 2833 630 2895 καὶ
656 2834 718 2916 τρία
748 2833 846 2916 βρέβια
867 2835 913 2894 σὺν
935 2832 974 2912 τῷ
1003 2835 1114 2914 παρόντι
1142 2831 1268 2910 δηλονότι
1290 2833 1394 2914 τυπικῷ
1418 2832 1530 2912 καὶτῷ

228 2957 330 3038 βρεβίῳ
352 2962 405 3017 τῶν
428 2961 461 3039 τῇ
486 2963 555 3038 μονῇ
579 2958 791 3038 ἀφιερωθέντων,
816 2957 988 3036 διοριζόμεθα
1010 2955 1044 3015 τά
1067 2955 1117 3031 μὲν
1140 2955 1187 3015 δύο
1210 2955 1320 3038 τούτων,
1343 2955 1430 3034 ῆγουν
1452 2957 1483 3015 τέ
1499 2977 1531 3015 τε

227 3080 337 3138 τυπικδν
359 3076 406 3138 καὶ
428 3080 459 3138 τδ
482 3078 592 3160 βρέβιον
614 3077 653 3157 τῷ
676 3078 741 3159 θείῳ
763 3077 810 3139 καὶ
833 3079 927 3158 ἀσθλῳ
949 3077 996 3138 καὶ
1019 3076 1084 3159 ἱερῷ
1107 3077 1312 3158 σκευοφυλακίῳ
1335 3083 1386 3153 τῆς
1400 3082 1449 3138 τοῦ
1464 3079 1531 3138 θεοῦ

228 3201 357 3280 μεγάλης
380 3201 533 3277 ἐκκλησίας
556 3197 730 3281 ἀποτεθῆναι,
754 3204 845 3282 ὥσπερ
867 3199 915 3261 καὶ
938 3203 1002 3262 ὅπου
1021 3199 1072 3260 καὶ
1093 3200 1127 3259 τά
1148 3205 1199 3276 τῆς
1222 3194 1347 3280 ἀνδρῴας
1371 3207 1460 3276 μονῆς
1482 3205 1532 3260 τοῦ

227 3323 439 3404 Φιλανθρώπου,
462 3323 546 3402 ήγσυν
568 3326 599 3384 τό
621 3343 651 3382 τε
673 3325 781 3384 τυπικδν
803 3321 851 3384 καὶ
869 3325 901 3383 τδ
924 3321 1044 3403 βρέβιον,
1069 3324 1107 3394 ὡς
1130 3319 1315 3395 ἀνεξάλειπτα
1338 3317 1408 3381 εἶναι
1425 3320 1466 3394 εἰς
1482 3323 1530 3382 τάν

228 3442 314 3504 αἰῶνα
336 3446 381 3504 τὀν
405 3445 511 3504 ἅπαντα
532 3443 567 3503 τὰ
588 3445 652 3524 παρ’
662 3445 741 3522 ήμῶν
766 3445 794 3504 ἐν
816 3446 901 3524 τοίντῳ
923 3443 985 3525 περὶ
1006 3448 1056 3519 τῆς
1079 3449 1165 3520 μονῆς
1187 3448 1233 3503 τοῦ
1254 3443 1459 3522 Φιλανθρώπου
1483 3445 1530 3504 δι-

227 3566 367 3646 ορισθέντα
389 3564 493 3624 καὶτὰ
515 3564 691 3644 ἀφορισθέντα
713 3567 790 3648 αθτῆ.
823 3568 904 3645 ἕτερα
927 3565 958 3626 δὲ
982 3566 1028 3626 δθο
1053 3561 1121 3625 εἶναι
1142 3559 1217 3645 παρὰ
1236 3567 1299 3654 ταῖς
1320 3565 1392 3624 κατὰ
1415 3567 1530 3646 καιροὺς

226 3691 276 3762 τῆς
299 3693 386 3763 μονῆς
408 3685 705 3765 ἀντιλαμβανομένας,
729 3689 767 3758 ὡς
790 3686 893 3763 εἴδησιν
916 3687 992 3765 ἔχειν
1016 3686 1114 3768 ἀκριβῆ
1138 3691 1191 3747 τῶν
1204 3686 1359 3766 παρ’ήμῶν
1378 3687 1406 3746 ἐν
1422 3687 1529 3760 τούτοις

229 3811 424 3891 διωρισμένων,
442 3793 488 3870 Ιτά
511 3810 536 3871 δ’
550 3809 627 3870 ἀλλα
649 3809 706 3890 δθο,
728 3812 759 3870 τό
781 3830 811 3870 τε
833 3811 941 3870 τυπικδν
963 3808 1010 3870 καὶ
1032 3810 1062 3870 το
1086 3807 1196 3889 βρέβιον
1220 3808 1411 3868 ἐναποκεῖσθαι
1435 3807 1466 3868 ἐν
1490 3809 1528 3889 τῷ

228 3932 432 4013 σκευοφυλακίῳ
454 3938 504 4009 τῆς
533 3938 619 4008 μονῆς
641 3939 690 4009 τῆς
712 3933 959 4012 Κεχαριτωμένης.
1005 3931 1038 3990 τά
1069 3931 1160 4006 μέντοι
1185 3931 1267 4011 ἕτερα
1291 3929 1337 3988 δύο
1360 3930 1458 4009 τεύχη,
1490 3925 1529 3990 ῶν

226 4057 257 4115 ιδ
280 4054 331 4131 μὲν
354 4053 393 4128 εἰς
415 4059 524 4115 τυπικοῶ
546 4051 621 4126 τάξιν
643 4057 753 4133 γέγονε,
777 4056 807 4114 τδ
828 4053 860 4114 δέ
884 4055 975 4132 ἕτερον
991 4051 1031 4125 εἰς
1054 4051 1173 4134 βρεβίου,
1198 4051 1353 4127 βαμβθκινα
1369 4049 1417 4111 καὶ
1434 4051 1527 4132 ἀμφέ-

226 4195 292 4256 τερα
315 4177 388 4255 δντα,
412 4174 451 4248 εἰς
473 4175 659 4255 καθημερινὴν
681 4181 778 4256 χρῆσιν
803 4176 909 4236 έσονται
931 4173 979 4234 καὶ
1001 4174 1069 4234 αθτά
1090 4179 1124 4256 τῆ
1147 4179 1227 4256 μονῇ.

279 4327 281 4332 v
331 4300 408 4378 Κεφ.
431 4298 489 4376 οη’.
525 4297 767 4379 Παρακλητικὴ
798 4296 995 4378 παραίνεσις
1024 4299 1105 4376 τρδς
1132 4296 1190 4366 τὰς
1221 4297 1384 4373 μοναχάς.
1434 4292 1526 4355 Ἔστω

227 4421 278 4496 μέν
302 4417 346 4480 οὖν
372 4425 464 4502 ταῦτα,
496 4423 546 4481 ὅσα
568 4426 657 4502 γετῆ
687 4415 816 4501 βασιλείᾳ
846 4439 898 4493 μου
928 4417 1060 4498 βουλητά,
1094 4416 1135 4494 εἴη
1161 4417 1192 4477 δὲ
1220 4414 1304 4476 εἰπεῖν
1333 4415 1442 4495 καὶτῷ
1472 4416 1526 4494 θεῷ

332 4682 352 4748 ¹)
372 4677 505 4749 ἐξωάρθηκι
522 4681 559 4732 Μ.
