3240 5286
852 921 925 996 XI.

527 1113 690 1206 privilegia
713 1113 861 1188 Theodoro
884 1115 1069 1190 Scutarlotae
1097 1133 1248 1192 concessa.

505 1340 531 1404 Ι.
560 1338 810 1428 [6778427οή
833 1362 945 1406 mense
968 1342 1062 1424 maio,
1085 1340 1152 1406 ind.
1175 1340 1271 1406 XIII.

264 1527 417 1596 Imperator
431 1524 552 1580 Μίοίιαὲί
566 1524 746 1596 Ραίασολιριιι
760 1525 875 1580 diacono
895 1523 1031 1580 modom
1048 1526 1220 1582 δακέειν-ιδίας
1239 1525 1342 1596 confert
1357 1527 1515 1599 ἀέρπίίυίετκ

777 1629 1001 1702 ἀίοιιεαρθμίυοὺ.

243 1833 399 1912 Ὀρισμδς
432 1835 487 1892 τοῦ
521 1829 689 1905 βασιλέως
721 1825 1016 1920 [Μιχαὴλόοίικα
1047 1828 1223 1918 Ἀγγέλου]
1260 1833 1437 1912 ίίομνήνοῦ
1471 1829 1537 1918 [τοῦ

243 1949 498 2040 Παλαιολόγου]
526 1953 606 2032 πρδς
630 1947 830 2038 [θεόδωρσν]
858 1954 913 2013 τόν
936 1955 1191 2033 Σκουταριιθτην
1213 1957 1381 2035 γεγονότα
1403 1951 1537 2041 [μητρο-

240 2071 394 2160 πολίτην]
410 2075 562 2147 Κυζίκου.
594 2075 731 2157 όρισμδς
752 2077 981 2156 προσκυνητδς
1003 2081 1058 2136 τοῦ
1080 2081 1238 2158 κραταιοῦ
1257 2076 1314 2138 καί
1335 2079 1538 2155 θεσστερσῦς
1604 2152 1605 2160 γ

242 2198 337 2278 ἁγίου
366 2199 457 2276 ἡμῶν
487 2199 643 2258 αῦθέντου
673 2195 726 2257 καὶ
757 2195 935 2276 βασιλέως,
966 2199 1022 2257 ότε
1052 2219 1092 2274 με
1121 2198 1164 2278 τῷ
1194 2203 1248 2260 τοῦ
1276 2199 1539 2280 δικαιορύλακος

710 2319 871 2395 ἐτίμησεν
895 2315 1068 2395 ἀξιώματι.

346 2495 509 2570 γΜιμεϊτσιι
532 2491 579 2554 καὶ
596 2493 715 2569 Μωῦτῆν
738 2492 842 2554 ἐκεῖνον
865 2495 882 2570 ἡ
905 2491 1031 2568 βασιλεία
1055 2514 1108 2568 μου
1130 2495 1175 2556 τόν
1198 2495 1377 2576 δημαγωγὸν,
1400 2495 1446 2556 καὶ
1470 2499 1539 2576 πρός

243 2618 288 2676 τόν
318 2623 367 2692 τῆς
396 2615 559 2692 νομοθεσίας
590 2614 694 2676 ἐκείνου
724 2615 809 2690 ζῆλον
843 2616 882 2687 ὡς
912 2614 1016 2694 ἐρικτδν
1046 2615 1234 2676 ἀπευθῦνεται·
1270 2619 1309 2689 ὡς
1342 2617 1397 2698 γὰρ
1433 2617 1539 2688 ἐκεῖνος
1605 2681 1606 2688 γ

243 2740 288 2798 τόν
320 2737 445 2818 δακτύλῳ
475 2739 538 2800 θεοῦ
566 2739 703 2816 γραφέντα
732 2739 815 2812 νόμον
846 2735 1025 2818 ἐγχειρισθεὶς
1056 2737 1100 2798 διὰ
1130 2743 1175 2799 τοῦ
1199 2737 1313 2821 Ἀαρών,
1341 2744 1540 2816 σεμνυνομένου

243 2864 273 2923 τό
295 2866 440 2936 τηνικαῦτα
462 2859 501 2940 τῷ
523 2859 650 2940 ίερατινκξι
670 2856 813 2938 ἀξιώματι,
835 2858 874 2940 τῷ
890 2857 1066 2939 ίσραηλιτικῷ
1081 2857 1144 2938 λαῷ
1160 2860 1349 2940 διεπόρθμευε,
1372 2862 1442 2924 κατὰ
1455 2867 1539 2922 ταῦτα

243 2983 290 3044 καί
318 2985 336 3058 ἡ
367 2983 495 3058 βασιλεία
523 3002 574 3057 μου
603 2984 634 3042 τό
663 2983 763 3054 παντός
784 2985 938 3058 τιμώμενον
960 2987 1009 3058 τῆς
1032 2981 1178 3057 βασιλείας
1199 2989 1297 3064 χρῆμα
1319 2984 1445 3059 λαβοῦσα
1467 2985 1537 3064 παρὰ

243 3108 315 3187 θεοῦ,
350 3109 383 3182 ἣν
417 3106 530 3181 ἔννομον
565 3105 652 3186 ἀρχὴν
683 3103 708 3164 σί
737 3104 826 3165 πάλαι
856 3104 996 3184 ὡρίσαντο,
1030 3103 1175 3164 κάντεῦθεν
1207 3103 1272 3166 οὖσα
1303 3108 1388 3182 νόμος
1418 3107 1539 3184 ἔμψυχος

243 3229 376 3308 ἀτεχνῶς,
399 3230 437 3300 ὡς
459 3225 505 3288 καὶ
527 3229 558 3287 τό
581 3225 663 3300 δόξαν
682 3228 765 3308 ταύτῃ
785 3229 910 3307 καθάπερ
925 3228 1009 3302 νόμον
1024 3226 1143 3306 γραπτδν
1158 3222 1207 3286 καὶ
1222 3227 1355 3306 λέγεσθαι
1369 3227 1417 3287 καί
1432 3229 1537 3288 πιστεῦ-

244 3352 329 3432 εσθαι,
360 3351 416 3410 τὀν·
436 3349 606 3425 ἐντιμότατον
638 3349 667 3410 ἐν
695 3351 902 3430 πατριαρχικοῖς
933 3349 1059 3427 ἄρχουσιν
1090 3347 1135 3409 ἐπὶ
1163 3353 1216 3408 τῶν
1248 3347 1371 3423 δεήσεων
1393 3354 1444 3430 κῦρ
1467 3349 1537 3411 Θεό-

244 3472 330 3551 δωρον
361 3471 484 3532 διάκονον
513 3477 568 3531 τῶν
590 3473 796 3551 Σκουταριὼιην
826 3469 912 3550 ἄνδρα
942 3470 1055 3550 εῦροῦσα
1084 3470 1156 3530 κατὰ
1183 3472 1231 3546 τὴν
1253 3471 1538 3552 παλαμηφορουμένην

244 3593 299 3672 θεῷ
321 3593 436 3673 καρδίαν
463 3593 556 3670 αδτῆς,
579 3591 627 3652 καί
648 3594 715 3674 πρός
741 3595 800 3664 ταῖς
827 3592 930 3665 ἄλλαις
952 3592 1079 3671 λογικοῖς
1103 3591 1264 3668 ἐπιστήμαις
1285 3591 1333 3653 καὶ
1356 3593 1419 3666 τοὺς
1441 3594 1538 3672 λόγους

244 3716 364 3796 ἀκριβῶς
391 3714 590 3797 μελετήσαντα,
618 3711 725 3795 καὶτῷ
748 3712 813 3794 ἱερῷ
834 3713 883 3774 καί
905 3714 970 3793 θείῳ
992 3713 1142 3794 καταλόγῳ
1166 3713 1349 3793 ἐμπρέποντα,
1373 3721 1405 3797 πή
1429 3721 1474 3776 τοῦ
1497 3715 1538 3774 δι-

242 3837 429 3918 καιορίλακσς
451 3833 515 3919 ἀξίᾳ
536 3842 630 3913 τιμᾶν·
659 3835 750 3917 χρεὼν
771 3836 826 3916 γὰρ
848 3836 894 3896 τὀν
918 3837 951 3896 ἐκ
972 3856 1002 3895 τε
1024 3833 1104 3896 θείων
1127 3834 1173 3896 καὶ
1197 3835 1386 3896 ἀποστολικιῦν
1409 3841 1537 3912 κανόνων,
1604 3869 1606 3890 ι

245 3961 277 4020 ἐκ
303 3979 333 4019 τε
359 3965 413 4019 τῶν
435 3963 536 4038 νόμων,
565 3961 611 4032 σῦς
635 3957 709 4038 σοροί
732 3959 832 4040 ἄνδρες
855 3954 990 4036 ἐξέθεντο,
1018 3963 1117 4036 γνῶσιν
1140 3957 1180 4031 είς
1202 3958 1236 4018 τό
1258 3957 1379 4034 μάλιστα
1402 3957 1537 4032 συλλεξά-

244 4101 325 4158 μενον
348 4075 455 4162 καὶτῷ
479 4079 694 4159 δικαιρυλακικῷ
719 4079 924 4156 ἐνσεμνῦνεσθαι
948 4075 1089 4154 ἀξιώματι.
1122 4079 1183 4140 όθεν
1199 4078 1251 4138 καί·
1262 4079 1406 4160 διορίζεται
1428 4079 1538 4156 ήβασι-

243 4203 308 4264 λεία
338 4225 389 4278 μου
419 4203 464 4264 διὰ
491 4209 541 4279 τῆς
567 4203 703 4282 παρούσης
732 4203 814 4277 αὐτῆς
841 4199 1024 4280 προστάξεως,
1057 4201 1250 4281 διενεργεῖοθαι
1276 4201 1352 4281 παρὰ
1372 4207 1419 4262 τοῦ
1442 4203 1538 4276 διαλη-

244 4327 354 4405 ρθέντος
382 4325 554 4400 ἐντιμοτάτσυ
583 4325 612 4383 ἐν
639 4327 845 4404 πατριαρχικοῑς
873 4323 1000 4402 ἄρχουσιν
1028 4321 1071 4382 ἐπί
1101 4327 1154 4382 τῶν
1182 4321 1304 4397 δεήσεων
1325 4327 1375 4404 κῦρ
1399 4321 1538 4403 θεοδίιρσυ

245 4447 371 4508 διακόνου
392 4451 439 4508 τοῦ
454 4447 654 4525 Σκουταριῦτσυ
669 4447 700 4506 τό
721 4444 960 4524 δικαιορυλακικδν
982 4441 1110 4524 όρρίκιον,
1134 4443 1326 4520 μεταστάντων
1341 4450 1395 4525 τῷν
1412 4445 1539 4506 ἀπονενε-

244 4572 375 4648 μημένων
407 4569 477 4650 αδτῷ
508 4567 619 4628 δικαίων
649 4567 696 4628 καί
725 4567 818 4640 καθὼς
851 4567 986 4646 ἐνεργεῖτο
1008 4564 1054 4626 καί
1081 4565 1155 4646 παρὰ
1181 4571 1234 4626 τῶν
1256 4567 1351 4628 1ιταίλαι
1373 4569 1538 4646 κεκτημένον

245 4694 318 4774 αὑτό,
341 4692 388 4756 καί
410 4699 459 4771 τῆς
482 4692 564 4768 αυτής
581 4689 688 4767 ἐκείνης
704 4691 831 4768 μετέχειν
847 4693 938 4751 τοῦτον
954 4695 1034 4766 τιμῆς
1049 4709 1079 4749 τε
1094 4686 1270 4768 καίτσίξεως,
1296 4689 1324 4749 ἐν
1339 4709 1370 4750 τε
1385 4691 1536 4772 καθέδραις,
