3222 5284
1314 333 1379 400 359

180 529 262 606 Κεφ.
285 527 346 588 λε’.
379 525 459 606 Περί
481 531 541 602 τῆς
572 525 711 600 ἐννσίτης
740 526 843 605 ὧρας,
875 527 1049 606 έσπερινσῦ
1080 525 1136 587 καὶ
1166 529 1379 608 παννυχίδος.

78 651 222 722 Ὡσαύτως
244 647 292 710 καὶ
314 648 348 710 τὰ
369 653 419 724 τῆς
442 647 556 724 ἐννότης
578 649 653 728 ὥρας
675 647 799 728 μεοώρια
822 647 852 708 ἑν
875 643 913 724 τῷ
936 647 1105 730 κοιμηκηρίῳ
1127 650 1202 725 ὑμῶν
1223 649 1380 728 ψάλλεσθαι

78 773 249 851 βουλόμεθα,
273 774 320 831 τοῦ
342 773 439 851 μικροῦ
462 768 603 845 συμβόλου
625 770 801 850 κρουομένου,
828 771 933 849 τήνγε
957 770 1011 845 μὴν
1035 769 1147 847 ἐνναέτην
1170 773 1244 852 ὥραν
1259 772 1379 849 ψάλλειν

77 894 146 968 ὑμᾶς
177 893 231 972 δεῖ,
261 892 355 964 καθὼς
376 889 425 951 καὶ
447 890 497 963 τόις
518 889 767 971 προθιαληρθείοας
789 891 873 970 ῦρας,
905 893 976 966 μετά
997 911 1028 951 τε
1050 897 1103 952 τῶν
1126 893 1272 971 μεσωρίων
1296 893 1379 970 αύτῆς

76 1013 201 1074 καὶτῶν
224 1018 386 1102 μετανσιῶν,
408 1015 456 1073 τοῦ
479 1017 654 1093 σημαντῆρος
675 1013 766 1084 παίσας
789 1011 999 1092 συγκαλοῦντος,
1023 1014 1061 1086 ὡς
1084 1013 1156 1084 έθος.
1187 1011 1234 1074 καί
1256 1015 1271 1073 ό
1294 1015 1378 1074 έσπε-

77 1137 147 1216 ρινός
171 1135 205 1196 δὲ
234 1135 319 1211 ύμνος
348 1134 420 1195 κατὰ
441 1133 491 1210 τήν
512 1137 558 1194 τοῦ
589 1127 751 1214 συναξαρίου
773 1133 835 1209 ὑμῖν
866 1133 1031 1208 τελούμενος
1063 1135 1137 1194 ἔσται
1163 1134 1308 1215 περίληψιν
1330 1132 1379 1196 καί

77 1263 217 1330 τοναπτιῦς
239 1258 257 1332 ή
280 1255 420 1336 πανυυχίς.
454 1253 514 1318 ἐπεὶ
536 1254 568 1316 όὲ
591 1257 712 1336 σήμερον
736 1255 813 1337 έντῇ
836 1255 978 1334 παννυχίόι
993 1253 1025 1330 ἓξ
1040 1258 1172 1337 τρσπσίρια
1187 1258 1250 1318 καθ’
1261 1259 1378 1334 έκοίστην

76 1372 149 1458 ᾠδὴν
172 1379 340 1459 ψαλλσνται,
363 1378 434 1455 μετὰ
455 1379 504 1453 τὴν
526 1377 607 1454 ήμῶν
629 1377 697 1458 πρός
720 1377 810 1456 κύριον
834 1373 970 1454 ἐκδημίαν
992 1375 1025 1436 τὰ
1041 1375 1092 1454 μὲν
1107 1378 1227 1460 τέσσαρα
1242 1377 1378 1459 ὀφείλουσι

76 1497 234 1575 ήκλλεοθαι
256 1499 328 1560 κατὰ
349 1501 380 1560 τό
403 1495 572 1580 συναξοίρισν,
594 1499 629 1559 τὰ
651 1498 683 1560 δὲ
707 1498 753 1559 δύο
776 1493 846 1559 είυαι
868 1501 1036 1578 νεκριθσιμα.

179 1624 257 1703 Κεφ.
273 1615 339 1697 λς’.
364 1621 445 1702 Περί
465 1627 528 1682 σῦν
552 1621 772 1682 ἀποδείπνων.
804 1621 840 1682 'H
863 1621 895 1682 δέ
909 1641 943 1701 γε
958 1626 1012 1682 τῶν
1035 1621 1206 1682 σίπσδείπνων
1228 1621 1378 1682 ἀκολουθία

76 1744 145 1817 μετὰ
166 1745 199 1804 τό
223 1744 330 1804 δεῖπνον
353 1745 413 1819 ύμῖν
435 1742 631 1820 τελεσθήσεται
654 1743 684 1803 έν
705 1741 744 1824 τῷ
763 1747 813 1819 τῆς
836 1743 987 1817 ἐκκλησίας
1010 1740 1222 1826 ἐξωνάρθηκιί),
1246 1743 1276 1802 ἐν
1291 1737 1314 1824 ᾧ
1329 1739 1377 1804 καί

77 1865 107 1922 τὰ
132 1869 240 1945 γόνατα
261 1866 372 1927 κλιτίον
394 1865 466 1946 ὑμῖν,
489 1863 513 1926 εί
536 1867 575 1942 μή
598 1886 633 1945 γε
655 1867 699 1924 τό·
724 1865 808 1945 ,θεός
830 1865 942 1946 κύριοςιι
965 1864 1110 1942 ψαλλσιτο.

180 1987 259 2066 Κερ.
282 1985 346 2059 λζ’.
378 1985 462 2068 Περί
490 1991 549 2062 τῆς
578 1992 773 2066 νυκτερινῆς
803 1985 1019 2058 ἀκολουθίας.
1064 1984 1121 2046 Καὶ
1150 1985 1221 2062 μετὰ
1241 1986 1299 2060 Ατήν
1322 1991 1376 2045 τῶν

75 2108 245 2168 ἁποόείπνων
269 2109 462 2188 συμπλήρωσιν
483 2111 530 2168 τοῦ
553 2107 650 2189 ἱερέως
672 2109 721 2184 τὴν
744 2109 843 2184 συνήθη
868 2107 1027 2179 ἐπειπόντος
1049 2107 1132 2186 εῦχῆν
1156 2107 1233 2182 ὑμεῖς
1256 2106 1307 2182 μὲν
1331 2103 1376 2167 ἐπὶ

75 2229 217 2306 πρόσωπον
241 2227 280 2302 είς
301 2234 354 2308 γῆν
377 2229 504 2290 πεσεῖσθε
532 2230 714 2310 προσέχουσαι
735 2235 769 2312 νή
791 2229 997 2308 καθηγουμένη,
1031 2225 1138 2304 ἐκείνης
1161 2227 1192 2288 δὲ
1214 2229 1282 2310 πρός
1304 2228 1376 2303 ὑμᾶς

76 2347 215 2427 εἰπούσης·
239 2352 458 2431 ,,συγχωρήοατέ
481 2371 526 2426 μοι
551 2350 580 2410 ἐν
595 2350 689 2430 κυρίῳ,
713 2347 847 2430 ἀδελφαί·
870 2352 993 2430 ἥμαρτον
1011 2348 1128 2432 γὰρκαὶ
1145 2348 1375 2430 έργῳκαίλόγῳ

75 2469 118 2530 καὶ
140 2467 214 2532 κατὰ
237 2471 390 2534 διάνοιαν.“
420 2471 551 2549 κάκείνης
574 2469 763 2549 έπευξαμένης
785 2473 846 2548 ύμῖν
868 2469 916 2532 καὶ
940 2470 1081 2560 εἰπούσης·
1105 2473 1142 2552 ,,ό
1157 2472 1220 2542 θεός
1236 2469 1271 2531 δι’
1285 2470 1374 2550 εὐχῶν

75 2597 125 2650 τῦν
146 2593 274 2672 πατέρων
295 2594 375 2670 ήμῶν
398 2595 578 2674 συγχωρήσαι
598 2595 698 2666 πάσαις
720 2593 818 2668 ήμϊν.“
856 2593 942 2666 σθτως
965 2590 1123 2675 ἀπόρξασθε
1145 2599 1194 2669 τῆς
1216 2597 1373 2672 νυκτερινῆς

75 2709 238 2786 ἀκολουθίας
259 2715 331 2775 κατὰ
352 2713 399 2774 τόν
420 2715 501 2775 τίκτον
524 2712 565 2787 εἰς
586 2715 617 2775 τό
639 2717 816 2795 κοιμητήριον
840 2715 1010 2795 σίρικόμεναι,
1035 2713 1090 2776 εἴτε
1114 2715 1189 2787 έντθς
1208 2719 1255 2775 τοῦ
1269 2735 1373 2790 κοιμη-

75 2835 173 2916 τηρίσυ,
202 2834 257 2896 εἴτε
285 2836 365 2908 ἐκτός
387 2835 512 2897 ἐκτελεῖν
541 2837 639 2914 ταύτην
670 2836 836 2917 όρείλουσαι,
867 2838 960 2910 καθὼς
984 2840 1016 2896 ἂν
1039 2838 1054 2896 ό
1076 2858 1107 2897 τε
1128 2838 1223 2918 καιρός
1246 2835 1371 2911 ἁπαιτσίη

75 2955 119 3015 καί
140 2959 159 3034 ή
182 2959 376 3055 καθηγουμένη
405 2959 541 3038 βούλοιτο,
564 2960 598 3034 ήν
622 2958 836 3040 έκπληρώσασαι
865 2960 983 3040 πλήρεις
1006 2959 1167 3039 εθρροσύνης
1188 2963 1372 3034 πνευματικῆς

76 3073 113 3148 είς
133 3079 216 3138 ύπισν
239 3079 432 3159 προστήσεσθαι.

175 3199 255 3280 Κερ.
279 3198 341 3276 λη’.
367 3199 450 3282 Περὶ
471 3206 530 3277 τῆς
552 3201 772 3278 μεσονυκτίου
796 3201 1009 3273 ἀκολουθίας.
1049 3201 1096 3260 Ἐν
1118 3199 1206 3281 καιρῷ
1229 3201 1261 3260 δέ
1283 3221 1369 3282 προσ-

73 3321 164 3394 ήκοντι
186 3326 236 3397 τῆς
257 3320 391 3399 τελούσης
412 3321 462 3400 τήν
484 3327 534 3398 τῆς
557 3321 775 3402 ἑκκλησιαρχίας
799 3322 936 3382 διακονίαν
959 3325 1104 3398 μετάνοιαν
1126 3324 1370 3405 τῄκαθηγουμένῃ

74 3439 232 3520 θαλλούσης
253 3442 300 3502 καί
322 3445 353 3503 τό
376 3440 458 3516 ξύλον
480 3446 632 3524 κρουσάσης
654 3445 703 3519 τήν
727 3445 900 3520 μεσονύκτιον
923 3443 1087 3505 ἀκολουθίαν
1111 3443 1201 3524 ἐντῷ
1224 3443 1369 3525 νάρθηκιί)

74 3567 119 3636 τῆς
143 3563 296 3641 ἐκκλησίας
316 3568 539 3646 παραγενόμεναι
563 3565 734 3646 έκτελέσετε,
758 3566 821 3626 οῦδὲ
845 3568 927 3643 αύτῆς
949 3571 999 3641 τῆς
1022 3564 1196 3642 όιυπνισάοης
1210 3570 1281 3642 ύμᾶς
1296 3567 1368 3626 ἀπο-

73 3682 288 3766 λιμπανσμένης,
320 3682 388 3746 ἀλλ’
401 3687 458 3761 ἅμα
480 3707 510 3746 τε
532 3686 579 3746 σύν
601 3687 662 3762 ὑμῖν
693 3687 857 3765 ψαλλούσης
879 3687 925 3748 καί
947 3689 996 3760 τὰς
1018 3692 1065 3750 τοῦ
1086 3693 1152 3748 ναοῦ
1184 3689 1369 3768 ρωταγωγσύς
1411 3741 1416 3750 .

74 3805 249 3884 ἀνατττσύσης.
293 3813 342 3884 τῆς
373 3808 404 3868 δέ
434 3809 608 3884 μεσονυκτίου
637 3808 776 3890 ῦμνῳόίας
806 3811 867 3886 ὑμῖν
897 3793 1083 3886 τελεισθείσης
1112 3811 1309 3892 κρουοθήσεται
1337 3811 1368 3870 τό

73 3929 143 4006 μέγα
166 3931 359 4010 σημαντήριον,
382 3931 492 4010 προσέτι
516 3929 547 3990 δὲ
569 3929 617 3990 καί
631 3931 662 3990 τό
680 3931 814 4010 χαλκοῦν.
845 3931 892 3992 καί
907 3932 993 4004 ούτως
1007 3927 1164 4014 ἀπσίρξεσθε
1179 3939 1228 4008 τῆς
1243 3933 1369 4014 όρθρινῆς

73 4045 245 4130 ἀκολουθίας,
267 4047 303 4127 ής
324 4052 342 4126 ή
366 4047 474 4130 ἔναρξις
497 4049 596 4131 έρεξῆς
619 4051 764 4133 εἰρήσεται.

173 4171 250 4250 Κερ.
266 4169 327 4233 λθ.
351 4171 431 4252 Περὶ
456 4169 624 4254 ένοίρξεως
647 4174 772 4254 όρθρσυ.
803 4175 884 4234 Μετὰ
907 4175 939 4236 δέ
961 4177 992 4236 τό
1011 4178 1219 4256 κρουσθῆναιτό
1239 4178 1366 4254 χαλκοῦν

74 4295 251 4374 σημαντήριον
274 4295 289 4354 ό
311 4292 400 4374 ἱερεύς
423 4295 571 4375 εθλογήσει
593 4297 638 4356 τὀν
661 4297 732 4378 θεόν,
757 4298 803 4358 τόν
825 4299 906 4358 τύπον
921 4301 967 4358 τοῦ
982 4297 1069 4374 τιμίου
1084 4304 1197 4379 σταυροῦ
1214 4299 1366 4380 ἔμπροσθεν

72 4418 117 4488 τῆς
139 4414 222 4492 ἁγίας
243 4416 382 4495 τραπέζης
403 4415 442 4494 τῷ
465 4417 631 4497 θυμιατηρίῳ
645 4423 746 4479 τυπιῦυ.
777 4413 836 4478 είτα
852 4419 910 4494 ἅμα
924 4424 958 4500 τῇ
973 4421 1019 4479 τοῦ
1035 4420 1098 4479 θεοῦ
1114 4417 1214 4480 αἰνέσει
1229 4421 1366 4500 τριοαγίσυ

72 4567 274 4580 ————-—--

173 4671 194 4740 1)
214 4669 347 4742 εεωευκι
364 4675 401 4726 υ.
473 4674 494 4741 ι
514 4669 600 4742 ουκ
617 4675 653 4728 υ
