3208 5310
1297 369 1337 433 27

71 563 110 622 κοί
135 569 173 623 τοῦ
192 565 210 622 Γ
210 564 340 624 ουλολέου
368 565 470 639 μοόίων
493 565 529 640 β’.
560 565 686 644 χωροίρια
715 571 764 640 τῇς
787 567 893 646 Δρυμοῦ
915 568 1055 641 κομμσίτια
1077 565 1147 624 δέκα
1169 563 1202 623 τὰ
1224 563 1340 640 πλησίον

70 687 183 766 χυρπρίον
202 691 245 746 πολ
264 689 417 762 Καμπανοθ
439 685 487 747 καὶ
508 693 554 748 τοῦ
571 689 660 768 Ἀπέρι
682 687 785 762 μυδίων
809 687 854 763 ιη’.
879 689 971 767 ἕτερον
993 689 1132 767 χωρσίφιον
1154 689 1199 746 τοῦ
1215 687 1340 767 Λακῇθρι

70 810 93 866 τό
116 809 216 882 πλησίον
243 808 383 889 χωραρίου
412 813 458 869 τοῦ
481 808 619 868 Ῥιλιανοίι
647 808 742 884 μοδίου
765 808 801 870 α’.
839 811 931 888 ἕτερον
953 809 1092 888 χωρσίριον
1114 813 1164 883 τῆς
1186 806 1341 884 Λαγκάόης

69 929 162 1002 πλησίον
188 929 324 1010 χωραρίοο
346 935 396 1005 τῇς
420 929 583 990 Γουλολέων
611 930 706 1006 μοθίου
727 929 779 1004 ς”.
812 931 903 1009 ἕτερον
925 935 971 990 τοῦ
994 929 1072 1004 ἁγίου
1095 928 1241 988 Βασιλείου
1264 929 1339 1004 πλη-

69 1051 111 1110 σίον
129 1058 168 1111 τοῦ
188 1053 207 1110 Γ
207 1052 389 1124 ουλολὲονπος
411 1051 513 1126 μοδίων
535 1051 573 1129 γ’.
603 1053 694 1132 ἕτερον
716 1053 747 1112 τό
769 1051 923 1130 λεγόμενον
943 1056 992 1126 τῇς
1016 1050 1069 1110 Ἐλ
1092 1098 1098 1110 .
1118 1101 1124 1114 ,
1148 1051 1195 1109 θου
1217 1051 1248 1110 τό
1262 1051 1339 1125 πλη-

69 1173 110 1230 σίον
127 1173 254 1252 χωρορίοο
276 1177 323 1232 που
346 1175 429 1234 Κάπο
452 1174 578 1232 ’ίωσίννου
601 1173 704 1248 μοόίων
727 1173 763 1248 β’.
794 1175 886 1253 ἕτερον
909 1174 939 1232 τ“ο
962 1172 1133 1248 καλούμενον
1155 1177 1208 1233 τῶν
1231 1171 1338 1251 Βερβε-

67 1293 146 1372 ρκ’δων
165 1295 278 1369 πλησίον
299 1294 440 1375 χωραρίου
461 1300 508 1354 τοῦ
529 1295 689 1374 Ἀχιλιανοῦ
711 1292 759 1354 καὶ
781 1299 826 1354 τοῦ
850 1293 975 1368 Ἀμπελᾶ
997 1293 1093 1370 μοθίου
1110 1293 1145 1353 α’.
1171 1295 1263 1374 ἕτερον
1285 1299 1339 1352 τῶν

68 1415 171 1494 ,ίίονρίων
190 1415 308 1493 πλησίον
330 1417 469 1495 χωραφίου
490 1421 537 1476 τοῦ
559 1417 713 1492 Καμπανοῦ
736 1415 838 1490 μοόίων
862 1415 897 1491 β’.
935 1415 1036 1491 ὁμοίως
1058 1416 1092 1475 τὰ
1116 1417 1144 1476 ἐν
1166 1422 1200 1498 τῇ
1222 1421 1339 1498 περιοχῇ

66 1541 101 1608 τῇς
120 1538 238 1614 Παλικῇς
260 1539 400 1617 χωροίριον
422 1541 468 1596 τοῦ
492 1537 609 1617 Ἐριρίου
631 1531 679 1596 καὶ
700 1541 747 1596 τοῦ
762 1538 881 1616 Σταυροῦ
903 1537 938 1596 τὰ
956 1539 1080 1598 κάτωθεν
1094 1542 1145 1613 τῇς
1160 1537 1341 1618 διερχομένης

65 1657 112 1716 όόοό
137 1658 180 1718 καί
211 1661 294 1740 μέχρι
317 1663 371 1718 τῶν
394 1657 568 1734 κλεισμοίτων
595 1661 737 1733 κομμαπια
759 1659 806 1718 δθο
830 1657 931 1734 μοόίων
954 1658 991 1731 β’.
1044 1679 1121 1738 τερον
1145 1657 1184 1731 εἰς
1205 1658 1240 1718 πόι
1263 1659 1340 1739 Πέρα

65 1781 87 1837 τό
104 1781 266 1856 καλούμενον
292 1786 339 1841 τοῦ
362 1781 575 1860 Μαυροιωάννου
598 1779 692 1856 μοδίου
714 1779 765 1854 ς”.
790 1781 882 1861 ἕτερον
903 1783 1040 1861 χωρσίριον
1061 1786 1115 1840 τῶν
1138 1781 1279 1862 Δρόγγων,
1310 1782 1341 1840 τό

65 1901 145 1977 ἔχειὴ
167 1904 235 1978 μονὴ
260 1902 314 1962 ἀπό
337 1902 510 1982 ἀφιερώσεως
534 1901 638 1962 ἐκείνου
660 1905 706 1962 τοῦ
724 1901 846 1980 Βλάχου,
864 1901 964 1976 μοθίων
982 1901 1006 1961 δ’
1018 1901 1069 1976 ς”.
1095 1903 1187 1982 ἕτερον
1201 1903 1340 1981 χωρσίριον

66 2020 86 2078 ἵν
110 2029 138 2104 τῇ
164 2031 281 2106 περιοχῇ
304 2030 354 2099 τῇς
376 2023 461 2083 Κσίπω
484 2024 540 2101 Γῇς
561 2025 592 2082 τό
615 2023 768 2102 λεγόμενον
791 2023 821 2082 τ“ο
844 2023 996 2084 Βουλόλιον
1019 2023 1120 2098 μοδίων
1143 2021 1178 2085 δ’.
1212 2022 1340 2094 ὡσαύτως

64 2141 99 2201 κοί
123 2145 153 2202 τὰ
179 2146 228 2204 ὑπό
258 2144 298 2222 τῷ
327 2145 405 2224 μέρει
437 2139 505 2229 [τοῦ]
530 2145 659 2225 ίίυλσίρου
681 2147 819 2224 χωροίφιον
841 2144 872 2204 τό
896 2143 1094 2222 ἐπιλεγόμενον
1116 2149 1167 2218 τῇς
1190 2142 1339 2224 Ὑδράχας,

65 2265 86 2320 z':
111 2265 162 2343 ἔχει
192 2267 209 2340 ἡ
233 2267 374 2344 ἁγιωπάπη
402 2265 535 2339 ἐπισκοποίη
559 2264 612 2326 ἀπό
635 2265 816 2346 ἀνταλλαγῇς
838 2271 891 2326 τῶν
914 2265 994 2346 τριῶν
1017 2265 1144 2345 ἀδελφῶν
1166 2271 1220 2326 τῶν
1242 2265 1340 2325 ίίολο-

64 2386 189 2456 κννθσὶθων,
212 2386 308 2462 μοθίου
324 2385 360 2445 α’.
386 2388 478 2466 ἕτερον
502 2388 532 2446 τό
549 2387 721 2462 καλούμενον
744 2391 789 2446 τοῦ
804 2387 923 2462 Κοίμισον
946 2385 987 2459 είς
1008 2387 1043 2446 πθ
1064 2387 1146 2446 πόθισι
1167 2391 1213 2447 τοῦ
1235 2386 1340 2462 βουνίου

63 2509 253 2587 τῇςίίροκὺλης
276 2508 378 2582 μοδίων
402 2507 434 2566 ε’.
464 2509 557 2587 ἕτερον
579 2509 609 2566 τό
632 2506 804 2582 καλούμενον
827 2513 880 2567 τῶν
896 2509 1072 2588 Λαγκαδήων
1093 2510 1125 2568 πθ
1147 2508 1263 2584 πλησίον
1282 2527 1340 2586 χω·

64 2629 137 2706 ,παρίοι
160 2635 203 2690 τοῦ
227 2629 396 2706 Ἀβαοτάγσυ
424 2629 526 2703 μοδίων
550 2628 586 2704 β’.
620 2632 712 2709 ἕτερον
735 2633 872 2710 χωροίριον
895 2633 925 2689 τό
948 2631 1103 2709 λεγόμενον
1125 2631 1245 2710 Μακρῇν
1268 2631 1340 2706 Ἀμ-

64 2749 126 2808 τελιν
146 2752 244 2825 μοδίων
269 2750 304 2810 δ’.
333 2751 426 2828 ἕτερον
448 2755 494 2810 τοῦ
517 2751 644 2830 Σωτῆρος
668 2751 769 2825 μοδίων
792 2751 830 2828 γ’.
859 2754 950 2832 ἕτερον
973 2753 1003 2812 τό
1025 2753 1180 2832 λεγόμενον
1202 2757 1248 2811 τοῦ
1270 2752 1340 2825 Τίη-

65 2871 118 2942 νέως
137 2871 233 2946 μοόίυν
257 2869 284 2929 α’
295 2871 347 2945 ς”.
376 2871 477 2946 ὁμοίως
499 2873 530 2931 τό
554 2873 582 2932 ἐν
605 2879 638 2954 τῇ
661 2878 778 2954 περιοχῇ
800 2877 847 2932 τοῦ
871 2873 978 2954 Ἐρίοου
999 2877 1137 2953 χωρσίριον
1161 2871 1201 2946 εἰς
1223 2874 1340 2932 τοποθε-

67 2991 111 3049 οἰτν
132 3001 180 3052 τῶν
201 2995 292 3074 Τριῶν
319 2993 434 3074 Χωρίων
463 2993 669 3072 τὸλεγόμενον
692 2993 885 3054 Κανδουκοίτον
908 2995 938 3054 τό
959 2995 1075 3071 πλησίον
1099 2999 1144 3055 τοῦ
1168 2994 1341 3069 Ῥοὲοσῇμας

67 3111 147 3184 Ικοέίων
168 3115 203 3175 ι’.τ
229 3117 322 3194 ἕτερον
352 3117 490 3194 χωροίφιον
520 3115 636 3190 πλησίον
666 3116 759 3175 τούτου
788 3116 818 3175 τό
847 3113 894 3174 καί
921 3116 992 3175 κατὰ
1016 3118 1113 3196 ἄρκτον
1136 3118 1262 3192 κείμενον
1285 3137 1340 3190 μο-

68 3231 116 3292 ίίων
135 3235 219 3311 α’ς”.
251 3237 343 3315 ἕτερον
371 3237 509 3316 χωρίριον
539 3236 570 3294 τ“ο
591 3239 672 3312 ῇμισυ
702 3241 752 3312 τῇς
778 3238 950 3308 ὑποστάσεως
973 3237 1100 3298 Ἰωάννου
1122 3243 1167 3298 τοῦ
1190 3237 1338 3314 Ῥομπότη.

67 3355 90 3410 τί
115 3356 139 3414 ἐν
162 3365 194 3438 τῇ
214 3365 331 3440 περιοχῇ
354 3361 400 3416 τοῦ
423 3358 554 3438 Κοθρέως
576 3361 713 3438 χωρσίριον
737 3363 781 3418 τοῦ
806 3359 945 3440 Ἁλωνίου,
975 3359 1067 3432 καθὼς
1090 3360 1237 3440 ἀνέρχεται
1259 3361 1341 3440 μέχρι

66 3482 103 3550 της
127 3477 223 3552 οἰκείας
253 3479 394 3539 Νικολάου
422 3483 467 3538 τοῦ
491 3479 649 3560 Ἐρυθραίου
679 3479 725 3539 καί
755 3486 800 3540 τοῦ
831 3480 950 3560 ἀδελφοῦ
982 3483 1060 3541 αὺτοῦ
1086 3483 1204 3552 Λέοντος
1227 3482 1272 3541 σὺν
1295 3485 1341 3542 τοῦ

68 3597 229 3678 Σπρορηολοῦ,
257 3599 360 3675 μοδίων
383 3599 425 3674 ς’,
450 3601 594 3680 ἕτεροντὸ
621 3602 793 3676 καλούμενον
823 3610 872 3677 τῆς
895 3603 986 3680 Βοθγγ
994 3597 1050 3688 [ης]
1073 3603 1189 3680 πλησίον
1211 3608 1257 3663 τοῦ
1280 3605 1341 3663 Κο-

67 3719 133 3794 θρέως
161 3721 262 3796 μοδίων
284 3721 325 3800 γ’.
357 3723 450 3798 ἕτερον
480 3719 520 3792 εἰς
541 3723 589 3796 τὴν
612 3723 771 3783 τοποθεσίαν
794 3729 848 3783 τῶν
873 3725 1004 3784 Παλαιῶν
1028 3725 1148 3784 Λάκκων
1170 3726 1201 3784 τό
1224 3724 1341 3800 πλησίον

66 3847 105 3897 τῶν
129 3843 271 3924 χωραρίων
300 3847 347 3903 τοῦ
370 3842 528 3923 Ἐρυθραίου
556 3843 651 3918 μοδίου
675 3843 711 3903 α’.
748 3847 841 3924 ἕτερον
864 3843 904 3917 εἰς
925 3848 971 3906 τόν
995 3847 1073 3906 αὐτόν
1095 3849 1177 3906 τόπον
1199 3848 1230 3906 τό
1252 3845 1341 3924 λεγό-

67 3981 128 4033 μενον
154 3973 203 4041 τῇς
226 3967 445 4046 Ῥυλοκερατὲας
474 3965 569 4039 μοδίου
591 3964 642 4039 ς”.
675 3964 714 4038 είς
736 3969 782 4026 τόν
813 3969 892 4027 αυτόν
922 3970 1004 4027 τόπον
1036 3969 1067 4027 τό
1097 3967 1269 4042 καλούμενον
1291 3974 1342 4041 της

68 4083 325 4168 Κονιαβαηιοτρύπας
356 4086 458 4162 μοθίων
486 4087 513 4147 α’
525 4087 577 4162 ς”.
607 4091 746 4168 χωροίριον
775 4091 806 4149 τό
828 4091 982 4168 λεγόμενον
1004 4091 1055 4166 πἠς
1077 4087 1288 4168 Ξυλοκεροιτέας
1310 4091 1341 4148 τό

67 4203 101 4264 κιί
122 4208 234 4284 πλησίον
260 4213 307 4268 τοῦ
330 4214 395 4269 ναοῦ
416 4213 462 4271 τοῦ
485 4209 563 4286 ἁγίου
586 4209 670 4286 Μηνᾶ
692 4211 788 4285 μοδίου
810 4209 836 4268 α’
848 4209 900 4285 ς”.
937 4213 1029 4292 ἕτερον
1051 4217 1105 4270 τῶν
1128 4211 1289 4288 Κουγισίνων
1310 4212 1342 4270 τό

69 4326 148 4390 ἱνωθεν
169 4335 215 4391 τοῦ
238 4332 312 4390 θείου
334 4336 398 4391 ναοῦ
421 4331 471 4407 τῇς
494 4333 641 4412 ὑπεραηίοις
663 4335 791 4394 θεοτόκου
814 4334 909 4408 μοδίου
932 4334 969 4412 α’,
994 4335 1022 4393 ἐν
1046 4329 1068 4413 ᾧ
1089 4333 1137 4393 καὶ
1159 4335 1262 4405 όθεῑος
1277 4334 1343 4405 ναός

67 4445 147 4510 ἷππτσι
176 4454 205 4512 ἐν
237 4451 319 4530 οτῖιτῷ.
356 4455 447 4533 ἕτερον
478 4451 517 4525 εἰς
546 4453 595 4529 τὴν
617 4455 776 4514 τοποθεσίαν
798 4460 844 4515 τοῦ
867 4455 1043 4536 Κεραμίσκου
1065 4457 1096 4515 τό
1118 4457 1273 4535 λεγόμενον
1295 4459 1342 4516 τοῦ

68 4568 190 4653 Πληηεροῦ
212 4575 260 4634 σ’νν
283 4579 330 4634 τοῦ
345 4575 539 4657 Καμυνακρίου
562 4577 663 4652 μοόίων
688 4577 720 4640 ε’.
749 4581 841 4659 ἕτερον
866 4576 905 4650 εἰς
926 4578 971 4636 τ“ον
996 4579 1074 4638 αὐτόν
1096 4581 1178 4637 τόπον
1200 4579 1230 4637 τό
1252 4578 1341 4655 λεγό-

66 4709 127 4762 μενον
154 4701 198 4756 τοῦ
221 4697 411 4777 Μαργαρητοῠ
442 4697 543 4772 μοθίων
566 4698 607 4773 ς’.
640 4701 732 4778 ἕτερον
761 4701 792 4760 τό
823 4699 870 4760 καί
891 4699 1008 4774 πλησίον
1031 4699 1111 4760 αὺτοῦ
1133 4699 1341 4776 τὸλεγόμενον
