3222 5284
1304 355 1366 422 337

59 555 266 633 ἓιηγσρευμὲνα
295 551 356 632 περὶ
381 553 468 612 αὐτῶν
490 553 508 626 ἡ
531 557 577 612 τοῦ
607 549 743 626 κοινοβίου
774 547 900 632 ἀκρίβεια
920 553 995 634 παρὰ
1017 559 1067 630 τῆς
1090 553 1300 631 καθηγουμένης
1324 551 1366 612 ἐπ’

59 675 155 746 αὐταῖς
180 678 215 736 σὺ
235 676 529 756 παραθεωρηθήσεται·
553 676 583 734 σὺ
605 673 658 753 γὰρ
684 671 727 734 ἐπὶ
749 681 920 756 καταστροφῇ
943 673 990 736 καί
1010 672 1108 757 ἀταξίᾳ
1122 681 1172 750 τῆς
1191 675 1367 750 κοινοβιακῆς

58 800 262 869 καταστάσεως
284 795 490 875 παραδέχεσθαι
513 796 612 868 τααίτας
635 795 832 876 διωρισάμεθα
856 795 936 876 σίρκεῖ
957 796 1011 876 γὰρ
1033 798 1051 871 ἡ
1074 797 1209 876 όρισθεῖσα
1229 797 1258 856 ἐν
1274 797 1367 866 αθταϊς

59 917 249 998 παραλλαγή.
297 917 320 978 εἰ
349 916 373 976 δ’
386 917 453 990 ἴσως
482 921 553 978 κατσί
574 939 598 977 τι
628 919 676 993 τὴν
708 919 794 994 μονὴν
824 917 1031 999 παραβλοίπτειν
1063 916 1093 992 ἐξ
1124 921 1236 979 ἁπασῶν
1265 920 1366 978 τούτων

59 1041 207 1120 πειραθείη
229 1062 279 1119 τις,
303 1033 348 1098 οἷα
369 1040 465 1099 πολλὰ
486 1040 521 1098 τὰ
542 1045 591 1115 τῆς
615 1038 757 1118 ἀβουλίας,
781 1041 798 1114 ἦ
822 1061 895 1111 τινας
918 1047 971 1100 τῶν
995 1039 1169 1116 μαναζουσιῖνν
1193 1039 1283 1118 ἐντῷ
1306 1038 1366 1119 ἰδίῳ

61 1163 172 1241 κελλίιρ
197 1163 403 1242 παραδέχεσθαι
425 1165 444 1236 ἢ
468 1163 623 1236 συνομιλεῖν
647 1160 692 1221 ἐπὶ
715 1161 863 1241 σκανδόλῳ
886 1161 934 1222 καὶ
956 1163 1110 1241 διασχισμῷ
1125 1167 1175 1238 τῆς
1190 1163 1260 1237 όλης
1276 1161 1365 1222 ἀδελ-

62 1285 190 1362 ρότητος,
214 1283 244 1342 σὺ
268 1285 378 1343 δύναται
402 1283 433 1343 δέ
456 1283 654 1364 διορθώσασθαι
676 1285 775 1358 ταθτην
798 1287 815 1358 ἡ
838 1286 1043 1364 καθηγουμένη,
1077 1285 1297 1360 ἀνασταλήσεται
1319 1281 1368 1342 καὶ

64 1406 170 1465 ίνσυσα
194 1405 269 1486 παρὰ
290 1411 340 1481 τῆς
362 1409 507 1480 τηνικαῦτα
529 1411 579 1482 τῆς
602 1413 688 1482 μονῆς
711 1405 997 1482 ἀντιλαμβανομένης.

169 1529 250 1606 Κερ.
276 1525 308 1587 ε’.
333 1527 413 1606 Περὶ
440 1532 494 1588 τοῦ
522 1527 662 1607 ἀριθμοῦ
683 1533 746 1588 τῶν
774 1531 997 1604 μοναζουσῶν.
1044 1525 1173 1588 Ἔσονται
1197 1529 1247 1604 μὲν
1270 1524 1315 1587 οὖν
1339 1525 1367 1586 αἱ

66 1648 188 1728 μοναχαί
211 1655 261 1725 τῆς
283 1650 519 1730 Κεχαριτωμένης
540 1648 587 1708 καὶ
610 1651 814 1730 ὑπεραχρσίντου
838 1649 981 1726 δεσποίνης
1003 1651 1132 1710 θεοτόκου
1153 1648 1367 1729 εἰκοσιτέσσαρες

65 1773 107 1830 τόν
131 1773 259 1852 ἀριθμόν,
284 1773 312 1832 αἱ
326 1779 359 1853 τῇ
375 1779 424 1847 τῆς
448 1773 598 1848 ἐκκλησίας
620 1771 752 1854 ὑπηρεσία
766 1771 813 1832 καί
833 1771 985 1855 ψαλμῳδίᾳ
999 1771 1046 1832 καί
1061 1774 1121 1842 ταῖς
1136 1778 1186 1847 τῆς
1201 1777 1288 1848 μονῆς
1304 1772 1367 1830 δια-

66 1893 170 1965 κονίαις
194 1897 374 1976 προσανέχειν
390 1893 548 1973 όρείλουσαι
564 1895 707 1969 διηνεκῶς.
739 1892 762 1953 εἰ
780 1893 811 1953 δέ
826 1915 860 1972 γε
877 1901 908 1975 τῇ
924 1901 973 1970 τῆς
990 1895 1224 1974 Κεχαριτωμὲνης
1240 1895 1367 1954 θεοτόκου

68 2017 196 2099 εέμενείᾳ
216 2017 251 2075 τόι
272 2023 322 2092 τῆς
344 2017 387 2076 ἐπ’
401 2019 485 2092 αὐτῆς
512 2022 598 2092 μονῆς
629 2015 747 2076 ἐπίδοσιν
775 2013 922 2094 ἀξιόλογον
945 2015 1110 2091 όθενδήπστε
1133 2015 1227 2094 λάβοι,
1259 2017 1297 2086 ὡς
1320 2014 1366 2075 καί

69 2136 104 2208 εἰς
126 2139 265 2198 πλειόνων
289 2140 450 2218 αὐτιίρκειαν
474 2135 639 2218 ἐξορκοῦντα
659 2138 837 2217 εὑρίσκεσθαι,
861 2139 944 2197 ότῶν
967 2141 1140 2213 μοναζουσῶν
1156 2139 1220 2218 όρος
1234 2137 1274 2217 τῷ
1288 2141 1367 2217 τρισί-

68 2281 150 2318 κοντα
172 2261 379 2340 περιγραρὲσθω
403 2259 509 2340 ἀριθμῷ
524 2264 542 2334 ἢ
558 2259 604 2319 καὶ
622 2261 716 2340 μικρόν
731 2281 755 2319 τι
771 2264 863 2320 τοῦτον
879 2261 1062 2340 ὑπερβαινέτω
1078 2259 1125 2318 καί
1141 2260 1269 2338 όριζέσθω
1285 2262 1367 2339 μέχρι

69 2387 119 2438 τῶν
141 2383 356 2463 τεσσαράκοντα,
387 2377 425 2441 ὧν
447 2379 560 2452 πλείους
589 2377 657 2440 εἰναι
679 2382 729 2453 τὰς
753 2382 781 2440 ἐν
804 2387 837 2462 τῇ
861 2388 931 2463 μονῇ
956 2382 1128 2457 ἀσκουμένας
1151 2381 1366 2461 ἀπαγορεθομεν,

69 2510 116 2577 τῆς
138 2505 297 2582 ἡγουμένης
318 2502 357 2582 τῷ
380 2503 486 2582 ἀριθμῷ
515 2504 600 2582 τούτῳ
624 2504 662 2578 μὴ
685 2505 897 2584 περιεχομένης,
929 2506 998 2578 μήτε
1022 2505 1075 2577 μὴν
1091 2509 1145 2562 τῶν
1170 2503 1216 2562 δὺο
1238 2503 1367 2562 παιδίων·

72 2623 264 2704 διατρέφεσθαι
286 2625 341 2705 γὰρ
362 2623 471 2684 καὶδύο
493 2625 589 2684 παιδία
613 2625 690 2706 ἐντῄ
714 2630 784 2706 μονῇ
809 2625 982 2704 διοριζόμεθα
1003 2624 1049 2684 καί
1073 2625 1222 2703 ἀνοίγεσθαι
1238 2624 1284 2684 καὶ
1299 2647 1367 2685 παι-

72 2745 192 2806 δεύεσθαι
214 2746 261 2806 καί
283 2746 489 2827 ’καταρτίζεσθαι
511 2746 559 2806 καί
580 2747 770 2826 ἀποκείρεσθαι
795 2748 823 2806 ἐν
845 2747 932 2826 καιρῷ
955 2746 993 2825 τῷ
1015 2750 1188 2827 προσήκοντι,
1221 2749 1290 2822 μήτε
1313 2755 1367 2806 τῶν

72 2864 100 2938 ἐξ
126 2869 319 2949 ίπσυργισσῶν,
351 2872 384 2939 τίς
405 2873 539 2944 τυποῦμεν
567 2865 637 2928 εἰναι
660 2870 744 2948 ἐνιῇ
772 2876 841 2950 μονῇ
865 2867 905 2940 εἰς
932 2868 1076 2950 θπηρεσίαν
1099 2875 1148 2944 τῆς
1170 2868 1366 2947 ἀδελφότητσς,

73 2983 108 3044 ίνν
130 2991 168 3064 μὴ
185 2991 325 3070 ἀρκουσῶν
340 2989 386 3050 καὶ
404 2991 484 3070 ἐπέρα
504 2991 554 3065 μία
569 2990 623 3049 εἴτε
639 2989 686 3049 καί
702 2991 749 3050 δὺο
765 2991 1034 3072 παραληρθησονται.
1065 2989 1143 3049 ἀλλὰ
1158 2987 1205 3048 καὶ
1219 2990 1268 3064 τὴν
1284 2991 1367 3070 μέχρι

73 3115 122 3167 τῶν
144 3114 346 3192 τεσσαράκοντα
372 3118 426 3170 τῶν
456 3115 630 3186 μοναζουσῶν
659 3112 777 3172 ἐπίδοσιν
801 3113 991 3192 ἐπιτρέπομεν,
1022 3110 1103 3188 εἴγε
1126 3113 1171 3170 τόν
1194 3113 1297 3171 κανόνα
1319 3110 1367 3170 καί

74 3231 115 3288 τὀν
138 3235 200 3311 όρον
221 3241 271 3308 τῆς
287 3233 463 3309 κοινσβιακῆς
482 3237 686 3312 καταστάσεως,
710 3236 739 3292 ’όν
754 3235 959 3308 τετυπώκαμεν,
982 3233 1141 3312 ρυλσίττοιεν
1157 3233 1184 3291 αἰ
1202 3236 1367 3308 μονόζουσαι

75 3351 301 3435 ἀπαράθραυστσν,
331 3353 378 3414 καί
406 3355 437 3414 σθ
459 3357 489 3414 τό
518 3356 626 3430 πλῆθος
657 3355 797 3430 ἐμποδίζει
819 3355 868 3430 τὴν
897 3355 998 3414 τούτων
1028 3355 1177 3434 ἀκρίβειαν.
1226 3353 1248 3413 εἰ
1273 3355 1304 3414 δέ
1328 3377 1367 3426 τις

75 3473 270 3548 ἀκαταστασίας
301 3476 409 3556 ἀφορμὴ
433 3477 450 3551 ἡ
485 3473 594 3552 σιθξησις
616 3484 669 3536 τῶν
694 3479 867 3552 μοναζουσῶν
890 3480 1013 3556 γένηται,
1044 3476 1192 3553 σχολάζειν
1213 3481 1367 3537 παντάπασι

76 3595 114 3654 τόν
137 3599 249 3678 ἀριθμόν
272 3603 364 3658 τοῦτον
388 3598 572 3678 διοριζόμεθα·
603 3600 816 3679 προηγουμένως
839 3599 892 3679 γὰρ
915 3601 979 3674 ἡμῖν
1002 3597 1107 3678 ρροντίς
1128 3605 1178 3674 τῆς
1200 3604 1254 3658 τῶν
1277 3621 1366 3675 μονα-

76 3719 170 3785 ζουσιῖνν
192 3720 239 3780 καὶ
254 3727 303 3797 τῆς
318 3722 495 3796 κοινοβιακῆς
510 3723 713 3800 καταστάσεως,
738 3719 798 3798 οίιχί
813 3720 924 3792 πολλὰς
940 3716 1008 3780 εἶναι
1024 3720 1073 3792 τὰς
1089 3721 1267 3800 μσναζοθσας,
1286 3721 1364 3780 ἐστίν.

172 3844 251 3922 Κεφ.
276 3840 317 3918 ς’.
344 3842 422 3922 Περὶ
445 3843 556 3902 τοίνέν
580 3841 628 3902 ένί
652 3842 788 3922 οἰκίσκῳ
811 3843 868 3914 τὰς
892 3844 1101 3919 μοναζαὺσας
1119 3844 1227 3914 παίσας
1242 3844 1365 3918 μένειν.

79 3955 155 4023 Αὗται
179 3963 231 4039 μὲν
254 3963 299 4024 οὖν
323 3967 426 4024 ἅπασαι
449 3966 477 4024 ἐν
501 3963 540 4023 ἑνὶ
566 3963 734 4043 κοιτωνίσκῳ
761 3964 912 4043 όρείλουσιν
939 3966 1034 4026 ότοισῦν
1056 3965 1096 4044 τῷ
1117 3965 1192 4046 παρὰ
1214 3970 1262 4040 τῆς
1286 3963 1368 4038 βασι-

76 4081 148 4157 λείας
171 4107 223 4160 μου
247 4086 289 4146 ἐπ’
303 4086 375 4165 αὑτῷ
397 4088 482 4166 τοότῳ
504 4089 693 4167 νεουργηθέντι
715 4084 763 4146 καί
786 4087 962 4167 ἀρορισθέντι,
985 4093 1069 4146 πᾶσαι
1084 4089 1185 4158 πάσαις
1200 4085 1366 4165 κατάδηλοι,

77 4203 114 4264 ἵνα
143 4208 176 4284 δὴ
207 4210 257 4281 τὰς
286 4210 446 4288 ριλαπόνσυς
477 4217 612 4286 μιμῶνται
636 4210 663 4269 αί
694 4210 873 4292 ρρθυμότεραι
899 4211 966 4290 πρός
995 4207 1168 4290 παροξυσμὸν
1199 4209 1299 4287 ἀρετῆς
1321 4206 1368 4266 καί

77 4330 164 4390 καλῶν
196 4333 296 4412 ἔργων.
341 4330 364 4391 εἰ
389 4331 420 4391 δὲ
450 4333 481 4390 τό
504 4333 612 4407 πλῆθος
633 4338 687 4392 τῶν
719 4335 895 4408 μοναζουσῶν
926 4331 1082 4412 ὑπερβαίνει
1103 4332 1152 4408 τὴν
1175 4335 1221 4391 τοῦ
1248 4329 1368 4391 οἰκίσκον

78 4448 200 4531 χώρησιν,
231 4455 314 4534 μέρος
336 4475 361 4513 τι
386 4458 432 4513 τοῦ
464 4455 666 4532 παρακειμένου
697 4452 816 4514 οἰκίσκον
847 4451 997 4527 οἰκήσουσιν
1021 4452 1049 4512 αί
1073 4455 1110 4528 μὴ
1141 4455 1314 4534 χειρούμεναι
1339 4453 1367 4511 ἐν

78 4572 109 4652 τῷ
137 4575 303 4656 ὰρορισθέντι
332 4577 507 4654 κοιτωνίσκῳ,
538 4578 569 4635 τό
593 4575 617 4634 δ’
631 4575 705 4636 ἀλλο
735 4577 819 4656 μέρος
848 4579 982 4655 χρήσιμον
1014 4576 1087 4636 ἔσται
1110 4577 1213 4654 αὐταῖς,
1244 4577 1289 4634 ότε
1311 4577 1368 4645 τοῖς

80 4693 240 4778 ἐργσχείροις
263 4699 443 4776 σχολάζουσιν
466 4699 509 4757 ὑπ’
524 4698 582 4776 όψιν
605 4704 654 4772 τῆς
676 4700 842 4776 ἡγουμένης,
867 4701 935 4778 όιπερ
959 4701 991 4756 α’ίν
1015 4699 1081 4772 αὐτὴ
1099 4697 1248 4770 ἐπιτόξειεν
1265 4699 1367 4779 ἑκάστῃ

1126 4819 1159 4868 22
