3166 5298
251 569 343 634 VIII.
368 568 593 651 6837-1329,
619 590 731 634 mense
754 570 910 650 ianuari0‚
934 569 1001 632 ind.
1019 569 1096 634 XII.

51 753 183 822 Imperator
198 754 368 808 Απάτοιιίσιω
389 754 447 808 ΙΙΙ.
465 753 645 826 Ραίασσίοφαι
666 754 763 807 iterum
783 751 923 822 ooufimmt
938 754 1120 822 possessiones
1136 760 1160 806 σί
1175 753 1326 826 privilegia

8 893 9 948 }
50 858 188 912 monasterii
207 865 231 912 τί
250 860 373 912 unionem
393 859 552 912 monasterii
566 855 595 912 S.
613 857 729 912 Joannis
749 857 894 910 Ρνοάνοιιιί
911 858 940 910 in
959 858 1024 911 urbe
1041 855 1185 912 Serranam
1207 876 1266 912 eum
1286 875 1324 928 eo,

397 965 531 1034 άοπσίφυσ
546 963 602 1017 iuis
616 961 773 1017 πιιίοσίιίυπι
793 961 956 1033 (ίαοίείστιφί.

134 1172 150 1242 ή
173 1165 253 1226 ‘Mei
283 1168 298 1225 ὁ
321 1166 467 1246 ἱερώτατος
491 1165 694 1246 μητροπολίτης
717 1165 824 1242 Ζιχνῶν
847 1163 894 1224 καὶ
912 1165 1056 1245 ὑπέρτιμος
1079 1164 1122 1224 διὰ
1144 1166 1192 1240 τήν
1216 1165 1327 1224 ἐνοῦσαν

50 1285 106 1365 τἰτῷ
131 1290 316 1364 πνευματικήν
345 1287 392 1348 καὶ
422 1289 567 1368 θεάρεστον
595 1286 738 1346 πολιτείαν
761 1307 790 1346 τε
818 1285 864 1346 καὶ
887 1289 1049 1346 κατάστασιν
1074 1287 1233 1364 ἐπεμελήθη
1258 1287 1327 1363 μετὰ
1439 1353 1442 1358 ,

50 1409 221 1490 ἀρχιερατικοῦ
232 1408 255 1494 1)
281 1409 328 1471 καὶ
354 1413 537 1486 πνευματικοῦ
563 1409 659 1486 ζήλου,
689 1407 737 1468 καὶ
764 1412 943 1485 συνεστήσατο
971 1407 1002 1482 ἐξ
1029 1408 1136 1470 οἰκείων
1163 1413 1255 1470 κάτων
1282 1407 1328 1470 καὶ

50 1531 222 1607 ἀναλωμάτων
244 1531 306 1612 περὶ
327 1535 376 1607 τὴν
399 1534 549 1593 θεόσωστον
565 1533 645 1592 πάλιν
661 1537 715 1592 τῶν
731 1533 840 1612 Σερριῖιν
857 1531 896 1604 εἰς
911 1535 941 1591 το
957 1531 1021 1612 ὄρος
1037 1527 1090 1618 [τὸ]
1105 1537 1152 1592 τοῦ
1167 1533 1329 1603 Μενοικέως

49 1655 185 1732 λεγομενον
213 1658 391 1734 μοναστήριον
421 1653 460 1742 είς
487 1655 575 1730 ὄνομα
603 1657 756 1730 τιμώμενον
783 1658 829 1714 τοῦ
852 1654 938 1730 τιμίου
961 1652 1072 1727 ἐνδόξου
1095 1657 1229 1734 προφήτου
1252 1655 1328 1735 Προ-

49 1775 134 1854 θρέμου
160 1777 206 1837 καὶ
230 1778 381 1837 Βαπτιστοίι
403 1774 543 1854 Ἰωάννου,
575 1775 704 1856 ἀνήγειρε
732 1775 762 1836 δὲ
785 1767 833 1836 καὶ
857 1777 932 1848 ἐντος
953 1782 1003 1854 τῆς
1026 1776 1198 1853 δηλωθείσης
1219 1775 1331 1848 πόλεως

8 1915 9 1950 ι
50 1900 142 1978 Σερρῶν
164 1898 211 1959 καί
234 1902 326 1980 ἕτερον
349 1901 530 1978 μοναστήριον
554 1895 593 1968 εἰς
616 1898 703 1974 ὄνομα
723 1901 876 1974 τιμώμενον
893 1897 940 1958 καὶ
955 1901 1019 1958 αίιτθ
1034 1902 1080 1959 τοῦ
1095 1898 1180 1974 τιμίου
1194 1901 1330 1980 προφήτου

8 2001 9 2010 ¹
50 2021 204 2102 Προθρίμου,
227 2022 274 2082 καί
298 2018 379 2094 ἔταξε
401 2019 448 2080 καὶ
468 2019 690 2096 ἀπενιατέστησεν
707 2019 876 2099 εὑρίσκεσθαι
891 2021 1029 2100 ἀμφότερα
1044 2023 1127 2080 ταῦτα
1140 2022 1269 2096 ἡνωμένα
1284 2019 1331 2080 καὶ

49 2141 88 2200 ὑπ”ο
106 2145 150 2202 τὸν
172 2144 252 2204 αἰιτόν
275 2142 323 2203 καὶ
345 2145 395 2203 ένα
416 2143 579 2222 ήγοίιμενον,
602 2143 646 2203 ἵνα
669 2143 708 2202 ἔνι
730 2145 760 2202 τὸ
784 2143 860 2214 ἐντος
882 2148 928 2202 τσῡ
948 2147 1063 2224 κάστρου
1079 2145 1188 2224 Σερρῶν
1204 2144 1331 2219 δηλωθὲν

50 2269 214 2346 μονασπήριον
238 2264 278 2338 είς
301 2269 430 2344 μετάχιον
453 2269 502 2340 τῆς
524 2263 720 2344 θιαληφθείσης
742 2265 894 2340 σεβασμίας
917 2271 1004 2342 μονῆς
1026 2271 1075 2344 της
1098 2264 1138 2339 εἰς
1160 2266 1191 2325 τὸ
1206 2265 1270 2348 θρος
1284 2269 1331 2326 τοῦ

52 2387 204 2468 Μενοικέως,
232 2389 434 2470 προσετέθησαν
456 2388 488 2448 δὲ
511 2387 551 2461 είς
572 2389 670 2460 ταίιτας
693 2387 727 2462 δή
748 2388 797 2460 τὰς
813 2389 898 2464 μονὰς
921 2389 967 2450 διὰ
982 2391 1150 2470 προμήθειαν
1167 2387 1213 2450 καὶ
1229 2389 1331 2469 κυβέρ-

51 2530 112 2586 νιμιι
132 2517 185 2570 τῶν
208 2511 238 2570 ἐν
261 2511 355 2582 αὐτοῖς
377 2510 552 2586 ἀσκουμένων
576 2515 706 2588 μοναχῶν
730 2510 782 2570 ἀπὸ
804 2531 834 2570 τε
858 2509 964 2590 δωρεᾶς
983 2516 1030 2572 τοῦ
1045 2511 1123 2592 ἁγίου
1139 2533 1190 2586 μου
1206 2511 1333 2572 σθθέντου

8 2685 9 2688 ,
50 2635 88 2690 τοῦ
107 2635 212 2693 πάππου
232 2653 295 2709 μου,
320 2633 359 2692 ἔτι
375 2631 468 2693 δὲκαὶ
484 2629 515 2706 ἐξ
530 2632 681 2714 ἀγορασίας
695 2635 742 2692 τοῦ
759 2633 838 2693 αὑτοῦ
853 2632 998 2712 ίερωτάτου
1014 2634 1211 2716 μητροπολίτου
1227 2635 1334 2712 Ζιχνῶν

51 2753 89 2812 ναὶ
107 2755 259 2836 θτερτίμου,
283 2751 361 2816 ἀλλὰ
384 2756 418 2832 δὴ
441 2753 489 2816 καί
510 2756 563 2815 ἀπὸ
586 2754 773 2838 προσενέξεως
793 2755 925 2836 διαφόρων
940 2755 1010 2816 κατὰ
1026 2757 1139 2836 θεοφιλῆ
1154 2754 1201 2816 καὶ
1217 2753 1333 2834 εὔλογον

8 2833 10 2970 l
50 2879 136 2956 τρέπον
162 2880 238 2950 ἐντος
265 2877 311 2938 καὶ
340 2878 419 2950 ἐκτὸς
446 2885 495 2954 τῆς
523 2879 695 2954 δηλωθείσης
717 2879 830 2950 πόλεως
852 2879 972 2960 Σερριῖιν,
1008 2880 1046 2940 ἔτι
1069 2878 1100 2939 δὲ
1122 2877 1168 2938 καί
1193 2873 1333 2958 ἀλλαχοῦ,

51 3003 174 3080 κτήματα,
204 3004 322 3080 μετόχια
347 2999 393 3060 καί
421 3001 506 3061 λοιπὰ
527 3001 735 3082 τροσοθήμοτα,
759 2999 800 3081 ἐφ’
813 2993 853 3073 οἷς
876 3002 975 3080 ἔφθασε
997 2999 1044 3061 καὶ
1067 3000 1209 3081 ἐπορίσατο
1231 3000 1333 3080 χρυσό-

53 3121 149 3192 βουλλα
176 3123 223 3183 καί
252 3125 448 3205 προστάγματα
477 3127 524 3183 τοῦ
546 3144 575 3183 τε
604 3123 682 3204 ἁγίου
705 3146 757 3200 μου
780 3125 906 3184 αὀθέντσυ
929 3123 976 3184 καί
998 3125 1137 3200 βασιλέως
1158 3128 1204 3184 τοῦ
1224 3125 1334 3183 πάππου

53 3263 106 3324 μου,
135 3246 171 3306 ἔτι
198 3245 230 3306 δέ
257 3243 304 3305 οιαὶ
330 3250 376 3306 τοῦ
404 3244 527 3321 ἀοιδίμου
551 3247 677 3307 αθθέντου
699 3245 746 3306 καὶ
769 3247 907 3322 βασιλέως
929 3245 976 3305 καί
997 3248 1099 3326 πατρὸς
1120 3251 1170 3324 της
1192 3243 1335 3320 βασιλείας

54 3385 108 3445 μου,
130 3367 204 3427 ἀλλὰ
227 3367 262 3442 δή
286 3364 403 3444 καὶτῆς
426 3368 569 3442 βασιλείας
592 3389 652 3444 μου,
678 3369 850 3448 διοριζόμενα
871 3368 942 3428 κατὰ
957 3369 1042 3448 μέρος
1055 3370 1153 3448 πάντα,
1177 3369 1227 3427 ὅσα
1249 3367 1335 3447 πρόσ-

55 3507 124 3568 εστιν,
146 3492 183 3562 ὡς
205 3487 371 3570 δεδήλωται,
394 3493 453 3562 ταῖς
476 3491 610 3563 τοιαύταις
632 3494 729 3564 μοναῖς
744 3493 870 3566 κτήματα
885 3488 933 3550 καὶ
948 3491 1033 3551 λοιπά
1049 3487 1226 3570 εἰσοδήματσι,
1248 3489 1337 3548 πάντα

55 3614 128 3670 ’.εἶτα
147 3613 216 3672 κατὰ
239 3612 333 3692 μέρος,
361 3613 401 3682 ὡς
424 3610 538 3692 εἴρηται,
562 3613 817 3693 ἐμπεριειλημμένα
839 3611 886 3672 οιαὶ
910 3613 1082 3694 διοριζόμενα
1104 3613 1133 3671 ἐν
1155 3613 1212 3683 τοῖς
1235 3610 1338 3691 βηθεῑσι

55 3734 268 3814 χουσοβαθλλοις,
299 3735 433 3809 ἐζήτησαν
460 3733 491 3794 δὲ
519 3715 566 3794 κάὶ
592 3735 786 3814 παρεκάλεσαν
808 3732 856 3794 καί
878 3733 978 3816 ἀρτίως
999 3735 1048 3810 τἠν
1072 3733 1215 3808 βασιλείαν
1238 3755 1290 3810 μου
1312 3731 1337 3793 οἱ
1391 3761 1401 3768 ·

58 3856 161 3934 μσνσχσὶ
189 3863 243 3918 τῶν
274 3854 424 3938 εἰρημένων
453 3863 552 3938 μονῶν,
584 3859 622 3928 ὡς
649 3860 682 3916 ἀν
710 3857 898 3939 έπιχορηγηθῇ
926 3859 1015 3928 αὺτοῖς
1041 3855 1088 3917 καί
1115 3859 1208 3938 ἕτερον
1235 3858 1336 3938 χρυσό-

59 3975 165 4049 βαυλλον
188 3979 228 4052 είς
251 3979 443 4060 ἐπιστηριγμθν
462 3977 509 4040 καὶ
526 3979 683 4060 ἐπικάρωσιν
699 3977 746 4039 καί
761 3977 909 4052 βεβαίωσιν
924 3985 977 4039 τῶν
991 3981 1199 4061 προγεγονότων
1213 3977 1261 4040 καὶ
1277 3980 1338 4040 ἐπι-

58 4102 254 4178 χορηγηθέντων
278 4103 376 4182 αἰτσϊς,
399 4101 492 4173 καθὼς
514 4100 627 4183 εἴρηται,
647 4101 861 4182 χρυσοβούλλων
882 4101 929 4162 καί
943 4105 1159 4184 προσταγμάτων
1173 4101 1220 4162 καί
1234 4102 1339 4162 λοιπῶν

60 4218 245 4303 διαπασμάτων,
268 4222 316 4283 καί
337 4225 490 4301 κατέχωσιν
514 4225 637 4284 ἐντεῦθεν
659 4223 706 4283 καί
729 4222 768 4296 είς
788 4225 818 4282 τ“ο
834 4221 899 4300 ἑξῆς
914 4223 948 4283 τά
961 4227 1095 4303 προσόντα
1110 4228 1169 4294 ταῖς
1185 4222 1340 4304 εἰρημέναις

61 4346 145 4415 μσναῖς
164 4348 290 4421 κτήματά
312 4367 342 4406 τε
364 4345 411 4406 καὶ
432 4349 580 4428 προάστεια
594 4345 641 4406 καὶ
657 4350 773 4425 μετόχια
795 4345 842 4406 καὶ
857 4347 941 4407 λοιπὰ
957 4345 1126 4423 εἰσοθήματα
1147 4347 1341 4424 ἀνενσχλήτως

61 4482 86 4520 τε
106 4463 149 4525 καὶ
168 4469 391 4550 ἀναποσπάστως,
414 4467 594 4540 ἀδιασείστως
616 4467 662 4528 καὶ
687 4467 913 4550 ἀναφαιρέτωςῖ),
937 4469 975 4540 ὡς
996 4469 1161 4549 εὑρίσκονται
1175 4470 1341 4547 κατέχοντες

158 4729 175 4792 ¹)
191 4729 233 4778 τοῦ
252 4725 308 4797 ἀρχ.
329 4728 355 4778 S.
427 4729 447 4793 ²)
468 4725 645 4796 ἀδιαφαιρέτως
664 4729 688 4778 S.

1102 4830 1133 4880 7*
1377 4865 1431 4923 γ.

1357 4903 1360 4922 1

1319 4913 1345 4946 »s
1388 4932 1456 4984 Γ,

1148 4943 1354 5071 ολῧῧ“

1155 5073 1211 5118 ι-ι·
