3166 5298
1283 353 1323 417 97

139 551 154 624 ή
176 541 258 626 Εἶχε
281 546 317 607 δὲ
339 545 395 607 καί
419 545 619 626 δι’ἐρυθρῶν
640 549 846 626 γραμμάτων
869 551 927 622 τῆς
951 546 1133 622 βασιλικῆς
1155 545 1211 606 καί
1233 545 1329 618 θείας

53 670 150 746 χειρός
169 671 217 728 τό·
245 669 455 748 Ἀνδρόνικος
478 668 511 728 ἐν
534 667 664 748 Χριστῷ
687 666 730 745 τῷ
752 666 817 747 θεῷ
838 669 952 739 πιστός
975 667 1139 742 βασιλεὺς
1159 667 1217 728 καὶ
1232 668 1328 728 αὐτο-

52 793 163 870 κράτωρ
179 789 351 865 Ῥωμαίων
374 791 389 849 ό
413 791 656 868 Παλαιολόγος
679 795 704 866 †.

141 917 240 974 Βαάνου
268 920 294 972 Ι.
314 937 345 989 p.
371 921 443 973 218.
492 918 588 988 Confer
616 918 772 972 antecedens
801 918 922 988 diplom
944 918 995 972 Νι.
1020 918 1087 988 IV.²
1119 937 1138 974 α
1164 935 1215 990 ooo
1238 919 1329 989 differt

51 1022 196 1079 solummodo
210 1025 242 1078 in
257 1024 375 1078 nordio

246 1343 304 1408 VI.
328 1341 581 1432 [6833-1324],
601 1367 714 1410 menso
737 1343 912 1428 decembri,
935 1345 1001 1410 ind.
1020 1345 1112 1411 VIII.

50 1528 202 1582 patriarcha
216 1529 322 1584 anioo
341 1528 483 1598 συστήσηται
501 1529 653 1600 άήνύοπιαύσ
668 1531 840 1600 Imperatorio
855 1532 887 1586 de
903 1531 1058 1602 μιίυἰίιμάάι
1074 1538 1099 1586 εί
1114 1533 1329 1603 possessionibus

314 1634 473 1690 monosterii
486 1640 511 1688 et
526 1635 644 1705 typicum
659 1635 856 1705 ααοίιίσρέσσορί
870 1635 1048 1692 Ζάαίικατυαι.

49 1833 211 1910 ίἩσαίας
235 1839 324 1918 ἐλέῳ
347 1837 424 1897 θεοῦ
449 1833 709 1916 ἀρχιεπίσκσπος
732 1835 1121 1910 Κωνσταντινουπόλεως
1144 1840 1235 1912 Νέας
1251 1839 1327 1900 Ῥύ-

343 1981 408 2036 μης
429 1957 485 2019 καὶ
508 1957 742 2035 οἰκούμενικδς
764 1961 977 2040 πατριάρχης
999 1965 1025 2035 †.

140 2139 156 2209 ή
171 2131 251 2192 Ἐπεί
266 2133 282 2191 ό
296 2133 504 2212 θεοφιλέστατος
520 2129 665 2204 ἐπίσκοπος
680 2133 796 2214 Ζιχνῶν,
821 2130 1019 2208 διαδεξάμενος
1033 2133 1063 2191 τό
1080 2131 1141 2213 περί
1159 2132 1209 2206 τάς
1224 2135 1329 2215 Σέρρας

47 2255 107 2314 κατὰ
134 2257 165 2314 τό
195 2255 259 2336 όρος
288 2258 335 2316 τοῦ
358 2255 518 2326 Μενοικέως
548 2253 720 2329 διακείμενον
744 2256 921 2336 μοναοιήριον
951 2256 981 2315 τό
1005 2253 1044 2327 είς
1066 2255 1154 2332 ὄνομα
1175 2259 1329 2332 τιμιύμενον

47 2381 84 2436 τοῦ
106 2375 193 2454 τιμίου
221 2373 332 2450 ἐνδόξου
358 2379 492 2456 προφήτου
519 2375 679 2456 Προδρόμου
707 2374 754 2436 καί
781 2377 930 2436 Βαπτιστού
957 2377 1094 2458 Ἰωάννου,
1125 2380 1163 2449 ὡς
1190 2379 1330 2459 γονικόθεν

47 2497 108 2578 α-ἰτῷ
140 2500 265 2581 διαφέρον
295 2500 503 2578 περιεποιήσατο
530 2495 578 2558 καί
607 2494 744 2575 ἐπηύξησε
772 2496 820 2560 καί
843 2495 882 2569 εἰς
904 2501 919 2557 δ
941 2503 986 2560 νῦν
1008 2502 1102 2580 ὁρᾶται
1126 2503 1262 2579 μεγέθους
1284 2501 1330 2563 καὶ

1 2619 2 2700 J
46 2623 209 2702 περιφανείας
231 2624 407 2702 κατέστησεν,
435 2621 530 2694 ἱκανὰς
553 2620 625 2700 αύτῷ
647 2623 756 2696 κτήσεις
783 2617 975 2701 προοκυριύσας
998 2620 1037 2693 είς
1060 2623 1202 2703 διατροφὴν
1224 2629 1277 2684 τῶν
1301 2625 1330 2684 ἐν

46 2743 109 2823 αύτῷ
132 2751 273 2826 μοναχῶν,
295 2741 342 2804 καὶ
362 2743 523 2820 διαθέμενος
543 2741 590 2803 καί
604 2745 729 2815 πιπιύσας
751 2744 782 2802 τό
804 2743 864 2803 κατ’
878 2743 951 2824 αθτό,
975 2745 1014 2816 ὡς
1035 2740 1070 2820 ήν
1093 2743 1164 2824 αύτῷ
1179 2746 1247 2825 πρός
1262 2745 1330 2821 βου-

1 2857 2 2922 ί
41 2865 156 2946 λήσεως,
186 2866 368 2946 πορισάμενος
389 2886 419 2926 τε
446 2863 493 2926 καί
519 2866 617 2926 σεπτόν
643 2864 850 2944 χρυσόβουλλον
876 2869 923 2924 τοῦ
945 2865 1086 2945 κρατίστου
1108 2865 1154 2926 καί
1178 2868 1254 2946 άγίου
1279 2889 1330 2944 μου

47 2987 235 3070 αυτοκράτορος
258 2985 302 3048 ἐπὶ
323 2993 387 3047 πᾶσι
408 2989 465 3059 τοῖς
486 2985 525 3065 τῷ
547 2987 657 3066 τοιούτῳ
674 2987 824 3068 διαφέρουσι
841 2985 1011 3066 μοναστηρίῳ
1027 2986 1224 3065 ἀνενοχλησίαν
1242 2990 1330 3058 αύτοῖς

46 3112 198 3186 ποιούμενον
228 3108 276 3170 καί
307 3109 435 3170 ἀτέλειαν
466 3108 646 3190 ἐπιβραβείιον
677 3105 724 3168 καί
746 3107 955 3188 ἐλευθεριότητα
983 3106 1031 3167 καί
1052 3111 1158 3170 πάντων
1180 3115 1233 3170 τῶν
1261 3110 1332 3169 κατὰ

46 3233 145 3310 καιρούς
173 3231 368 3312 ἐπερχομένων
393 3233 450 3303 τοῖς
478 3231 577 3303 ἄλλοις
604 3232 701 3290 ἅπασιν
728 3229 862 3310 ἀνώτερον
885 3231 1053 3310 καθιστάνσν,
1089 3231 1203 3308 ἐζήτησε
1230 3231 1331 3293 δὲκαὶ

46 3355 171 3434 Ιίμετέρου
195 3353 333 3432 σιγιλλίου
354 3355 446 3431 πιχεῖν
469 3352 620 3432 ἀσφαλείας
641 3355 722 3432 χάριν
744 3349 792 3412 καί
813 3357 862 3427 τῆς
884 3351 1014 3432 ἐντεῦθεν,
1037 3353 1068 3412 τ“ο
1082 3355 1168 3433 παρόν
1185 3348 1331 3438 [σιγιλλιον

47 3470 166 3562 ιίισῖςήύ)
189 3477 207 3552 ή
231 3480 373 3556 μετριότης
395 3475 474 3552 ἡμῶν
498 3474 621 3552 ἀπολύει,
646 3473 680 3534 δι’
694 3467 724 3534 ού
745 3472 792 3534 καί
815 3475 844 3532 ἐν
868 3473 938 3554 ἁγίῳ
960 3475 1090 3550 πνεύματι
1112 3475 1332 3554 παρακελεύεται

48 3596 84 3658 ἐπί
104 3607 155 3676 τῆς
174 3601 259 3675 σίντης
282 3599 502 3679 ἐλευθεριότητος
524 3596 570 3657 καί
590 3596 720 3669 ἀτελείας
742 3598 833 3672 μένειν
855 3597 890 3656 τά
911 3597 1150 3676 προσαρμοσθέντα
1168 3595 1206 3676 τήν
1221 3599 1332 3678 τοιούτῳ

48 3721 211 3802 μοναατηρίῳ
239 3719 279 3794 είς
306 3718 392 3780 αἰῶνα
413 3722 458 3780 τὀν
481 3716 548 3798 ἑξῆς
570 3722 684 3800 ἅπαντα,
715 3721 754 3790 ὡς
775 3718 822 3780 καὶ
843 3721 875 3780 τό
898 3721 995 3780 σεπτόν
1017 3719 1223 3798 χρυσόβουλλον
1247 3720 1333 3801 διορί-

47 3841 124 3924 ζειαί,
146 3841 194 3902 καὶ
216 3841 354 3918 μηδεμίαν
376 3841 505 3902 ούδέποτε
526 3842 590 3923 παρ’
604 3841 714 3914 σὐδενός
735 3841 821 3922 εὑρεῖν
843 3845 926 3902 ταῦτα
943 3841 1104 3916 ἐπιβουλήν·
1127 3843 1255 3914 ὡσαύτως
1271 3842 1333 3902 δια-

47 3963 183 4025 κελεύεται
209 3967 227 4039 ή
256 3965 397 4044 μετριότης
422 3965 501 4040 ήμῶν
529 3965 620 4040 μένειν
648 3963 683 4024 δι’
694 3962 792 4034 αἰῶνος
819 3964 1021 4046 ἀπαραποίητσν
1048 3963 1095 4024 καί
1121 3966 1185 4024 όσον
1212 3964 1227 4022 ό
1253 3966 1343 4037 αθτδς

1 4103 2 4108 ’
47 4084 250 4164 θεοφιλέστατος
278 4085 423 4158 ἐπίσκοπος
445 4088 552 4165 Ζιχνῶν
580 4083 722 4160 διετάξατο
744 4084 791 4146 καί
814 4086 949 4146 ἐτύπωσεν
973 4083 1017 4144 ἐπὶ
1037 4085 1077 4165 τῷ
1098 4087 1160 4147 κατ’
1173 4085 1252 4146 αύτόν
1273 4106 1333 4147 τοι-

48 4207 109 4288 ούτῳ
133 4208 315 4289 μοναοτηρίῳ,
345 4207 391 4268 καί
419 4207 506 4284 μηδέν
527 4231 553 4270 τι
574 4210 673 4270 τούτων
696 4209 887 4290 παραβαθήναι
909 4212 927 4284 o
951 4209 1113 4288 ἀθειηθῆναι
1134 4207 1199 4289 παρ’
1209 4208 1332 4282 ούδενός·

48 4327 83 4388 δίο
113 4330 148 4404 δὴ
176 4330 224 4391 καί
250 4330 340 4404 ούδείς
366 4353 405 4404 τις
431 4335 449 4407 ή
476 4337 529 4390 τῶν
558 4331 587 4390 ἐν
615 4330 686 4410 αύτῷ
713 4331 887 4406 ἀσκουμένων
911 4326 1096 4417 [μο·ναχῶν]έ)
1119 4335 1137 4406 ή
1159 4337 1213 4392 τῶν
1235 4327 1334 4392 ἀλλων

48 4451 167 4514 ἁπάντων
191 4451 230 4525 εἰς
253 4453 377 4527 ἀθέτησιν
400 4452 502 4532 δφείλει
524 4459 650 4534 χωρῆσαι
672 4459 726 4514 τῶν
750 4453 969 4532 διατεταγμένων
989 4453 1037 4514 καί
1050 4455 1245 4530 τετυπωμένονν
1259 4454 1334 4534 παρὰ

149 4713 169 4771 ¹)
189 4712 385 4780 Supplevimus.
457 4713 477 4778 ²)
497 4711 692 4778 Supplevimuo.
