3166 5298
1257 363 1318 428 119

128 560 143 629 ή
174 551 260 634 Είχε
288 553 346 616 καί
377 555 415 618 δι’
433 556 575 636 ἐρυθρῶν
603 561 810 637 γραμμάτων
840 566 899 636 τῆς
928 557 1110 634 βασιλικῆς
1139 556 1195 618 καί
1224 558 1320 628 Θείας

40 677 141 756 χειρός
161 681 212 736 τό·
235 675 315 754 μηνὶ
337 673 507 757 ἀπριλλίῳ
528 677 574 750 κς’
681 683 707 755 †.

130 805 275 860 Ιοατιιιόάσσ
291 806 343 860 Ντ.
362 807 390 861 6.

308 1057 402 1122 ΧΧΙ.
427 1055 503 1122 Sine
526 1077 620 1143 anno,
648 1056 678 1120 9.
701 1057 821 1122 mensis
845 1056 1037 1122 decembris.

41 1223 90 1276 Ra
105 1222 257 1294 Stephanus
275 1224 374 1278 Πιείατι
395 1225 491 1278 iterum
505 1225 599 1278 scribit
614 1223 646 1278 de
661 1223 828 1277 restitutione
843 1223 906 1294 ορτί
920 1223 987 1277 dicti
1002 1221 1162 1293 Μοκοερίία
1178 1223 1215 1276 ad
1229 1238 1318 1276 σκοπα-

352 1334 355 1340 ’
608 1327 728 1381 sterium.

324 1495 527 1576 Πρόσταγμα
548 1493 572 1566 ζ’
596 1492 640 1568 εἰς
662 1494 715 1570 τὴν
738 1493 838 1570 αυτὴν
861 1493 1024 1553 ὑπόθεσιν.

132 1651 266 1730 ’γθίκεῖε
289 1656 322 1732 τῇ
346 1651 475 1734 βασιλείᾳ
497 1671 558 1726 μου,
582 1651 725 1727 δομόστικε
745 1653 795 1731 κίιρ
811 1650 925 1722 Ἰωάννη
941 1649 1131 1728 Ταρχανιώιη.
1154 1646 1319 1723 ἠβασιλεία

42 1795 84 1846 μου
98 1774 236 1853 διορίζεταί
258 1794 309 1834 σοι.
332 1774 384 1853 πρδ
406 1774 511 1852 χρόνων
535 1772 580 1832 διὰ
600 1771 807 1851 χρυσοβοὺλλου
830 1771 883 1830 ἀπό
906 1769 1044 1844 μεσιτείας
1065 1775 1115 1846 τῆς
1137 1770 1318 1850 περιποθήτου

43 1897 159 1976 θυγατρός
184 1903 234 1972 τῆς
261 1895 404 1970 βασιλείας
427 1915 488 1974 μου,
511 1899 559 1970 τῆς
582 1895 755 1971 ὑψηλοτάτης
777 1891 929 1973 κραλαίνης
951 1896 1001 1968 τῆς
1024 1892 1240 1964 αἰιθεντοποίλας
1262 1899 1319 1972 σου,

43 2020 99 2095 πρός
123 2019 169 2092 τἠν
196 2018 268 2078 κατὰ
290 2021 320 2078 τδ
347 2018 410 2097 δρος
432 2017 591 2078 Μενσίκεων
619 2015 792 2091 διακειμένην
815 2014 968 2091 σεβασμίαν
992 2013 1076 2090 μονὴν
1098 2013 1147 2089 τήν
1170 2011 1211 2086 είς
1232 2013 1320 2089 ὄνομα

43 2143 181 2216 τμωμένην
206 2144 254 2200 τοῦ
280 2138 367 2214 τιμίου
393 2142 527 2219 προφήτου
550 2137 711 2218 Προδρὸμου
734 2134 781 2196 καί
802 2137 952 2196 Βαπτιστοῡ
974 2136 1101 2195 Ἰωάννου
1123 2137 1154 2196 τό
1175 2133 1248 2214 παρὰ
1270 2139 1321 2211 τῆς

44 2261 151 2338 τοιαόσης
173 2267 259 2338 μονῆς
281 2262 469 2341 εὑρισκόμενον
492 2259 623 2341 ἀγρίδιον,
645 2261 676 2318 τδ
698 2259 851 2337 λεγόμενον
875 2259 1065 2340 Μονόοπητον,
1088 2258 1154 2337 ὅπερ
1176 2256 1321 2335 κατείχετο

45 2387 157 2463 πρότερον
178 2383 223 2444 διά
244 2390 392 2464 πρακτικοῦ
415 2381 454 2455 εἰς
477 2381 632 2458 οἰκονομίαν
653 2381 728 2462 παρὰ
749 2384 795 2441 τοῦ
818 2378 918 2441 οἰκείου
939 2387 973 2462 τῇ
995 2379 1122 2462 βασιλείᾳ
1138 2401 1200 2460 μου,
1223 2384 1320 2440 σεπτοίι

44 2504 121 2583 κυρίου
135 2506 289 2585 Νικηφόρσυ
309 2510 356 2566 τοῦ
372 2504 518 2586 Μαρτίνου,
543 2503 599 2564 ἀντί
621 2505 769 2580 ποσότητος
791 2505 964 2580 νομισμάτων
980 2503 1008 2563 λ’
1025 2550 1032 2564 .
1052 2551 1058 2564 .
1077 2551 1083 2564 ,
1099 2503 1166 2581 πρδς
1188 2502 1267 2561 αἰιτδν
1289 2500 1322 2561 δὲ

44 2629 81 2683 τόν
102 2630 192 2688 σεπτόν
208 2629 346 2708 Μαρτῐνον
370 2625 460 2687 ἐδίδου
482 2629 512 2686 τδ
535 2627 586 2702 μὲν
607 2628 737 2706 πρότερον
761 2621 819 2684 ἀντὶ
841 2626 934 2686 τοὺτου
955 2628 1035 2706 χάριν
1050 2619 1193 2704 προσοδίου
1210 2611 1289 2684 αὑτοῦ
1299 2621 1320 2706 ¹)

45 2745 205 2835 νορήίσματα]
235 2753 376 2830 ...πρό
398 2771 470 2821 τινος
497 2749 587 2824 δ’ήδη
615 2752 709 2829 καιροῦ
736 2747 878 2829 διωρίσατο
907 2749 925 2825 ἡ
953 2745 1081 2821 βασιλεία
1096 2767 1157 2827 μου,
1189 2745 1233 2806 ἵνα
1255 2744 1321 2828 δοθῇ

46 2869 78 2946 ,ᾧ
96 2873 199 2950 τοιοότῳ
224 2871 352 2952 Μαρτίνῳ
376 2861 433 2932 ἀντί
455 2875 503 2932 τοῦ
525 2871 699 2946 δηλωθέντσς
726 2870 847 2951 ἀγριδίου
869 2870 922 2930 ἀπδ
944 2875 994 2946 τῆς
1016 2867 1174 2944 οἰκονομίας
1195 2862 1229 2943 ἧς
1251 2888 1321 2926 κατ-

9 2969 11 3032 ί
49 2993 97 3068 εἶχε
115 2991 172 3073 περὶ
193 2993 243 3064 τάς
265 2995 369 3074 Σέρρας
391 2993 409 3067 ἡ
432 2995 551 3072 θυγάτηρ
573 2998 619 3053 τοῦ
643 2991 784 3069 Ῥωμαίου
807 2991 920 3072 ἐκείνου,
943 2993 1061 3066 ποσότης
1084 2991 1257 3066 νομισμάτων
1280 2987 1320 3068 λ’,

49 3109 85 3170 διὰ
102 3115 129 3173 τό
149 3115 191 3174 ἵνα
205 3117 357 3193 κατέχηται
375 3117 406 3175 τό
422 3115 548 3191 δηλωθὲν
564 3113 685 3194 ἀγρίδιον
700 3113 774 3194 παρὰ
788 3119 837 3190 τῆς
853 3110 1000 3194 εἰρημένης
1015 3117 1101 3188 μονῆς
1117 3110 1321 3190 ἀνενοχλήτως,

51 3231 193 3314 ἑταγχήτως
215 3236 262 3298 καί
283 3237 460 3310 ἀδιασείστως
477 3235 533 3296 ἀντὶ
548 3237 705 3316 ποσότητος,
730 3238 768 3308 ὡς
784 3235 950 3314 δεδήλωται,
973 3235 1145 3310 νομισμάτων
1160 3231 1200 3294 λ’.
1224 3231 1323 3313 ἀρτίως

9 3407 10 3438 3
52 3353 75 3414 δὲ
93 3357 231 3439 ἐγνώρισεν
253 3361 271 3434 ἡ
295 3359 425 3428 βασιλεία
447 3380 499 3434 μου
524 3356 554 3432 ἐξ
577 3359 713 3440 ἀναφορᾶς
734 3362 781 3419 τοῦ
803 3357 1010 3438 θεοφιλεστάτου
1033 3356 1181 3416 ἐπισκόπου
1203 3357 1320 3436 Ζιχνῶν,

50 3477 73 3548 ἒς
90 3485 261 3557 συνεστήσατο
284 3483 332 3556 τὴν
354 3482 477 3558 τοιαίιιην
500 3483 585 3556 μονὴν
609 3479 639 3554 ἐξ
661 3479 767 3542 οἰκείων
790 3481 882 3540 κόπων
903 3477 950 3539 καὶ
966 3474 1166 3558 ἀναλωμάτων,
1191 3479 1230 3536 ότι
1246 3475 1323 3536 οἰιδὲν

51 3603 150 3662 πείθεται
171 3606 185 3663 ό
210 3603 347 3678 δηλωθείς
367 3605 506 3684 Μαρτίνος
529 3601 711 3676 ἀναδέξασθαι
735 3603 768 3662 ἐκ
788 3607 838 3679 τῆς
861 3601 987 3682 ῥηθείοης
1010 3598 1167 3675 οἰκονομίας
1188 3602 1234 3658 τοῦ
1250 3599 1323 3658 Ῥω-

54 3723 115 3794 μαίευ
143 3727 245 3786 ἐκείνου
272 3727 320 3802 τἠν
349 3727 521 3802 δηλωθεῖσαν
543 3729 680 3800 ποσότητα
702 3730 754 3784 τῶν
777 3723 805 3784 λ’
829 3726 1001 3800 νομισμάτων
1023 3720 1070 3782 καὶ
1093 3720 1137 3781 διὰ
1159 3725 1236 3781 τοῦτο
1259 3721 1323 3780 οἰιδὲ

54 3846 74 3903 τὶ
93 3851 169 3927 μέρος
189 3855 239 3926 τῆς
263 3847 436 3923 δηλωθείσης
459 3854 545 3924 μονῆς
569 3847 678 3926 ἐγένετο
702 3847 793 3923 ἀκμὴν
817 3847 846 3906 ἐν
868 3852 975 3929 κατοχῇ
997 3849 1044 3906 τοῦ
1059 3844 1187 3924 ῥηθέντος
1202 3841 1324 3924 ἀγριδίου

9 4019 10 4048 3
55 3971 88 4024 τοῦ
101 3969 282 4050 λίονοσπήτσυ,
305 3970 352 4030 καὶ
374 3971 550 4050 παρεκάλεσε
573 3968 620 4030 καί
643 3970 758 4045 ἐζήτησε
780 3966 828 4030 καί
851 3966 935 4047 αὖθις,
958 3969 997 4038 ὡς
1020 3969 1052 4024 ἀν
1075 3965 1179 4048 διορίσῃ
1201 3967 1219 4040 ή
1243 3963 1323 4039 βασι-

9 4135 10 4144 2
56 4086 106 4147 λεία
126 4113 173 4166 μου
194 4089 241 4152 καὶ
266 4091 390 4174 ἀπολυθῇ
412 4093 575 4171 πρόσταγμα
599 4089 638 4163 εἰς
659 4091 708 4169 τήν
730 4089 792 4171 περί
813 4091 905 4150 τούτου
929 4089 1095 4168 δερὲντευσιν
1118 4085 1165 4148 καὶ
1181 4082 1324 4148 ἀποκατά-

56 4229 127 4270 στασιν
147 4220 194 4288 τῆς
217 4212 363 4295 εἰρημένης
386 4219 482 4289 μονῆς.
516 4215 565 4288 τήν
587 4217 653 4292 γοῦν
674 4211 847 4294 παράκλησιν
870 4213 949 4272 αἰτοῦ
970 4207 1178 4291 προεδεξαμένη
1200 4209 1219 4287 ἡ
1242 4209 1324 4284 βασι-

56 4326 107 4388 λείτ
124 4355 170 4407 μου
192 4336 252 4413 ἔχει
275 4335 386 4412 θέλημα
407 4333 455 4396 καὶ
478 4335 622 4415 διορίζεταί
644 4356 694 4415 σοι,
726 4335 764 4406 ὡς
788 4337 830 4413 ἀν,
852 4333 945 4406 καθὼς
967 4332 1129 4414 δισκομῑῦθῇ
1151 4331 1219 4412 πρίς
1241 4330 1272 4390 σὲ
1294 4331 1325 4392 τί

58 4453 124 4530 παρόν
142 4461 310 4539 πρόσταγμα,
334 4457 368 4518 ἐκ
388 4462 434 4520 τοῦ
455 4457 607 4538 παραυτίκα
628 4456 796 4540 παραδὼσῃς
817 4456 847 4516 σθ
869 4457 936 4536 τρδς
958 4454 1006 4530 τὴν
1029 4455 1159 4532 τουαίιτην
1175 4453 1261 4530 μονὴν
1275 4454 1324 4529 ft*

141 4719 158 4784 ¹)
175 4714 245 4778 αὐτὸς
263 4720 285 4770 Ι.
