3486 5282
294 247 296 250 ’
311 257 374 320 184

310 452 390 532 έσρτή
413 472 453 522 τις
477 448 600 525 ἐπισταίη
624 448 768 525 δεσποτική
791 453 809 526 ἢ
834 449 1000 528 δεσποινική,
1022 449 1041 524 ή
1063 469 1135 522 τινος
1150 454 1203 508 τῶν
1220 447 1421 527 ἐπιαημοτέρων
1437 445 1538 528 άγίων,
1566 465 1647 524 γι·-

309 574 395 634 νέσθω
417 573 489 634 κατὰ
510 573 606 649 ταύτην
629 572 797 652 λειτουργία,
820 569 845 632 εἰ
867 571 899 632 δέ
921 574 960 648 μή
976 593 1020 651 γε,
1045 569 1119 645 ἅπαξ
1135 573 1164 630 ἐν
1179 573 1238 643 ταῖς
1252 572 1334 630 πέντε
1348 569 1458 642 ταύταις
1472 570 1636 648 ἡμέραις,

308 695 382 771 πλὴν
401 696 564 775 προσεκτέον
588 693 697 768 ἑαυτούς
721 694 750 754 ἐν
773 693 876 776 ἑκάστη
897 667 1047 776 ἱερουργίᾳ·
1072 693 1101 752 ἐν
1123 693 1206 775 ταύτῃ
1226 691 1282 772 γὰρ
1296 693 1328 752 τό
1342 693 1449 772 φρικτόν
1465 696 1515 767 τῆς
1530 693 1643 766 ἡμε-
1674 719 1675 740 ι

309 819 391 898 τέρας
413 817 547 898 σωτηρίας
570 816 734 878 ἐπιτελεῖται
756 819 900 898 μυστήριον
922 813 968 876 καί
990 817 1171 898 καθαρευτέον
1194 815 1364 892 πανταχόθεν
1386 811 1433 874 καί
1456 813 1503 873 ἀπ’
1518 814 1642 874 αὐτῶν

309 939 396 1016 δήπου
409 946 463 1000 τῶν
479 945 603 1019 πονηρῶν
613 939 772 1018 λογισμῶν,
787 938 920 1020 πονηρούς
936 938 967 998 δέ
982 938 1131 1018 λογισμούς
1146 934 1213 1018 φημί
1227 935 1289 1008 τούς
1306 935 1358 996 ἀπό
1373 937 1473 1008 παντός
1490 934 1638 1010 σίσυδή-

308 1083 381 1134 τινος
403 1063 506 1134 πάθους
528 1063 735 1138 συνισταμένους
756 1059 804 1121 καί
827 1059 1017 1136 μεταληπτέον
1040 1058 1168 1133 εύλαβὼς
1189 1057 1237 1119 καί
1259 1057 1330 1134 μετὰ
1352 1058 1435 1138 φόβου
1453 1063 1508 1118 τῶν
1525 1059 1638 1119 θείων

309 1187 496 1265 άγιασμάτων,
519 1186 592 1257 όσοις
616 1184 803 1264 ἐπιτέτραπται
824 1187 902 1244 τούτο
923 1183 999 1263 παρὰ
1013 1186 1059 1244 τοῦ
1075 1181 1228 1260 δεχομένου
1243 1180 1305 1252 τούς
1320 1180 1471 1260 λογισμούς
1485 1181 1634 1240 ἑκάστου

309 1304 357 1369 καὶ
380 1307 606 1387 διακαρτερητέον
630 1307 695 1386 ἄχρι
716 1303 1016 1385 καὶσυμπληριύσεως·
1040 1301 1129 1364 οἰνδενί
1143 1303 1197 1384 γᾲρ
1214 1299 1320 1376 ἐξέσται
1335 1302 1499 1383 αθθαιρέτως
1515 1323 1633 1379 μετα-

310 1429 463 1505 λαμβάνειν
486 1423 551 1486 άνευ
582 1427 727 1508 ἐπιτροπῆς
755 1430 801 1488 τού
823 1426 871 1502 τὴν
896 1425 1056 1502 ἐπιμέλειαν
1077 1430 1128 1503 τῆς
1149 1429 1240 1504 ψυχῆς
1263 1423 1343 1484 αἰντσῶ
1362 1425 1523 1500 ποιουμένου
1546 1425 1633 1500 ἤτοι

309 1551 355 1610 τού
377 1551 597 1629 καθηγουμένου·
626 1547 723 1629 ἐκείνῳ
745 1548 800 1631 γὰρ
820 1547 868 1608 καὶ
884 1527 959 1628 μόνῳΙ
973 1548 1036 1621 τούς
1050 1547 1201 1626 λογισμούς
1217 1544 1418 1607 ἀποκαλύπτειν
1434 1545 1626 1624 βουλόμεθα.

309 1671 371 1742 τούς
397 1673 489 1746 μέντοι
516 1668 740 1748 μεταλαμβάνειν
769 1671 927 1746 μέλλοντας
952 1669 1008 1750 χρὴ
1036 1671 1085 1746 τὴν
1112 1669 1293 1748 ὀφειλομένην
1320 1666 1364 1728 ἐπὶ
1390 1673 1424 1750 τῇ
1446 1668 1628 1747 μεταλήψει

309 1791 473 1866 ἀκολουθίαν
496 1792 616 1870 ψάλλειν
638 1791 710 1852 κατὰ
730 1793 777 1852 τὀν
798 1793 888 1852 τύπον.
926 1792 942 1850 ό
965 1791 997 1852 δέ
1018 1791 1190 1866 καλούμενος
1213 1789 1385 1866 διακλασμός
1406 1791 1525 1869 γινέσθω
1541 1792 1623 1850 καθ’

310 1917 427 1992 ἑκάστην
450 1913 611 1995 ἱερουργίαν,
634 1916 674 1988 ὡς
694 1912 734 1994 τῷ
748 1915 894 1994 ἡγουμένῳ
909 1913 996 1992 δοκεῖ,
1018 1914 1036 1988 ή
1053 1913 1085 1974 δέ
1099 1906 1254 1991 λυχνοκαία
1269 1913 1385 1991 γινέσθω
1400 1912 1616 1992 φιλοτιμοτέρα.

412 2035 451 2114 γ’.
482 2036 564 2118 Περὶ
588 2043 649 2113 ,τῆς
676 2038 710 2096 ἐν
735 2043 773 2118 τῇ
799 2038 947 2118 τραπέζῃ
971 2035 1102 2112 διαίτης
1123 2033 1179 2096 καὶ
1201 2033 1277 2114 περὶ
1298 2038 1355 2095 τού
1377 2035 1519 2114 ἀριθμοῦ
1542 2042 1616 2096 τῶν

309 2160 529 2233 μοναζόντων.

412 2281 494 2340 Μετὰ
515 2280 563 2354 τὴν
585 2279 778 2360 συμπλήρωσιν
799 2287 849 2356 τῆς
871 2281 947 2352 θείας
966 2279 1118 2361 ἱερουργίας
1138 2285 1156 2355 ή
1180 2282 1279 2356 ταύτης
1295 2282 1333 2356 μὴ
1349 2282 1517 2356 τελουμένης
1532 2282 1611 2356 μετόν

307 2403 338 2461 τό
359 2402 442 2474 τέλος
463 2407 513 2476 τῆς
534 2400 699 2474 ἀκολουθίας
714 2407 767 2462 τῶν
784 2399 942 2476 εἰθισμένων
957 2404 1035 2482 ὡρῶν
1051 2392 1244 2482 συναγομένων
1259 2408 1312 2462 τῶν
1328 2399 1457 2481 ἀδελφῶν
1471 2403 1543 2462 κατά
1559 2405 1611 2462 τόν
1673 2439 1675 2522 γ

307 2520 430 2602 νάρθηκα
451 2530 500 2600 τής
523 2523 673 2599 ἐκκλησίας
694 2525 833 2604 κρουέσθω
854 2526 885 2584 τό
908 2520 989 2596 ξύλον
1012 2529 1062 2599 τῆς
1084 2525 1213 2604 βρῶσεως
1232 2523 1279 2584 καί
1295 2522 1480 2598 βαδιζέτωσαν
1496 2522 1541 2584 ἐπὶ
1556 2527 1611 2599 τὴν
1673 2547 1675 2552 ’

307 2647 443 2726 τράπεζαν
465 2646 510 2704 τόν
533 2647 634 2722 συνήθη
658 2647 769 2721 βαλμδν
785 2641 905 2728 ,ᾅδοντες
928 2645 967 2716 είς
991 2646 1119 2726 ἐπήκοον,
1142 2651 1188 2706 τοῦ
1210 2647 1418 2724 καθηγουμένου
1440 2647 1492 2720 μὲν
1514 2669 1611 2726 προη-

307 2770 451 2848 γουμένου,
476 2769 617 2844 ἑπομένων
641 2767 672 2828 δὲ
694 2773 748 2827 τῶν
771 2763 880 2848 ἀλλων,
903 2769 961 2828 όσοι
983 2767 1015 2827 δέ
1036 2767 1109 2828 κατὰ
1128 2769 1176 2843 τὴν
1191 2770 1300 2848 πρῶτην
1315 2769 1450 2848 τράπεζαν
1468 2768 1609 2844 μέλλουσι
1674 2757 1675 2760 ¹

308 2887 414 2969 ἐσθίειν,
446 2891 516 2950 ούτω
542 2911 571 2950 τε
599 2888 727 2962 εἰσιόντες
754 2887 801 2952 καὶ
828 2891 873 2950 τόν
900 2890 1012 2969 ψαλμόν
1036 2890 1246 2970 ἐκπεράναντες,
1274 2894 1320 2950 τού
1342 2890 1496 2968 ήγουμένου
1518 2889 1607 2949 εθλσ-

308 3015 419 3091 γοῦντος
445 3014 493 3086 τὴν
520 3013 665 3092 τράπεζαν,
693 3013 900 3084 καθεζέσθωσαν
924 3013 1061 3084 εύτάκτως
1082 3010 1129 3072 καί
1150 3013 1239 3094 ήσυχῇ
1268 3008 1368 3086 ἀναμίξ
1394 3011 1512 3090 γηραιός
1534 3013 1609 3086 μετὰ

306 3134 377 3211 νέου,
408 3133 453 3193 ἵνα
480 3139 535 3206 πᾶς
557 3135 643 3213 λόγος
665 3133 761 3216 ἀργός,
791 3131 857 3210 ήθός
878 3154 910 3193 τε
931 3131 979 3193 καί
1000 3139 1096 3212 σχῆμα
1118 3128 1188 3218 [καί]
1210 3137 1296 3208 νεῦμα
1317 3133 1392 3213 παρὰ
1413 3133 1445 3192 τό
1466 3139 1607 3212 προσῆκον

305 3255 438 3332 γινόμενοι
466 3256 689 3336 οἰναστέλλσιντα,
720 3252 810 3328 σίλλος
837 3255 920 3335 ἄλλῳ
942 3255 989 3316 καί
1013 3257 1128 3328 ἕκαστος
1151 3257 1257 3334 ἑκάστῳ
1279 3263 1328 3332 τῆς
1350 3256 1489 3334 καθέδρας
1510 3277 1605 3337 παρα-

305 3382 405 3456 χωρῶν
428 3379 446 3450 ή
469 3375 516 3437 καί
538 3377 631 3448 καθὼς
654 3377 830 3458 όπροεστιλς
853 3375 1017 3457 διατάξεται,
1040 3377 1088 3453 τήν
1108 3379 1218 3458 πρώτην
1233 3378 1370 3458 καθέδραν
1385 3370 1463 3450 ούτος
1480 3379 1604 3456 ἐπέχων·

306 3496 378 3574 μηδὲ
393 3497 447 3578 γὰρ
461 3499 567 3577 γένοιτό
580 3519 638 3559 τινα
652 3496 714 3580 περὶ
728 3497 874 3580 προεδρίας
889 3499 1053 3578 φιλονεικεῖν
1068 3497 1115 3558 καί
1130 3499 1286 3576 μοναδικῶς
1297 3500 1346 3575 ζῆν
1362 3499 1605 3577 ἐπαγγειλάμενον

306 3625 446 3695 κοσμικῶς
470 3619 578 3702 ἐρίζειν,
600 3622 646 3681 τόν
669 3619 701 3680 δέ
716 3619 802 3702 χωρίς
817 3619 904 3694 αἰτίας
920 3621 1036 3700 εὐλόγου
1051 3621 1310 3697 άπολιμπανόμενον
1324 3626 1373 3698 τῆς
1387 3626 1481 3696 κοινῆς
1497 3619 1603 3684 εἰσόδου

305 3741 430 3813 τεθέντος
454 3787 512 3802 ...
536 3740 731 3818 ἐμβληθέντων
752 3763 783 3803 τε
805 3749 859 3802 τῶν
881 3745 1098 3824 περιπευμάτων
1118 3790 1125 3803 .
1145 3789 1151 3804 .
1170 3789 1176 3802 .
1198 3741 1316 3818 καὶτῆς
1338 3743 1466 3817 συνήθους
1489 3743 1603 3823 εὐχαρι-

305 3863 380 3934 στίας
401 3863 579 3938 τελεσθείσης
602 3864 801 3924 άνιστάσθωσαν
823 3865 890 3942 ἐμοῦ
903 3867 1005 3938 πάντες
1019 3865 1176 3944 ψάλλοντες
1191 3866 1239 3940 τὴν
1255 3865 1326 3926 κατὰ
1341 3866 1420 3926 τύπον
1435 3865 1601 3927 ἀκολουθίαν

305 3981 353 4044 καί
374 3984 530 4064 λεγομένου
553 3983 674 4062 συνήθως
688 3990 734 4048 τοῦ
749 3987 842 4066 στίχου
857 3988 932 4066 παρὰ
945 3991 992 4066 τοῦ
1007 3992 1178 4066 προεστῶτος
1193 3987 1345 4048 ἐπιέτωοαν
1362 3990 1476 4060 ἕκαστος
1493 3985 1537 4047 ἐπί
1553 3989 1601 4063 τὴν

307 4105 376 4167 ἰδίαν
399 4106 518 4168 κόλλαν.
542 4102 602 4168 εἰτα
623 4106 671 4168 καί
688 4110 756 4188 πρός
770 4111 801 4168 τό
819 4109 979 4190 ἐργόχειρον
994 4109 1195 4190 τραπέσθωσαν,
1220 4110 1271 4188 ούχ
1287 4106 1343 4184 ἕξει
1359 4109 1390 4168 δέ
1406 4129 1446 4182 τις
1460 4105 1557 4170 σίδεοαν
1574 4113 1600 4170 έν

304 4235 338 4310 τῇ
367 4227 422 4311 ἰδίᾳ
448 4228 541 4310 κέλλη
568 4230 632 4290 καθ’
645 4231 740 4290 ἑαυτόν
767 4232 915 4310 ἑστιᾶσθαι,
947 4229 971 4290 εἰ
998 4232 1037 4306 μή
1058 4249 1110 4292 που
1132 4251 1173 4302 τις
1196 4231 1225 4290 ἐν
1249 4231 1374 4314 ἀσθενείᾳ
1396 4229 1442 4292 καί
1458 4237 1498 4312 ,τῇ
1521 4231 1598 4312 κλίνη

304 4493 329 4534 τι
345 4473 426 4550 ’ἔχειν
450 4471 599 4549 ίδιόκτητον
622 4472 713 4551 ἐντῷ
735 4471 842 4552 κελλίῳ
865 4475 953 4536 αύτοό.
993 4469 1037 4534 ἐπὶ
1060 4471 1092 4532 δὲ
1115 4479 1148 4555 τῇ
1170 4476 1296 4550 ποσότηπ
1318 4480 1376 4540 τῶν,
1395 4475 1548 4554 βρωμάτιον
1569 4476 1596 4533 τό

304 4591 365 4676 περὶ
391 4599 440 4670 τῆς
467 4594 537 4656 κατὰ
564 4593 613 4670 τήν
638 4595 774 4674 τράπεζαν
803 4593 907 4670 διαίτης
932 4597 963 4655 τό
989 4593 1179 4656 στουδιωτικδν
1200 4596 1309 4656 τυτικόν
1332 4581 1474 4679 κρατήσει,
1506 4595 1545 4656 ἔτι
1565 4616 1595 4672 γε
