3240 5286
1334 321 1396 385 247

95 518 207 575 στάσεσι
222 513 271 574 καί
283 521 364 576 πᾶσιν
380 516 489 596 ἀλλοις,
509 515 556 575 καί
572 515 654 594 ἐντῷ
670 516 765 594 εύκγεῖ
780 515 878 596 κλήρῳ
893 507 943 591 τῆς
959 514 1103 591 βασιλείας
1120 537 1181 594 μου,
1197 517 1288 586 παίσας
1301 537 1332 575 τε
1348 516 1397 588 τάς

95 636 234 696 ἀνέκαθεν
255 637 493 718 προσαρμοθείσας
513 634 552 716 τῷ
574 638 684 716 τοιούτῳ
707 637 819 716 ἀμφικίῳ
842 637 944 716 κρίσεις
966 635 1103 716 διεξάγειν
1118 635 1165 698 καί
1179 641 1319 716 περατοῦν.
1352 637 1398 697 ἐπὶ

94 759 185 838 τούτῳ
207 759 262 838 γὰρ
285 759 412 838 ἑγεγόνει
431 758 478 819 καί
499 761 518 835 ἡ
540 763 662 838 παροῦσα
683 765 733 834 τῆς
756 759 899 834 βασιλείας
922 780 973 834 μον
994 757 1139 840 πρόσταξις
1156 759 1190 819 δι’
1204 759 1353 839 ἀσφάλειαν
1369 763 1395 833 ί.

204 877 328 960 ίίύίχε
357 883 405 942 τὸ·
436 880 514 958 μηνί
543 877 867 961 μαίῳίνδικτιῶνος
890 879 930 958 ιγ’
959 881 1011 941 διά
1041 887 1099 959 τῆς
1132 881 1312 956 βασιλικῆς
1341 878 1396 942 καί

95 1003 195 1076 θείας
214 1005 332 1085 χειρός
351 1009 377 1080 †.

284 1393 290 1399 Ι
357 1315 400 1380 ΙΙ.
427 1312 677 1404 [6778427οβ
699 1335 810 1380 mense
833 1315 928 1400 maio,
950 1313 1015 1380 ind.
1040 1313 1134 1380 XIII.
1244 1375 1248 1382 .

94 1503 253 1574 Imperator
268 1493 390 1555 Μίαίιαέί
403 1495 583 1571 Ραίαοοίοριω
602 1495 698 1554 §cribet
710 1499 887 1569 patriarchae
900 1497 1011 1568 Joseph,
1035 1505 1065 1552 ωδ
1075 1505 1236 1568 στασιασταί
1250 1501 1393 1554 diaconum
1464 1491 1466 1496 ’

266 1606 433 1665 Theodorum
449 1603 633 1663 Scutariotam
642 1605 685 1659 αά
700 1605 823 1660 altiorem
838 1605 997 1674 ἀύμιούύαύεοι
1012 1603 1228 1659 ecelesiasticam.
1287 1667 1289 1672 y

93 1808 233 1893 Ἕτερον
263 1782 462 1894 πρόσταγμα
495 1811 613 1870 σεπτδν
646 1814 701 1869 τού
734 1810 990 1888 κοσμοπσθητου
1014 1812 1179 1888 ,κραταιοῦ
1209 1787 1392 1890 καίάγίου

92 1936 188 2008 ἡμῶν
217 1935 375 1993 αύθέντου
400 1929 456 1992 καί
483 1930 660 2012 βασιλέως,
692 1929 731 1990 δι’
747 1923 781 1990 ού
809 1949 862 2008 μοι
889 1927 945 1989 καί
972 1931 1070 2000 τύπος
1098 1929 1242 2012 ἀπεδόθη
1271 1931 1331 1992 κάν
1353 1939 1391 2014 τῇ

94 2056 266 2137 ἁγιωτάτῃ
287 2056 434 2138 ,μεγάλη
458 2054 623 2137 ἐκκλησίᾳ
645 2058 698 2130 τού
721 2055 797 2114 θεοῦ
820 2053 999 2134 ἀνάλογος,
1031 2050 1057 2112 εί
1081 2051 1136 2111 καί
1159 2053 1213 2132 διά
1235 2033 1395 2136 ΙτάτινωνΙ
1420 2049 1423 2056 ’

93 2177 226 2258 ἀπρεπῆ
250 2177 423 2238 σκάνδαλα
446 2175 502 2238 καί
524 2177 579 2252 τὴν
604 2177 636 2236 έν
658 2175 701 2254 τῷ
724 2173 813 2256 χορῷ
836 2181 897 2234 τῶν
915 2175 1204 2250 ἑκκλησιαστικῶν
1220 2174 1391 2255 ἀρχόντων

94 2300 215 2378 ἀριλον
239 2301 350 2359 στάσιν
374 2299 548 2378 ἀπέκλινα,
572 2297 628 2373 τὴν
653 2297 786 2378 εἰρήνην
810 2297 1079 2376 αίρετισάμενος·
1109 2297 1177 2371 μετ’
1191 2298 1224 2356 ού
1246 2298 1393 2379 πολύιδὲ

93 2419 150 2481 καί
178 2421 364 2481 σακτλλίου
387 2420 619 2502 ἐσρραγίσθην,
647 2418 702 2480 καί
724 2421 778 2480 τδν
800 2421 900 2479 τύπον
923 2421 977 2478 τοῦ
1001 2415 1184 2478 σακελλίου
1207 2419 1388 2494 ἀπέλαβον.

200 2591 383 2674 ’γἋγιῶτατέ
406 2617 457 2672 μου
480 2596 598 2656 δέσποτα
620 2593 666 2656 καί
682 2593 852 2670 οίκουμενικέ
867 2597 1034 2676 πατριάρχα·
1058 2589 1132 2654 οἶδεν
1147 2597 1164 2669 η
1182 2597 1315 2673 οίγιωσύνη
1332 2617 1389 2677 σου,

94 2720 134 2790 ῶς
163 2715 311 2796 ἀνεδέξατο
338 2720 357 2795 ἡ
384 2717 513 2794 βασιλεία
540 2739 591 2796 μου
616 2720 663 2778 τδν
692 2720 851 2795 τιμιώτατον
879 2717 1078 2796 δικαιοφύλακα
1106 2721 1155 2798 κύρ
1178 2715 1323 2798 Θεόδωρον
1345 2720 1390 2780 τ’σν

94 2841 311 2921 Σκουταριιύιην,
334 2839 381 2900 καὶ
403 2839 462 2912 οἵας
484 2838 531 2901 καί
553 2841 619 2917 ὅσης
628 2839 651 2922 ¹)
675 2841 754 2900 αύτδν
777 2837 848 2912 ἀξιοῖ
870 2839 1052 2920 προσπαθείας
1074 2836 1122 2899 καί
1144 2837 1317 2920 οίκειῶσεως,
1340 2847 1390 2917 τῆς

93 2975 124 3022 τε
155 2959 219 3042 περὶ
247 2962 282 3021 τὰ
311 2963 371 3022 θεία
400 2959 530 3042 γνώσεως
560 2964 639 3022 αύτού
667 2965 758 3042 χάριν,
788 2959 835 3021 καί
857 2967 907 3039 τῆς
928 2961 990 3042 περὶ
1011 2961 1045 3021 τά
1066 2964 1216 3043 πράγματα
1237 2941 1407 3044 προσούσης

93 3086 180 3164 τούτῳ
208 3083 388 3162 είδημασύνης
410 3083 457 3144 καί
480 3081 589 3166 ἀρετῆς,
623 3083 683 3144 ἐπεὶ
705 3082 750 3145 ούν
774 3085 858 3155 ούτως
882 3084 959 3144 αύτδν
983 3081 1130 3158 ἀνεδέξατο
1153 3082 1200 3144 καί
1222 3087 1307 3160 ούτως
1330 3089 1389 3166 ἔχει

93 3215 186 3268 τοῦτον
210 3209 227 3282 ἠ
256 3201 385 3283 βασιλεία
411 3228 462 3281 μου
489 3206 536 3268 καί
557 3209 667 3286 τοιούτῳ
690 3204 823 3283 ἀξιώματι
846 3209 1061 3286 κατεκόσμησεν,
1093 3209 1122 3268 ού
1146 3209 1207 3269 δέον
1229 3212 1337 3282 πάντως
1359 3211 1389 3268 το

95 3331 133 3406 μὴ
157 3327 205 3390 καί
226 3329 301 3408 παρὰ
322 3334 371 3404 τῆς
394 3330 545 3407 ἁγιωσύνης
567 3350 614 3389 σου
636 3327 683 3388 καί
705 3335 754 3406 τῆς
773 3335 826 3388 τῶν
842 3330 1030 3408 συγκλητικῶν
1047 3325 1208 3415 [ἀρχόντων]
1225 3333 1302 3392 αύτδν
1320 3333 1388 3392 ἀνα-

73 3452 190 3530 Ιλόγως
213 3452 340 3529 μετέχειν
366 3457 447 3527 τιμῆς
469 3471 499 3510 τε
521 3449 567 3510 καί
589 3446 694 3523 τάξεως
717 3451 746 3510 έν
768 3471 798 3510 τε
820 3450 859 3530 τῷ
883 3451 1101 3530 ἑκκλησιαστινιῖι
1123 3453 1235 3533 δρρικίῳ
1257 3454 1307 3514 κάν
1329 3457 1389 3528 ταῖς

93 3557 242 3652 καθέδραις
264 3570 311 3632 καί
333 3573 453 3632 στάσεσι·
475 3570 567 3652 χρεὼν
589 3571 643 3652 γύρ
665 3573 720 3651 τόν,
743 3573 773 3630 δν
795 3574 813 3647 ἡ
837 3572 964 3648 βασιλεία
987 3595 1038 3651 μου
1056 3574 1227 3655 κατὰλόγον
1242 3577 1319 3658 τιμᾷ,
1341 3575 1389 3636 καί

93 3693 168 3773 παρὰ
190 3699 240 3769 τῆς
263 3693 416 3771 ἀγιωσύνης
439 3713 485 3753 σου
507 3691 569 3753 κατ’
579 3688 638 3753 ίσον
660 3693 787 3768 τιμᾶσθαι
809 3692 855 3754 καί
877 3695 922 3754 τδν
946 3696 975 3756 ἐν
996 3702 1030 3778 τῇ
1054 3695 1181 3780 βασιλείᾳ
1203 3697 1254 3757 κάν
1269 3705 1302 3780 τῇ
1319 3719 1387 3777 συγ-

8 3845 9 3854 ι
93 3817 190 3894 κλήτῳ
211 3814 299 3888 τίμιον
321 3813 368 3874 καί
389 3815 464 3895 παρὰ
485 3821 518 3896 τῇ
542 3815 677 3898 ἐκκλησίᾳ
698 3835 745 3876 σου
767 3813 814 3876 καί
836 3816 874 3894 τῷ
896 3817 993 3897 κλήρῳ
1016 3823 1065 3894 τῆς
1087 3820 1240 3898 ἁγιωτάτης
1259 3825 1305 3881 τού
1324 3822 1387 3881 θεού

94 3939 225 4018 μεγάλης
248 3936 398 4012 ἐκκλησίας
413 3943 493 4012 τιμῆς
505 3934 697 4010 καταξισύσθαι
712 3943 762 4013 τῆς
776 3939 941 4018 κρείττονος·
966 3939 993 4000 εί
1004 3961 1056 4022 περ
1072 3939 1317 4024 ἑπιστημονάρχης,
1340 3943 1387 4004 σύν

93 4059 149 4139 θεῷ
178 4061 270 4138 φάναι,
300 4064 350 4136 τῆς
381 4059 531 4137 ἐκκλησίας
560 4081 607 4121 σου
633 4061 651 4135 ἠ
676 4059 802 4134 βασιλεία
826 4083 877 4137 μου
899 4061 946 4122 καί
968 4063 1039 4122 κατὰ
1061 4065 1145 4146 κρίσιν
1169 4064 1305 4152 οἰκονομεῖ
1326 4067 1387 4140 τούς

93 4183 197 4260 λόγους
219 4182 316 4256 αὐτῆς·
358 4183 424 4262 πρδς
447 4182 526 4242 τύπον
550 4181 581 4242 δὲ
603 4187 657 4242 τῶν
680 4183 830 4258 βασιλικῶν
852 4182 899 4244 καί
920 4185 955 4244 τά
975 4192 1030 4245 τῶν
1054 4187 1285 4262 ἑκκλησιαστικῶν
1308 4190 1386 4270 ἀρρι-

93 4303 160 4365 κίων
182 4303 258 4383 παρὰ
275 4309 332 4364 τῶν
356 4302 486 4380 ἀοιδίμων
509 4302 556 4366 καί
571 4305 738 4384 ριλευσεβῶν
755 4306 892 4381 βασιλέων
909 4307 1071 4388 ἐτάχθησαν,
1095 4311 1187 4383 καθὼς
1202 4311 1253 4372 κάν
1267 4311 1306 4392 τῷ
1322 4312 1386 4393 θείῳ
1445 4317 1448 4324 ’

93 4424 153 4504 ίδίῳ
181 4429 228 4484 τού
249 4421 357 4505 πρῶτον
378 4431 431 4484 τῶν
455 4427 618 4505 Χριστιανῶν
642 4425 788 4503 βασιλέως,
813 4427 936 4507 μεγάλου
959 4427 1006 4488 καί
1029 4431 1105 4509 ἀγίου
1129 4433 1340 4514 Κωνσταντίνου,
1371 4437 1386 4494 δ

199 4685 217 4750 ¹)
236 4681 311 4748 πόσης
330 4685 357 4736 Ζ.
405 4699 409 4712 ¹
