3166 5298
234 330 295 396 118

229 533 280 603 τῆς
300 526 424 600 τοιουίτης
445 527 550 606 χώρας,
572 527 611 598 ὡς
633 529 665 586 ἂν
687 525 868 608 παραδώσωσι
889 528 956 604 πρδς
979 527 1057 586 αἰντδν
1079 528 1128 604 τὴν
1150 529 1295 604 ποσθτηπα.
1325 527 1367 588 διδ
1389 526 1419 588 δὲ
1441 528 1521 588 οθδέν

232 647 329 725 ἔφθασε
351 647 478 722 γενέσθαι
500 650 576 708 τοῦτο
598 648 662 728 παρ’
676 650 772 728 αἰπῶν,
795 647 892 724 συνέβη
917 646 1017 708 δὲκαὶ
1039 647 1078 722 εἰς
1099 649 1134 708 τὰ
1147 652 1296 730 πράγματα
1311 650 1444 728 σύγχυσις,
1467 649 1522 708 οἰν-

232 767 334 848 έδραμε
356 768 439 828 πάλιν
462 769 477 826 ὁ
500 770 579 841 αδτδς
594 770 732 850 Μαρτίνος
754 765 833 855 [πρδς
854 771 903 846 τὴν
927 769 1067 843 βασιλείαν
1084 767 1146 858 μου]
1169 769 1216 858 καί
1238 773 1353 848 ἐζήτησε
1373 770 1419 832 καί
1432 793 1522 851 παρε-

230 889 334 950 κάλεσε
361 887 406 949 καί
423 867 518 965 Ιἐδέθη
547 891 614 970 πρδς
644 892 721 951 αθτδν
751 893 782 951 τδ
810 895 929 953 τοιοῦτον
958 891 1088 972 ἆγριδιον,
1119 893 1217 974 ἀρτίως
1239 891 1271 953 δὲ
1294 893 1449 976 ἀπῃτησατσ
1470 894 1522 968 τὴν

232 1013 340 1086 ζήτησιν
366 1009 413 1070 καὶ
441 1011 569 1091 διαφορὰν
595 1009 657 1093 περὶ
682 1017 728 1072 τοῦ
752 1012 872 1092 ἀγριδίου
883 1013 906 1094 ¹)
929 1013 944 1071 δ
967 1011 1125 1094 διαληφθεὶς
1147 1015 1354 1094 θεοφιλέστατος
1377 1013 1524 1088 ἐπίσκοπος

231 1134 348 1212 Ζιχνῶν,
372 1132 519 1212 ἐμφανίσας
541 1134 608 1214 πρδς
631 1135 711 1210 σίντην
732 1137 763 1195 το
787 1135 996 1216 ἐπιχορηγηθέν,
1020 1139 1058 1208 ὡς
1081 1135 1193 1216 εἴρηται,
1216 1137 1373 1219 τῇτοιαθτῃ
1389 1137 1525 1218 σεβασμίᾳ

233 1259 302 1336 μονῇ
331 1253 535 1333 χρυσὸβουλλον
565 1255 612 1315 καί
640 1255 840 1337 παρεκάλεσεν,
871 1259 910 1329 ὡς
936 1259 969 1317 δίν
1000 1256 1044 1316 διὰ
1073 1259 1122 1332 την
1146 1256 1220 1336 ἰσχὺν
1241 1257 1288 1317 καί
1309 1259 1454 1337 περίληψιν
1476 1263 1524 1318 τοῦ

233 1375 435 1454 διαληφθέντοςΙ
449 1375 653 1456 χρυσοβσίιλλου
675 1375 821 1457 διορίσηται
843 1379 860 1452 ἡ
885 1377 1012 1451 βασιλεία
1035 1399 1086 1453 μου
1108 1377 1156 1438 καὶ
1171 1377 1347 1462 ίκανοπσιηθῇ
1363 1379 1525 1457 ἀλλαχόθεν

232 1497 247 1555 ὁ
278 1495 436 1575 διαληφθεὶς
458 1493 612 1583 σεβίαστδς]
635 1500 771 1578 Μαρτῖνσς
792 1502 822 1559 τδ
845 1499 1022 1578 ὀφειλόμενον
1044 1504 1120 1560 τοῦτο
1144 1501 1337 1581 διαπρακτιιιδν
1359 1503 1441 1562 ποσδν
1463 1501 1524 1561 ἀντὶ

232 1621 278 1678 τοῦ
306 1617 500 1698 διαληφθέντος
529 1619 650 1700 ἀγριδίου
675 1621 746 1680 κατὰ
767 1622 798 1681 τδ
821 1622 1006 1702 ἀνυστέρητον,
1035 1623 1065 1680 το
1089 1622 1120 1681 δέ
1142 1626 1258 1682 τοιοῦτον
1282 1622 1404 1704 ἀγρίδιον
1427 1624 1525 1682 Μανέ-

233 1761 332 1816 σπητον
355 1741 504 1818 κατέχηται
526 1741 609 1801 πάλιν
631 1742 705 1821 παρὰ
726 1748 776 1818 τῆς
799 1741 944 1821 εἰρημένης
966 1741 1116 1818 σεβασμίας
1138 1750 1233 1823 μονῆς,
1256 1744 1339 1821 ἠγουν
1361 1745 1525 1818 ἠβασιλείσ

233 1882 285 1936 μσυ
308 1861 353 1922 διὰ
374 1862 422 1937 την
444 1863 523 1938 τιμὴν
545 1863 752 1940 προηγουμένης
776 1858 923 1949 [πράξεως]
932 1859 957 1948 ²)
979 1863 1026 1923 καί
1048 1866 1078 1923 τδ
1101 1864 1270 1925 ἀκατάλυτον
1289 1870 1335 1924 τοῦ
1352 1864 1525 1942 δηλωθέντσς

232 1981 449 2066 χρυοσβσίιλλου,
473 1985 511 2044 ἐτι
535 1984 565 2044 δὲ
587 1983 634 2046 καὶ
657 1985 701 2044 διὰ
722 1986 770 2061 τἠν
793 1985 854 2066 περὶ
875 1987 967 2046 τούτου
991 1988 1097 2062 ζήτησιν
1117 1985 1164 2046 καί
1177 1987 1350 2066 παράκλησιν
1365 1991 1411 2048 τοῦ
1427 1988 1525 2064 δηλω-

233 2105 326 2177 θέντος
355 2107 561 2184 θεοφιλεστάτου
588 2106 732 2167 ἐπισκόπου
754 2109 860 2186 Ζιχνιῖνν
892 2106 994 2168 δίκαιον
1024 2105 1072 2167 καί
1099 2107 1214 2185 εὔλογον
1243 2109 1414 2188 λογισαμένη
1436 2115 1524 2188 τοῦτο,

235 2227 295 2304 ἔχει
317 2227 428 2303 θέλημα
450 2229 497 2287 καί
520 2227 662 2306 διορίζεταί
684 2250 726 2288 σοι
748 2224 844 2314 [οἰκείε
866 2251 899 2312 τη
923 2227 1050 2312 βασιλείᾳ
1072 2250 1132 2308 μου,
1159 2231 1268 2309 κεφαλὴ
1291 2227 1433 2316 Βολεροϋ].
1465 2229 1524 2290 ἐπεὶ

234 2347 383 2427 εὑρίσκεται
405 2347 466 2428 περὶ
487 2348 536 2420 τὰς
551 2349 655 2430 Σέρρας
676 2351 695 2424 ἡ
717 2347 868 2430 οἰκονομία,
891 2353 925 2426 ἣν
947 2345 1023 2429 εἶχεν
1045 2352 1060 2410 ὁ
1083 2351 1151 2431 ἀνὴρ
1172 2358 1222 2427 τῆς
1241 2352 1374 2432 θυγατρδς
1388 2356 1434 2413 τοῦ
1449 2353 1523 2413 Ῥω-

235 2469 315 2546 μαίου
339 2469 442 2530 ἐκείνου
465 2473 480 2529 δ
503 2471 662 2551 Σαρακηνδς
684 2470 846 2552 λεγόμενος,
868 2473 1017 2547 ποσότητος
1039 2469 1113 2553 οὖσα,
1142 2475 1180 2545 ὡς
1203 2473 1362 2552 ἀνηγγέλθη
1385 2479 1419 2556 τῇ
1442 2473 1522 2548 βασι-

233 2589 299 2673 λείᾳ
322 2612 383 2670 μου,
414 2589 585 2668 νομισμάτων
606 2591 646 2672 π’,
676 2596 709 2669 ἢν
736 2595 850 2672 κατέχει
873 2593 970 2674 ἀρτίως
991 2595 1009 2668 ἡ
1031 2596 1099 2674 γυνὴ
1123 2593 1237 2674 ἐκείνου,
1266 2593 1329 2674 παρ’
1343 2595 1453 2675 δρισμδν
1475 2601 1525 2670 τῆς

236 2713 379 2786 βασιλείας
401 2735 462 2794 μου,
484 2714 660 2794 προλαβοῦσα
682 2713 728 2776 καί
751 2713 790 2789 εἰς
812 2716 961 2792 συνοίκησιν
984 2715 1111 2792 ἀθέσμοις
1133 2716 1285 2796 ὑποχείριον
1310 2719 1401 2796 σία-ης,
1432 2738 1523 2798 παρα-

235 2833 331 2908 δώσεις
361 2835 415 2895 ᾰπδ
440 2837 538 2914 ταύτης
560 2838 627 2918 πρδς
648 2838 693 2897 τδν
717 2837 877 2914 δηλωθέντα
899 2833 1052 2923 [σεβαστδν]
1076 2839 1213 2918 Μαρτῖνον
1236 2838 1366 2919 ἀκεραίαν
1388 2838 1436 2898 καί
1457 2839 1523 2898 ἁνυ-

235 2958 362 3037 οτέρητον
386 2957 418 3018 ἐκ
438 2965 497 3036 τῆς
511 2954 586 3044 [τῶν]
609 2957 638 3037 χ’
654 2960 825 3036 νομισμάτων
839 2961 996 3040 ποσότητος,
1021 2957 1059 3032 εἰς
1074 2963 1108 3035 ἣν
1121 2958 1334 3040 καταγράφεται,
1358 2961 1396 3033 ὡς
1411 2960 1523 3040 εἴρηται,

236 3079 281 3140 διὰ
302 3083 449 3158 πρακτικοῦ
472 3081 602 3141 αὐτοῦτὸ
625 3080 749 3158 δηλωθέν
772 3081 901 3162 ἀγρίδιον,
929 3083 978 3157 τήν
1001 3081 1032 3141 δὲ
1056 3082 1150 3162 ἑτέραν
1172 3085 1307 3158 ποσότητα
1329 3084 1377 3158 τὴν
1401 3083 1454 3143 ἀπδ
1476 3091 1524 3158 τῆς

235 3202 359 3278 τοιαύτης
381 3200 537 3278 οἰκονομίας
558 3205 701 3282 κρατήσεις
722 3201 769 3262 καί
790 3203 997 3284 περιορίσειςέ),
1020 3203 1097 3281 λέγω
1112 3207 1158 3263 τοῦ
1174 3203 1311 3283 δημοσίου,
1335 3205 1434 3265 ἐστ’ἂν
1449 3205 1523 3286 ὁρίσῃ

235 3321 296 3401 περὶ
318 3325 400 3400 αἰκτῆς
422 3327 440 3398 ἡ
464 3323 590 3398 βασιλεία
613 3345 675 3404 μου,
698 3325 759 3384 θσον
783 3325 912 3404 διακρίνει
933 3323 981 3384 καί
1003 3325 1062 3403 ἔχει
1083 3325 1204 3406 θέλημα,
1226 3329 1294 3406 προς
1313 3325 1344 3386 δὲ
1363 3329 1412 3402 την
1429 3327 1523 3404 δηλω-

235 3445 326 3504 θείσαν
349 3444 498 3522 σεβασμίαν
521 3447 606 3522 μονὴν
629 3445 781 3518 ἀποδώσεις
802 3447 832 3506 τδ
854 3451 971 3506 τοιοῦτον
994 3446 1114 3525 ἀγρίδιον
1136 3449 1166 3506 τδ
1183 3448 1372 3528 Μσνθσττητσν,
1394 3446 1442 3507 καὶ
1456 3469 1524 3508 κατ-

237 3569 334 3645 έχηται
355 3567 402 3628 καί
424 3569 538 3645 νέμηται
560 3569 623 3627 αὺτδ
643 3570 720 3628 τοῦτο
736 3567 929 3646 ἀνενοχλήτως
943 3566 990 3628 καί
1005 3568 1180 3642 οἰδιασείστως
1195 3570 1266 3629 κατὰ
1279 3574 1369 3630 πᾶσαν
1384 3572 1434 3646 την
1451 3569 1523 3648 ἰσχίν

235 3687 282 3750 καί
302 3690 446 3769 περιληψιν
467 3695 513 3750 τοῦ
527 3691 827 3770 προεπιχορηγηθέντος
842 3693 918 3774 αἰτῇ,
940 3692 1032 3765 καθὼς
1047 3691 1161 3772 είρηται,
1183 3691 1390 3772 χρυσοβσθλλσυ
1405 3700 1457 3770 της
1472 3691 1522 3768 βα-

237 3811 341 3884 σιλείας
357 3833 417 3894 μου,
440 3811 486 3872 καί
500 3811 612 3888 ποίησον
626 3812 697 3872 κατὰ
711 3814 741 3872 τδ
755 3814 840 3890 παρδν
856 3815 1025 3894 πρόσταγμα,
1047 3813 1123 3874 θκαί
1138 3814 1310 3895 οἰντίστρεψσν
1327 3813 1371 3874 ἐπὶ
1387 3814 1425 3895 τῷ
1441 3835 1522 3895 προσ-

237 3938 305 3994 εῖναι
327 3940 360 4016 τῇ
384 3933 538 4016 δηλωθείση
557 3933 692 4016 σεβασμίᾳ
712 3941 781 4016 μσνῄ
798 3932 837 4006 εἰς
852 3935 1011 4014 ἀσφάλειαν.
1036 3935 1087 3994 ἀπο
1104 3935 1134 3995 δὲ
1149 3943 1199 4012 της
1215 3935 1356 3996 ἐπιλοίπου
1372 3934 1523 4013 οἰκονομίας

236 4064 285 4134 τῆς
308 4057 478 4133 δηλωθείσης
494 4055 634 4131 Ῥωμαίος
656 4055 766 4134 θέλημα
788 4058 841 4138 ἔχῃ
864 4058 881 4132 ἡ
906 4057 1032 4131 βασίλεια
1055 4079 1116 4136 μου,
1140 4059 1178 4130 ὡς
1199 4057 1246 4118 καὶ
1270 4059 1397 4139 ἀνωτέρω
1414 4059 1521 4140 εἴρηται,

236 4179 280 4238 ἵνα
302 4178 388 4254 μηδὲν
412 4179 547 4261 ἑπιδιθσης
564 4182 632 4258 πρός
651 4201 709 4238 τινα
729 4181 811 4259 μέχρι
830 4177 877 4238 καὶ
896 4184 941 4239 τοῦ
957 4175 1137 4266 [ἐλαχίστου],
1154 4181 1248 4256 ἐπειδὴ
1264 4180 1394 4262 γνωρίσαι
1410 4182 1523 4258 μέλλεις

238 4300 272 4360 δι’
285 4301 376 4380 ἑτέρου
397 4299 604 4380 προστάγματος
624 4301 654 4360 τδ
673 4299 734 4380 περί
753 4301 850 4378 ταθτης
864 4301 976 4378 θέλημα
990 4299 1036 4361 καὶ
1051 4303 1081 4361 το
1097 4303 1194 4382 ὅρισμα
1209 4309 1259 4378 τῆς
1274 4302 1418 4378 βασιλείας
1433 4297 1521 4380 μουγ.

237 4477 364 4484 ——ffi-

343 4586 362 4652 ¹)
380 4587 412 4636 In
431 4587 582 4653 apographo
600 4587 621 4636 1.
641 4585 684 4636 hic
705 4587 831 4636 inseritur
848 4583 907 4653 πρὸς
926 4582 968 4650 τὴν
986 4583 1111 4651 βασιλείαν
1130 4602 1186 4651 μου,
1210 4586 1282 4652 quod
1300 4589 1423 4654 superius
1441 4589 1519 4640 habes

237 4683 266 4732 in
284 4688 420 4733 contextu.
491 4683 511 4747 ²)
531 4681 726 4747 Supplevimus.
798 4682 818 4748 ³)
836 4679 986 4749 περισρήσεις
1005 4681 1027 4732 Ι.
