3222 5284
229 351 293 415 336

233 544 395 619 μεταβολῆς
416 541 465 602 καί
487 539 579 616 δεξιοῖς
602 539 790 615 ἀλλοιώσεως.
838 540 862 602 εἰ
885 541 910 600 δ’
924 542 958 602 ἐκ
978 549 1028 618 τῆς
1055 543 1183 616 συνήθους
1204 539 1270 612 ἰσως
1293 541 1454 620 ἀβροτέρας
1482 537 1549 596 δια-

230 671 327 744 γωγῆς
350 663 390 736 εἰς
412 666 460 738 τήν
484 665 554 743 ἄγαν
578 663 701 743 σκληρὰν
724 666 889 739 μεταπεσεῖν
913 666 950 739 μή
975 646 1094 742 δύναιτο,Ι
1114 663 1177 735 τοθς
1198 662 1248 736 μέν
1264 661 1417 739 λογισμούς
1437 661 1550 732 ἑαυτῆς

230 786 278 846 καὶ
299 786 349 859 τὰς
370 783 484 867 πράξεις
506 787 636 861 ἀναθήσει
658 784 705 846 κσιὶ
728 786 794 862 αύτη
818 785 856 864 τῷ
878 785 960 864 κοινῷ
983 783 1063 865 πατρί
1078 790 1132 845 τῶν
1149 786 1336 864 μσναζουσῶν,
1361 779 1548 862 ἐξαγορενσ·
1601 773 1602 824 ί

232 909 300 985 μένη
324 905 397 988 αθτῷ
421 905 517 981 ἐπίσης
538 904 585 967 καί
607 909 667 977 ταῖς
689 907 809 986 λοιπαῖς,
841 906 929 988 διαίτη
953 906 985 966 δέ
1007 905 1054 966 καί
1076 904 1228 987 ψαλμωδίφι
1250 907 1383 984 χρήσεται
1404 909 1443 986 τῇ
1472 897 1552 962 κατὰ
1601 929 1602 988 γ

232 1029 345 1106 δύναμιν
379 1029 478 1105 ἑαυτῆς
501 1027 592 1107 ἐντῷ
615 1027 792 1107 δοθησομένῳ
824 1029 890 1110 αύιῇ
912 1028 1030 1106 κελλίῳ,
1063 1028 1147 1107 ήγουν
1170 1032 1203 1108 τῇ
1227 1026 1336 1086 όπισθεν
1358 1029 1404 1086 τού
1428 1024 1550 1100 μύακος

231 1157 281 1228 τῆς
303 1152 440 1232 τραπέζης
462 1155 516 1210 τῶν
540 1151 712 1225 μοναζσυσῶν
736 1150 880 1227 ἐχομένως
902 1155 947 1209 τού
969 1149 1117 1228 περιβόλου
1140 1149 1227 1208 αθτῶν
1250 1146 1427 1229 ἀνεγερθείση
1453 1144 1551 1224 μινρᾷ

231 1279 345 1354 τροπικῇ
369 1271 439 1348 μετά
460 1275 508 1331 τού
529 1270 721 1352 παρακελλίου
743 1271 789 1331 καί
812 1277 861 1346 τῆς
882 1266 1034 1351 χρειὼδους
1057 1269 1150 1346 άλλης
1170 1267 1336 1340 ἀκολουθίας
1352 1271 1398 1328 τού
1411 1269 1548 1326 τοιούτου

233 1392 382 1469 οἰκήματος
412 1391 569 1464 ἰδιαζόντως
600 1391 732 1469 διάγοντα
755 1389 801 1452 καί
832 1393 982 1467 ἑστιωμένη
1013 1393 1142 1452 ἐπέκεινα
1165 1395 1215 1467 τῆς
1237 1397 1291 1450 τῶν
1321 1391 1420 1450 ἀλλων
1444 1409 1547 1464 μονοι-

233 1517 345 1586 ζουσῶν
367 1515 496 1589 συνήθους
526 1511 640 1594 διαίτης,
670 1514 764 1585 καθὼς
786 1516 818 1572 ἀν
841 1515 890 1588 ήτε
920 1511 1082 1582 κατάστασις
1104 1517 1154 1588 τής
1184 1511 1405 1591 ἀποκειραμένης
1432 1511 1547 1589 ἀπαιτῇ

233 1634 281 1696 καί
303 1637 321 1711 ἡ
344 1642 395 1712 τῆς
424 1635 635 1714 καθηγουμένης
666 1631 796 1714 διάκρισις
825 1633 1003 1716 οἰκονομήσῃ,
1035 1634 1078 1694 ἐπ’
1095 1631 1191 1705 ἀδείας
1212 1653 1242 1692 τε
1266 1633 1344 1692 ἔσται
1368 1632 1436 1712 σάοι-ᾖ
1463 1631 1545 1708 ἐχειν
1601 1619 1602 1624 ’

232 1757 280 1818 καί
304 1759 351 1818 δύο
374 1759 507 1835 γυναῖκας
528 1756 579 1828 τὰς
603 1755 818 1828 ἐκδουλευούσας
841 1757 907 1838 αύπῇ
924 1755 1083 1836 ἐλευθέρας,
1107 1754 1162 1814 εἴτε
1177 1752 1223 1815 καί
1240 1755 1354 1832 δούλας,
1374 1753 1546 1832 ὀφειλούσας

236 1879 396 1940 διοικεῖσθαι
427 1877 481 1938 ἀπδ
512 1883 565 1937 τῶν
592 1883 642 1952 τῆς
673 1883 767 1952 μονῆς.
814 1877 927 1958 ἀνδράσι
957 1879 1049 1952 μέντοι
1079 1876 1181 1951 ἀβάτου
1211 1877 1364 1956 ὁρισθέντος
1394 1869 1465 1934 εἰναι
1496 1879 1545 1932 τού
1601 1909 1602 1920 τ

235 1999 423 2079 μοναστηφίου,
454 1998 530 2079 εἰπερ
558 1995 613 2080 σίρα
643 1998 768 2072 βούλοιτό
795 2020 846 2059 τισι
875 2001 1013 2077 συντυχεῖν
1044 1999 1110 2073 αθτή
1134 2003 1186 2057 τῶν
1217 1996 1324 2056 οἰκείων
1355 1997 1448 2076 α’στῆς,
1483 1993 1544 2053 εἴτε

235 2121 372 2200 ἀναγκαῖοι
401 2120 483 2201 χρεία
504 2120 597 2200 καλεῖ,
629 2122 678 2180 οάκ
709 2117 815 2193 ἐξέσται
848 2122 914 2202 αύτῇ
946 2121 1022 2190 ἐντὀς
1044 2125 1094 2195 τῆς
1125 2125 1211 2195 μονῆς
1233 2119 1342 2190 τούτους
1366 2116 1543 2196 εἰσαγαγεῖν,

235 2243 303 2304 ἀλλ’
317 2240 490 2315 ἐξελεύσεται
515 2243 581 2317 αύπη
605 2242 676 2317 μετὰ
697 2240 745 2301 καί
766 2248 816 2319 τῖγς
846 2240 950 2318 βουλῆς
972 2247 1021 2316 τῆς
1051 2241 1261 2320 καθηγουμένης
1285 2237 1325 2311 εἰς
1346 2240 1377 2299 τό
1399 2239 1469 2317 πρός
1494 2239 1542 2296 τόν
1601 2271 1602 2312 ι

235 2363 350 2424 πυλῶνα
381 2361 481 2441 ἐξάγον
513 2363 670 2438 διαβατικδν
692 2359 806 2422 κάκεῖσε
828 2365 931 2435 τούτοις
953 2362 1157 2439 συνομιλήσασα
1188 2360 1375 2422 εἰσελεύσεται
1397 2357 1474 2430 αύθις
1500 2356 1543 2428 εἰς
1601 2399 1602 2402 ¹

234 2487 284 2562 τήν
315 2485 400 2562 μονὴν
433 2484 534 2560 ἀβατον
558 2487 650 2564 αῖντήν,
683 2486 721 2556 ὡς
745 2483 858 2565 εἴρηται,
890 2485 1018 2564 ἀνδράσιν
1047 2484 1271 2563 διαφυλάττουσα.
1317 2480 1341 2542 εἰ
1365 2481 1397 2542 δέ
1418 2501 1459 2552 τις
1483 2487 1541 2540 τῶν

235 2606 363 2667 τοιούτων
386 2607 417 2664 ού
440 2603 551 2666 δύναται
573 2604 612 2682 τῷ
633 2604 695 2686 περὶ
717 2612 766 2681 τῆς
790 2603 958 2679 ἐξελεύσεως
977 2612 1026 2683 τῆς
1042 2611 1128 2682 μονῆς
1144 2606 1274 2686 θρισθέντι
1291 2603 1335 2664 ἐπὶ
1349 2606 1410 2676 ταῖς
1424 2603 1541 2674 λοιπαῖς

237 2729 417 2804 μσναζούσαις
441 2727 469 2785 ἐν
492 2725 531 2804 τῷ
552 2727 663 2806 παρόντι
685 2727 765 2802 ήμῶν
787 2727 889 2806 τυπικῷ
913 2727 1041 2802 ἐμμένειν
1063 2728 1147 2807 τύπῳ,
1170 2726 1439 2808 παραχωρηθήσεται
1460 2723 1541 2804 παρὰ

238 2854 288 2924 τῆς
310 2849 529 2928 καθηγουμένης,
553 2852 740 2927 περιστατικού
760 2869 830 2920 τινος
850 2850 916 2931 αθτρ
937 2849 1100 2930 συμβάντος,
1125 2846 1284 2929 ἐξέρχεσθαι
1299 2853 1349 2924 τῆς
1364 2852 1449 2923 μονῆς
1465 2845 1541 2922 μετά

239 2975 304 3048 μιᾶς
325 2975 379 3030 τῶν
410 2971 574 3050 γεραιτέρων
597 2967 645 3028 καί
667 2971 837 3050 σεμνοτέρων
859 2969 998 3049 ἀδελφῶν,
1027 2973 1061 3044 ήν
1085 2973 1118 3029 ἀν
1140 2972 1158 3046 ή
1181 2971 1375 3048 καθηγουμένη
1400 2969 1537 3044 βούλοιτο.

238 3092 286 3152 καὶ
307 3093 325 3168 ή
349 3092 400 3167 μὲν
424 3092 534 3168 μοναχὴ
564 3091 641 3163 εθθθς
663 3091 833 3171 ύποστρέψει,
865 3091 955 3168 ἐκείνη
979 3091 1011 3151 δέ
1033 3093 1189 3168 θεασαμένη
1212 3093 1258 3152 τδν
1281 3091 1445 3152 ἀσθενοῦντα
1467 3112 1539 3169 συγ-

239 3219 307 3293 γενῆ
331 3214 412 3288 αύτῆς
443 3212 490 3271 δύο
513 3211 567 3272 εἴτε
590 3210 637 3272 καὶ
659 3215 731 3292 τρεῖς
753 3213 870 3292 ἡμέρας,
900 3213 1061 3292 ύποστρέψει
1082 3213 1151 3292 πρός
1173 3213 1222 3287 τὴν
1245 3213 1340 3288 μονήν.
1388 3210 1411 3271 εἰ
1435 3211 1466 3271 δέ
1491 3210 1540 3271 καί

239 3333 274 3394 τά
296 3334 401 3410 ἔσχατα
423 3336 485 3392 πνεῖ
507 3333 522 3390 δ
545 3332 665 3392 ἀσθενῶν
688 3335 824 3411 συγγενὴς
846 3335 939 3411 αύτής,
963 3335 1125 3414 καρτερήσει
1148 3335 1240 3393 ἐκεῖσε
1263 3335 1360 3413 με’χρις
1384 3335 1416 3390 ἀν
1432 3332 1540 3404 ἐκεῖνος

240 3455 316 3514 τέλει
339 3457 384 3513 τοῦ
415 3452 474 3525 βίου
504 3455 645 3532 χρήσεται,
677 3451 704 3512 εί
728 3473 762 3530 γε
788 3453 835 3513 καί
861 3455 880 3531 ἡ
909 3449 1001 3514 τούτου
1031 3456 1147 3530 τελευτὴ
1177 3455 1246 3535 πρός
1276 3453 1380 3529 μίανή
1412 3451 1460 3514 καὶ
1492 3453 1539 3514 δύο

240 3577 348 3654 ἡμέρας
372 3572 556 3633 ἐπεκτείνεται
578 3577 596 3646 ἢ
619 3571 666 3633 καί
687 3574 794 3651 πλεῖον,
817 3573 864 3634 καί
888 3575 982 3635 ἔκτοτε
1004 3577 1071 3656 πρός
1093 3577 1142 3652 τήν
1158 3576 1243 3650 μονὴν
1259 3576 1428 3656 ύποστρέψει.
1461 3575 1540 3634 ἀλλά

241 3693 288 3756 καί
312 3694 339 3754 εί
358 3715 398 3766 τις
421 3695 503 3774 ἑτέρα
524 3699 578 3753 τῶν
602 3694 635 3753 ἑκ
656 3699 880 3776 περιφανεστέρου
904 3697 961 3772 βίου
984 3696 1031 3757 καὶ
1053 3697 1247 3769 καταστάσεως
1270 3701 1373 3773 σεμνῆς
1389 3697 1539 3774 βουληθείη

242 3820 271 3878 ἐν
293 3824 327 3901 τῇ
349 3818 458 3900 τοιαύτῃ
482 3822 552 3898 μονῇ
574 3818 623 3891 τὴν
651 3818 784 3893 κοσμικὴν
812 3819 959 3879 ἀποθέσθαι
981 3819 1062 3899 τρίχα
1083 3823 1102 3894 ή
1125 3817 1172 3879 καί
1195 3819 1248 3880 ἀπό
1270 3823 1324 3878 τῶν
1348 3815 1403 3890 ἔξω
1426 3818 1539 3878 ἀπακα-

243 3943 319 4019 ρεῖσα
350 3937 479 4019 εἰσέλθοι,
509 3938 685 4018 παραδεκτέα
717 3939 791 3999 ἐσται
813 3938 859 3998 καί
883 3940 965 4014 αθτη·
994 3939 1087 4000 καὶεί
1111 3939 1162 4016 μὲν
1183 3939 1222 4012 τῷ
1245 3938 1318 4018 αύτῷ
1344 3939 1418 4018 τύπῳ
1440 3961 1471 4000 τε
1493 3939 1540 3999 καὶ

242 4061 335 4121 κανόνι
359 4059 487 4135 ἐμμένειν
512 4058 639 4132 βούλοιτο
663 4060 691 4119 ἐν
713 4081 743 4119 τε
767 4059 892 4144 διαγωγῇ
914 4059 962 4120 καί
985 4061 1073 4142 διαίτῃ
1096 4060 1143 4121 καί
1162 4061 1288 4143 κατοικία
1307 4058 1355 4120 καὶ
1373 4063 1447 4144 πάσῃ
1464 4061 1539 4143 άλλη

242 4181 296 4242 τῶν
320 4183 349 4240 ἐν
372 4183 454 4263 ταύτῃ
477 4186 608 4258 μοναχῶν
631 4185 805 4263 καταστάσει,
830 4182 1012 4254 εύαπόδεκτος
1034 4181 1090 4261 θεῷ
1112 4181 1160 4242 καί
1183 4181 1255 4256 ἐμοί.
1302 4180 1325 4241 εἰ
1348 4181 1373 4242 δ’
1384 4179 1453 4254 ἴσως
1474 4185 1540 4263 τρδς

242 4303 291 4381 τὴν
313 4304 407 4379 κοινὴν
436 4301 575 4363 κατοικίαν
606 4303 744 4384 ἀποκνέσι,
774 4303 847 4363 κατά
868 4307 944 4364 τούτο
973 4305 1055 4379 μόνον
1080 4304 1156 4364 ἐσται
1179 4301 1380 4362 διαλλάττουσα
1402 4305 1471 4385 πρδς
1492 4305 1539 4379 τὴν

243 4430 332 4485 πᾶσαν
356 4424 497 4504 διαγωγὴν
520 4423 567 4484 καί
589 4427 752 4485 κατάστασιν
774 4430 828 4484 τῶν
851 4427 1036 4505 μσναζουσῶν,
1059 4425 1130 4484 κατὰ
1150 4425 1180 4484 τό
1196 4425 1271 4502 ἔχειν
1287 4424 1398 4501 δηλαδὴ
1415 4423 1456 4498 εἰς
1471 4423 1539 4486 ἰδίαν

242 4547 382 4608 κατοικίαν
404 4547 453 4622 τὴν
484 4546 657 4623 δηλωθεῖσαν
686 4549 824 4626 τροπικήν,
857 4545 1052 4626 ἐκχωρουμένη
1077 4547 1152 4626 ἔχειν
1175 4543 1215 4618 εἰς
1237 4545 1386 4626 ὑπηρεσίαν
1408 4545 1455 4607 καὶ
1478 4548 1539 4622 μίαν

244 4671 419 4752 ύπούργιοσαν
443 4667 631 4742 διοικουμένην
655 4669 708 4727 ἀπδ
730 4673 783 4728 τῶν
804 4673 855 4744 τῆς
878 4673 973 4747 μονῆς,
998 4667 1027 4726 ἐν
1047 4669 1148 4739 ἀλλοις
1164 4667 1195 4726 δέ
1210 4687 1275 4727 τισιν
1290 4667 1364 4748 παρὰ
1378 4668 1413 4727 τά
1429 4669 1538 4728 ἐνταῦθα
