3166 5298
417 617 526 683 XVII.
551 620 626 684 Sine
649 642 733 686 anno
756 629 789 684 et
812 641 930 685 mense.

47 798 95 852 Ra
105 797 255 869 Stephanus
263 799 363 856 Man
374 801 514 871 oonfirmat
525 803 693 858 donationem
702 803 759 858 vici
768 803 836 858 dicti
850 803 970 872 Ἠιοίκικ,
987 820 1067 874 quam
1076 803 1154 858 Irene
1164 805 1318 859 Ολυοιαοπα

545 907 615 976 fecit
629 909 798 964 ωοοαυόαέο.

220 1106 482 1186 Χρυσόβουλλον
506 1107 532 1183 β’
555 1113 609 1170 τοῖν
637 1109 805 1186 βασιλέως
831 1113 930 1188 κυροῦ
952 1109 1126 1190 Στεφάνου.

131 1285 147 1354 †
170 1279 250 1342 ’Ἐπεὶ
276 1283 294 1356 ῆ
321 1283 501 1362 περιπόθητος
528 1280 588 1342 θεία
609 1289 659 1359 τῆς
682 1281 825 1357 βασιλείας
847 1303 908 1363 μου,
939 1283 1017 1364 κυρία
1039 1281 1140 1364 Εἰρήνη
1163 1283 1320 1360 Χοόμναινα

47 1401 284 1482 ῆίίοιλαιολογίνα,
308 1397 369 1481 εἶχε
388 1401 449 1484 περὶ
464 1407 510 1466 τοῦ
525 1403 612 1482 Ζίχνα
628 1403 671 1463 διὰ
685 1407 858 1481 γονικότητος
872 1403 972 1485 χωρίον
988 1405 1141 1484 λεγόμενον
1155 1407 1201 1466 τδν
1216 1404 1319 1487 θολόν,

47 1522 198 1604 έριερώσατο
222 1524 254 1584 δὲ
278 1521 309 1596 ἐξ
332 1527 410 1586 αθτοῦ
432 1525 499 1605 πρδς
521 1526 570 1600 τῆν
593 1525 738 1600 βασιλικὴν
762 1525 910 1602 σεβασμίαν
933 1523 1008 1586 θείαν
1023 1525 1070 1586 καὶ
1084 1526 1159 1607 ίερὰν
1176 1529 1260 1604 μονῆν
1275 1531 1321 1588 τοῦ

47 1647 118 1720 τιμίου
140 1647 253 1721 ἐνδόξου
282 1649 417 1729 προφήτου
440 1646 600 1728 Προδρόμου
622 1645 670 1706 καί
691 1648 841 1708 Βαιττιστοῦ
865 1649 991 1709 Ἰωάννου
1013 1648 1062 1725 τὴν
1084 1649 1113 1707 ἐν
1135 1648 1175 1727 τῷ
1197 1648 1254 1730 ὄρει
1274 1653 1321 1710 τοῦ

47 1768 192 1839 Μενοικέως
219 1768 394 1846 διακειμένην
421 1771 465 1829 τόν
489 1768 579 1829 ἐκεῖσε
602 1769 790 1848 εὑρισκόμενον
814 1768 929 1851 ἐρείπων
952 1771 1015 1830 ναίον
1038 1771 1181 1847 όμωνυμόν
1204 1791 1233 1831 τε
1257 1770 1321 1832 ὄντα

47 1888 84 1948 καί
103 1893 178 1952 αὐτδν
188 1891 211 1968 1)
234 1897 286 1967 τῆς
308 1890 382 1963 θείας
404 1892 502 1967 τάντης
515 1891 590 1972 ἱεροῖς
606 1898 692 1968 μονῆς
707 1891 776 1968 μετὰ
791 1890 838 1952 καί
853 1897 899 1953 τοιῖ
915 1893 943 1952 ἐν
960 1892 1031 1973 αυτῷ
1047 1892 1220 1970 διακειμένου
1232 1894 1320 1954 αθλο-

47 2011 123 2072 τοπίου
145 2011 211 2074 ὡσεί
234 2013 338 2088 μοδίων
353 2012 406 2093 κδ’,
436 2013 559 2089 ἠθέλησε
581 2013 612 2073 δὲ
633 2015 717 2074 πάλιν
740 2013 937 2091 ἀπεμπολῆσαι
959 2015 1010 2076 ἀπό
1033 2022 1082 2092 τῆς
1105 2015 1215 2094 μερίδος
1238 2017 1321 2092 σίνε-ῆς

48 2128 74 2208 ἧς
91 2139 202 2213 κατεῖχε
222 2136 293 2215 πρδς
313 2134 362 2209 τῆν
385 2135 512 2214 ῥηθεῖσαν
533 2133 608 2195 θείαν
629 2136 727 2212 ταίτην
749 2133 796 2195 καί
819 2135 892 2216 ἱερὰν
913 2139 1008 2216 μονήν,
1032 2137 1092 2196 ὅσον
1108 2137 1179 2213 δῆτα
1191 2133 1239 2196 καί
1252 2137 1322 2213 ἠθέ-

49 2254 128 2334 λησεν,
152 2253 211 2318 εἶτα
233 2255 282 2318 καί
304 2257 378 2338 δεινῇ
400 2259 471 2336 νόσῳ
494 2257 685 2334 συμπλακεῖσα
707 2258 879 2337 εθπροθόμως
901 2279 931 2318 τε
953 2261 1000 2318 καὶ
1023 2255 1198 2332 αὐτεξουσίως
1216 2258 1322 2319 δέδωκε

48 2376 85 2436 καί
111 2380 140 2438 τδ
167 2380 255 2440 πλέον
285 2387 333 2458 τῆς
363 2377 475 2460 μερίδος
506 2382 588 2456 αὐτῆς
619 2380 688 2454 μετὰ
716 2381 805 2455 πάσης
831 2387 880 2456 τῆς
902 2387 989 2456 νομῆς
1010 2377 1058 2440 καί
1079 2386 1212 2462 περιοχῆς
1235 2383 1323 2462 αὺτοῦ,

50 2495 186 2581 ἑζπμῆσατο
216 2500 249 2562 δὲ
278 2499 321 2562 ἐπὶ
346 2503 453 2574 τούτους
479 2501 638 2582 πορίσασθαι
660 2503 731 2562 θεῖον
753 2501 800 2562 καὶ
823 2503 919 2562 σεπτδν
941 2502 1015 2584 παρά
1036 2510 1086 2581 τῆς
1108 2503 1251 2578 βασιλείας
1274 2523 1325 2580 μου

48 2623 241 2701 χρυσόβσυλλον
271 2623 398 2701 βεβαιοῖν
427 2622 474 2686 καί
502 2624 641 2706 ἐπικυροῦν
663 2623 696 2684 τὰ
718 2621 781 2704 παρ’
789 2623 813 2702 ²)
826 2624 924 2700 ἑοωτῆς
945 2645 976 2684 τε
997 2623 1043 2686 καί
1064 2631 1118 2686 τῶν
1142 2626 1171 2684 ἐν
1195 2629 1326 2704 μοναχοῖς

8 2717 9 2804 ί
48 2747 200 2818 τιμιωτάτων
222 2753 273 2824 τῆς
295 2745 446 2822 σεβασμίας
469 2745 615 2822 βασιλικῆς
636 2744 683 2805 καί
706 2745 780 2826 ἱεροῖς
803 2752 890 2823 μονῆς
912 2745 1137 2830 συμβιβασθέντα,
1164 2748 1213 2822 τῆν
1233 2749 1326 2828 παρά-

48 2865 134 2942 κλησιν
156 2869 239 2946 οδιῆς
260 2865 467 2948 προσδεξαμένη
491 2870 509 2943 ῆ
532 2861 660 2943 βασιλεία
683 2889 734 2944 μου
757 2868 916 2948 ἐπιχορηγεῖ
936 2867 984 2928 καὶ
1007 2869 1180 2950 ἐπιβραβεὺει
1200 2870 1265 2952 αὐτῆ
1280 2869 1326 2928 τδν

50 2989 157 3067 πορόντα
176 2989 382 3070 χρυσόβουλλον
404 2991 501 3070 λόγον,
532 2989 566 3050 δι’
579 2984 610 3050 οὗ
631 2991 791 3070 προστάσσει
812 2987 859 3049 καί
882 2989 1008 3070 ὁρίζεται,
1037 2995 1120 3050 ταῦτα
1141 2991 1229 3050 πάντα
1252 2989 1326 3068 ἔχειν

51 3109 75 3167 το
94 3109 211 3192 βέβαιον,
235 3111 447 3192 ἀμετάτρεπτον,
470 3110 673 3190 ἀμετάβλητον,
696 3104 904 3190 άμεταποίητον,
921 3109 1140 3191 ἀπαράθραυστον
1154 3109 1202 3172 καί
1217 3109 1326 3190 ἀπαρα-

51 3231 179 3313 σάλευτον,
202 3233 305 3309 ὁμοίως
326 3231 373 3294 καὶ
395 3233 421 3293 οί
443 3228 514 3294 κατὰ
535 3233 645 3314 καιροθς
667 3233 849 3312 εὑρισκόμενοι
870 3236 924 3292 τῶν
948 3231 1038 3292 ἐκεῖσε
1059 3233 1327 3312 κεραλατικευόντων

52 3357 94 3426 τῆς
114 3353 254 3428 βασιλείας
276 3375 328 3430 μου
348 3353 411 3435 περὶ
432 3361 482 3430 τῆς
504 3349 605 3432 Ζίχνας
635 3357 653 3430 ἦ
675 3359 728 3414 τῶν
750 3353 784 3412 τὰ
807 3353 925 3430 δημόσια
950 3354 1150 3435 χορηγούντων,
1179 3354 1328 3433 ἐμιρανιζο-

54 3475 126 3544 μένου
146 3481 190 3536 τοῦ
212 3477 345 3557 παρόντος
359 3475 571 3558 -χρυσοβοίλλου
593 3475 679 3554 λόγου
700 3473 850 3554 δρειλουσιν
878 3474 954 3553 ἔχειν
977 3471 1082 3560 [ταῦτα]
1104 3475 1228 3557 ἀνώτερα
1249 3475 1296 3536 καί
1304 3473 1328 3560 ³)

55 3593 124 3668 ἐκτός
143 3603 231 3676 πάσης
255 3599 383 3680 ἐπηρείας
405 3599 451 3660 καὶ
467 3601 646 3678 συζητῆσεως,
669 3599 753 3678 ἤγουν
769 3597 928 3680 ἀγγαρείας,
952 3597 1142 3678 ψωμοζημίας,
1165 3618 1328 3678 καστροκτι-

56 3713 107 3790 σίας
127 3719 170 3780 καὶ
191 3720 284 3798 ἄλλης
305 3727 354 3797 τῆς
376 3720 483 3782 σίασοίνν
506 3721 755 3804 ἑρευρεθησομένης
776 3720 885 3801 ζημίας,
908 3721 986 3781 ἀλλὰ
1009 3721 1119 3797 μάλλον
1142 3723 1263 3804 στέργειν
1283 3720 1330 3782 καὶ

57 3837 152 3916 βοηθεῖν
173 3843 198 3903 οί
219 3848 331 3904 τοιοῦτοι
353 3843 424 3904 κατὰ
445 3846 475 3904 τδ
498 3845 618 3924 δυνατόν,
642 3846 680 3917 ὡς
702 3845 718 3902 ό
738 3843 832 3924 παρίυν
853 3843 1060 3923 χρυσόβουλλος
1081 3843 1168 3920 λόγος
1183 3849 1232 3920 τῆς
1248 3843 1328 3918 βασι-

58 3959 127 4034 λείας
147 3983 196 4040 μσυ
219 3961 360 4046 διωρίσατο
383 3971 410 4042 †.

148 4089 164 4161 ί
191 4081 275 4164 Είχε
303 4085 359 4147 καί
387 4087 583 4168 ὑπογραφὴν
613 4087 774 4168 σερβικὴν
805 4085 846 4146 δι’
863 4086 1006 4168 ἑρυθρῶν
1036 4088 1243 4166 γραμμάτων
1272 4091 1330 4162 τῆς

60 4199 224 4286 βασιλικῆς
253 4206 310 4268 καί
332 4208 425 4280 θείας
446 4210 564 4290 χειρός
585 4210 635 4268 τό·
665 4210 833 4288 Στέφανος
856 4208 889 4268 ἐν
911 4206 1041 4290 Χριστῷ
1063 4207 1107 4287 τῷ
1130 4206 1194 4286 θεῷ
1216 4209 1331 4284 πιοτδς

61 4321 217 4411 βασιλεύς,
239 4331 452 4412 αθτοκράτωρ
475 4331 617 4413 Σερβίας
639 4329 696 4391 καί
718 4329 905 4409 Ῥωμανίας
928 4335 954 4408 θ.

152 4455 292 4514 Ιοιιιιπιάοσ
306 4457 358 4513 Ντ.
376 4460 404 4512 2.

65 4599 251 4618 Q·-

157 4709 174 4774 ¹)
190 4708 261 4760 αὐτοῦ
279 4712 300 4762 Ι.
371 4711 392 4776 ²)
410 4710 464 4779 περί
481 4712 501 4761 Ι.
573 4711 595 4775 ³)
615 4707 681 4769 ἐκτός
698 4708 775 4776 πάσης
795 4705 914 4776 ἀνωτέρας
933 4711 967 4760 1.:
986 4710 1060 4760 ταῦτα
1078 4709 1270 4776 supplevimus.

1091 4811 1125 4862 g*
