3486 5282
1272 297 1335 364 217

1 492 113 577 *fini-v
140 491 316 574 μουαστηρίῳ
338 497 384 554 τοῦ
406 491 544 572 Μεγάλου
565 491 717 574 Σατηλαίου,
740 493 930 553 ουναινούντων
954 493 983 552 έν
1005 493 1090 572 τούτῳ
1113 490 1160 552 καί
1181 499 1234 553 τῶν
1250 515 1337 573 μαγι-

12 621 139 696 μετόρων
165 617 200 677 ἐκ
219 621 267 676 τοῦ
289 613 427 697 ρουφετίου
448 621 502 676 τῶν
523 615 659 691 καπήλων
680 613 728 676 καὶ
750 615 802 695 πρό
823 617 931 676 πάντων
955 616 1115 696 στέργοντας
1133 613 1180 676 καὶ
1196 615 1336 695 ἀποδεχο-

1 740 117 823 ιςῳένου
144 740 195 814 τὴν
218 741 313 799 ένωσιν
335 739 432 816 ταύτην
455 742 502 798 τοῦ
525 737 671 816 ῖερωτάτου
694 737 893 816 μητροπολίτου
909 737 1100 819 Χαλκηδόνος,
1125 738 1268 818 ύπερτίμσυ
1290 738 1336 798 καὶ

9 858 159 941 ιιήξάρχσυ
175 863 266 936 πάσης
280 861 414 942 Βιθυνίας,
436 859 465 920 έν
481 859 551 940 ἀγίῳ
565 859 698 935 πνεύματι
712 859 853 938 ἀγαπητοῦ
868 857 915 918 καὶ
929 861 1109 938 περιποθήτου
1123 861 1202 935 ἡμῶν
1218 856 1337 940 ἀδελφοῦ

1 1031 11 1042 ,,
25 983 76 1051 καὶ
101 985 329 1066 συλλειτσυργού,
360 982 451 1062 κυρίου
475 983 617 1062 Ἱερεμίου,
641 984 712 1054 ὅστις
734 980 815 1054 ἰδίαις
836 981 916 1060 χερσὶ
939 983 1026 1062 φέρων
1049 982 1226 1062 ἀπεκόμισεν,
1249 981 1337 1066 οἰκείᾳ

1 1109 126 1169 aino&
141 1105 233 1188 βουλῇ
255 1105 302 1166 καὶ
325 1105 474 1186 αύθαιρέτῳ
496 1107 595 1188 γνώμῃ
617 1103 664 1164 καὶ
680 1105 800 1184 ἀβιάστῳ
815 1107 979 1184 προαιρέσει,
1002 1107 1032 1164 τό
1048 1104 1129 1184 ῥηθὲν
1144 1107 1337 1185 πατριαρχικδν

1 1253 12 1286 ι
26 1226 78 1290 ,ιιαὶ
102 1227 249 1288 συνοδικόν
272 1227 449 1305 σιγιλλιῶδες
468 1228 594 1306 γράμμα,
618 1223 808 1303 ἐξαιτούμενος
823 1226 895 1286 κατὰ
910 1227 995 1302 ζῆλον
1010 1227 1136 1304 φιλόθεον
1151 1228 1199 1302 τήν
1214 1229 1336 1302 παντελῆ

1 1376 22 1408 »τ
34 1350 203 1430 ἐλευθερίαν
224 1355 271 1411 τοῦ
293 1350 421 1430 ῥηθέντος
444 1346 623 1428 μοναατηρίου
644 1353 690 1408 τοῦ
713 1347 791 1428 ἁγίου
807 1348 943 1428 Γεωργίου
965 1347 1011 1408 καὶ
1026 1350 1075 1424 τήν
1091 1349 1273 1429 ἐπισφράγισιν
1288 1355 1338 1426 τῆς

7 1472 175 1546 Δαἰτήσεως
197 1478 251 1531 τῶν
274 1473 426 1532 ὁσιωτάτων
448 1473 583 1550 πατέρων,
605 1473 676 1530 ύστε
698 1471 954 1546 ἀποκατασταθῆναι
977 1473 1040 1530 αύτθ
1055 1473 1189 1552 ἡμέτερον
1203 1491 1337 1552 πατριαρ-

2 1625 15 1656 ,ς
24 1595 116 1672 χικόν
134 1596 368 1675 σταυροπηγιακόν
384 1594 455 1670 μετὰ
467 1596 575 1654 πάντων
589 1601 643 1654 τῶν
658 1596 812 1674 προσόντων
828 1593 900 1674 αύτῷ
917 1593 1113 1672 ἀφιερωμάτων
1124 1593 1171 1654 καὶ
1182 1596 1337 1674 κτημάτων,

7 1722 155 1793 ;·κινητῶν
183 1736 214 1775 τε
239 1714 288 1776 καὶ
310 1716 453 1795 ἀκινήτων,
487 1715 654 1796 ἀδούλωτον,
685 1714 813 1775 ἀσύδοτον
836 1713 883 1774 καῖ
904 1715 1122 1795 ἀκαταπάτητον,
1150 1717 1338 1791 συνηνωμένον

35 1839 64 1898 δέ
88 1837 141 1897 καὶ
164 1837 379 1917 προσηλωμένον
401 1836 440 1917 τῷ
467 1837 532 1917 ἱερῷ
556 1836 727 1924 μοναοπηρίῳ
748 1841 795 1898 τοῦ
818 1837 953 1914 Μεγάλου
977 1837 1118 1913 Σπηλαίου
1139 1835 1186 1898 καὶ
1210 1838 1337 1915 μετόχιον

6 1993 18 2026 ς,
35 1961 146 2020 ἐκείνου
167 1960 321 2040 λεγόμενον
341 1959 517 2040 ἀναφαίρετον
540 1959 587 2019 καὶ
603 1959 819 2020 ἀναπόσπαστον.
848 1963 947 2035 ταύτην
964 1957 1008 2020 σύν
1023 1961 1072 2035 τήν
1089 1959 1217 2038 ἔνθερμον
1234 1959 1337 2036 αἴτησιν

4 2085 129 2144 μταύτῶν
161 2081 283 2158 εὐμενῶς
312 2079 513 2156 ἀποδεξάμενοι
542 2080 589 2142 καί
618 2084 676 2152 ταῖς
703 2083 899 2162 προσηκούσαις
929 2082 1071 2160 εὐφημίαις
1101 2077 1338 2158 καταστεψάμενοι

10 2205 85 2279 ;τήν
122 2205 202 2264 αύτοῡ
230 2203 356 2284 ῖερότητα
376 2203 422 2263 καὶ
453 2206 498 2264 τόν
520 2205 633 2284 θεοφιλῆ
658 2205 737 2265 αότοῦ
759 2205 859 2264 σκοπόν
881 2205 1102 2285 χριστομιμήτως
1123 2206 1337 2285 προοηκάμενοι,

10 2362 22 2391 ;.
36 2329 76 2399 ῶς
102 2323 221 2404 εύλογον
247 2325 294 2386 καί
316 2329 430 2402 νόμιμον
452 2325 499 2386 καὶ
520 2327 588 2407 πρός
610 2327 746 2404 ὠφέλειαν
767 2329 815 2386 τού
837 2327 965 2406 ῥηθέντος
987 2325 1061 2408 ίερού
1084 2325 1262 2406 μονασιηρίου
1285 2325 1337 2405 ἀφ-

37 2445 156 2528 ορῶντα,
182 2449 307 2526 ἔγνωμεν
329 2451 428 2530 γνωμῃ
450 2455 528 2530 κοινῇ
550 2447 597 2508 καὶ
619 2448 746 2532 συνοδικῇ
770 2447 914 2528 διαγνώσει
937 2449 1070 2510 ἐπινεῦσαι
1092 2451 1160 2529 πρός
1181 2451 1211 2509 τό
1236 2449 1338 2526 αἴτημα

1 2606 16 2638 2,
39 2573 138 2630 οιύτῶν.
183 2570 278 2630 τούτου
308 2571 389 2650 χάριν
419 2571 568 2650 γράφοντες
595 2571 799 2650 ἀποφαινόμεθα
827 2571 972 2643 συνοδικῶς
1000 2571 1070 2646 μετὰ
1095 2577 1149 2632 τῶν
1176 2571 1238 2652 περὶ
1263 2573 1338 2647 ήμαῖς

10 2740 15 2746 .
36 2681 195 2770 ἱερωτάτων
211 2691 362 2772 ἀρχιερέων
377 2691 424 2752 καί
439 2692 600 2772 ύπερτίμων,
616 2675 669 2752 τῶν
686 2692 714 2752 έν
730 2693 800 2772 ἀγίῳ
815 2694 946 2768 πνεύματι
958 2693 1106 2771 ἀγαπητῶν
1117 2695 1196 2769 ήμῶν
1209 2693 1336 2772 ἀδελφῶν

37 2812 86 2874 καὶ
109 2814 337 2896 ουλλειτουργῶν,
359 2813 404 2874 ίνα
424 2816 455 2874 τό
478 2813 559 2894 ῥηθὲν
582 2813 654 2893 ἱερὸν
676 2812 723 2874 καὶ
745 2813 891 2890 σεβάσμιον
916 2817 1095 2895 μοναστήριον
1117 2819 1164 2876 τού
1186 2815 1264 2894 ἀγίου
1288 2816 1334 2875 ἐν·

1 2977 4 3006 :
39 2935 120 3008 δόξου
143 2935 390 3016 μεγαλομάρτυρος
409 2936 430 2994 Γ
432 2933 556 3016 εωργίου,
579 2937 610 2994 τό
634 2935 662 2994 ἐν
683 2942 717 3018 ιγ’]
740 2938 814 3016 νήσῳ
832 2934 992 3018 Ἀντιγόνου,
1016 2937 1126 3019 ὑπάρχῃ
1147 2936 1195 2997 καί
1217 2938 1335 3017 λέγηται

2 3125 4 3129 ,
38 3057 84 3118 καὶ
114 3059 190 3140 παρὰ
211 3059 319 3118 πάντων
341 3053 506 3138 γινώσκηται
528 3059 663 3140 ἡμέτερον
685 3059 880 3138 πατριαρχικθν
903 3060 1135 3140 στοσοροπηγιακδν
1158 3061 1335 3139 μοναστήριον

40 3181 109 3254 μετὰ
131 3183 240 3241 πάντων
261 3185 315 3240 τῶν
337 3179 418 3262 ίερῶν
440 3182 520 3242 αύτού
543 3187 645 3242 σκευῶν
668 3181 716 3241 καὶ
737 3184 883 3257 κτημάτων
902 3179 950 3240 καὶ
965 3182 1159 3262 ἀφιερωμάτων
1175 3188 1290 3258 κινητῶν
1305 3204 1335 3243 τε

39 3303 84 3362 καὶ
115 3303 260 3378 ἀκινήτων,
290 3308 343 3364 τῶν
372 3324 402 3364 τε
423 3303 478 3378 ήδη
502 3304 594 3378 όντων,
626 3303 769 3380 ἀμπελῖων
795 3303 843 3364 καὶ
863 3306 959 3380 κήπων
982 3303 1191 3388 (μπαχτσέδων)
1213 3303 1261 3365 καὶ
1282 3311 1336 3366 τῶν

41 3424 177 3486 είσέπειτα
198 3427 458 3506 προσγενησομένων
483 3428 525 3505 ἀν,
548 3427 763 3507 προσηλωμένον
786 3427 819 3487 δέ
841 3425 888 3487 καὶ
910 3428 1052 3504 ἡνωμένον
1067 3428 1281 3501 ἀναποσπάστως
1296 3427 1335 3508 τῷ

41 3550 111 3610 νοιτά
136 3548 185 3625 τήν
210 3548 419 3623 Πελοπόννησον
444 3549 563 3628 κειμένῳ
591 3549 731 3629 σεβασμίῳ
753 3551 880 3630 ἡμετέρῳ
902 3551 1089 3631 πατριαρχικῲ
1112 3548 1160 3610 καί
1182 3571 1335 3630 σταυροπη-

41 3669 128 3750 γιακῷ
145 3669 317 3752 μονοιστηρίῳ
331 3675 378 3732 τού
393 3671 529 3750 Μεγάλου
544 3669 695 3752 Σπηλαίου,
715 3671 763 3732 καί
778 3672 941 3754 γιωρίζηται
958 3673 1085 3752 μετόχιον
1102 3671 1216 3751 ἐκείνου,
1234 3673 1334 3734 δεσπο-

42 3795 152 3868 ζόμενον
179 3791 227 3852 καὶ
255 3791 508 3874 διακυβερνύμενον
534 3793 609 3874 παρὰ
635 3798 681 3854 τού
708 3793 780 3854 κατὰ
806 3795 917 3874 καιρούς
940 3795 1055 3854 ἐνταῦθα
1077 3793 1117 3867 εἰς
1140 3793 1335 3869 βασιλεύουσαν

42 3917 88 3987 τὰς
115 3914 254 3996 διατριβὰς
276 3916 437 3992 ποιουμένου
460 3915 605 3976 όαιωτάτου
627 3916 836 3993 καθηγουμένου
858 3921 904 3976 τοῦ
926 3916 1010 3994 Βλάχ
1032 3912 1178 3998 Σαραγίου,
1207 3917 1336 3996 μεσοχίου

43 4041 86 4096 τοῦ
109 4038 245 4117 Μεγάλου
267 4037 417 4118 Σπηλαίου,
447 4035 495 4097 καί
524 4043 577 4097 τῶν
608 4039 832 4112 συνασκουμένων
864 4038 936 4117 αύτῷ
965 4040 1090 4119 πατέρων
1116 4038 1163 4098 καὶ
1186 4042 1269 4114 μόνον
1292 4040 1335 4099 ὑπ’

47 4161 126 4219 τύτῶν
147 4157 353 4239 διεξαγόμενον,
379 4159 524 4240 ἐλεύθερον
540 4159 580 4240 δέ,
605 4159 772 4241 ἀδούλωτον,
793 4159 931 4240 ἀσύδοτον,
955 4160 1162 4236 ἀκαταπάτητσν
1177 4159 1224 4221 καὶ
1240 4160 1336 4238 μηδενί

45 4281 126 4357 μηδὲν
147 4283 259 4362 ἀφεῖλον
283 4281 385 4342 διδόναι
408 4285 477 4358 μήτε
500 4280 539 4361 τῷ
561 4282 632 4342 κατὰ
653 4282 735 4342 τόπον
758 4283 881 4362 ἀρχιερεῖ
901 4281 949 4342 καὶ
972 4285 1105 4364 κυριάρχῃ
1128 4289 1177 4359 τῆς
1201 4283 1336 4364 ἐπαρχίας

46 4404 155 4481 ἐκείνης,
178 4403 317 4484 ῖερωτάτῳ
340 4403 525 4486 μητροπολίτφ
548 4403 740 4484 Χαλκηδόνος,
765 4407 834 4480 μήτε
859 4405 941 4485 ἀλλῳ
964 4403 1013 4465 τινί
1035 4407 1171 4486 προσιύπῳ
1192 4403 1335 4485 ἱερωμένῳ

46 4525 87 4584 καὶ
111 4525 201 4605 λαῖκῷ
229 4523 327 4604 μεχρὶς
354 4525 465 4605 όβολού,
497 4529 736 4603 μνημονευομένου
760 4526 789 4584 έν
812 4525 884 4606 αύτῷ
908 4530 953 4586 τοῦ
974 4532 1118 4587 κανονικσῡ
1140 4532 1335 4608 πατριαρχικοῦ

47 4646 170 4724 ὀνόματος
201 4649 231 4708 έν
260 4649 360 4718 πάσαις
389 4649 449 4720 ταῖς
479 4647 565 4728 ίεραῖς
595 4648 721 4720 τελεταῖς
752 4647 799 4708 καί
829 4648 1013 4728 ἀκολουθίαις,
1045 4651 1083 4719 ὡς
1110 4650 1263 4724 νενόμισται
1288 4649 1335 4709 καὶ
