3246 5288
455 507 515 574 ΙΠ.
540 507 765 585 6718-1210,
789 530 900 572 mense
923 519 1071 592 augusto,
1094 509 1173 597 [ind.¹
1196 509 1313 596 XIII.].

239 693 371 762 Typicum
386 694 543 746 monasterii
558 691 675 746 Sanctae
687 693 798 747 Mariae
810 695 1008 748 Μασίιαωαάάιι
1023 695 1052 748 ιἰι
1066 694 1157 747 imma
1171 695 1267 764 prrv,
1285 695 1386 746 editum
1401 695 1445 746 ab
1464 693 1562 746 hier-«r

482 797 610 851 monacho
626 797 698 866 Nilo,
716 798 839 868 episcopo
859 799 884 851 Τ
883 799 993 866 amausi,
1011 799 1145 854 σοιιάὶόστο
1160 797 1283 854 coenobii.

236 999 367 1075 Τυπικῆ
391 997 544 1072 διάταξις
565 999 691 1060 Νείλου
715 1001 939 1080 ἱερομονάχου
962 998 1286 1080 καὶκαθηγοιιμένου
1302 999 1357 1060 καί
1372 1003 1563 1080 κτήτορος

316 1127 374 1196 τῆς
397 1121 583 1196 σεβασμίας
606 1129 710 1198 μονῆς
733 1127 791 1198 τῆς
813 1123 997 1202 ὑπεραγίας
1027 1123 1185 1182 θεοτόκσυ
1207 1127 1262 1182 τοῦ
1284 1123 1467 1202 Μαχαιρᾶ.

741 1279 841 1358 Πάτερ,
871 1280 1031 1357 εθλόγησσν.

342 1477 358 1548 †
382 1470 416 1528 Ὀ
440 1470 581 1545 εὐτελὴς
603 1470 730 1544 Νεῖλος
753 1472 767 1530 ό
787 1469 875 1548 καὶί)
898 1472 1084 1546 Ταμασέων
1109 1470 1292 1543 ἐπίσκοπος
1315 1469 1426 1552 οἰκείᾳ
1451 1473 1557 1552 χειρὶ

237 1590 385 1673 προέταξ
430 1599 456 1670 †.

344 1721 360 1792 †
387 1714 424 1776 α’.
447 1717 487 1775 Το
508 1723 558 1791 τῆς
580 1716 718 1796 παρούσης
742 1716 815 1790 ζωῆς
829 1715 908 1791 ἡμῶν
930 1713 1065 1793 ἐφήμερόν
1080 1735 1110 1773 τε
1125 1712 1172 1774 καί
1188 1713 1322 1795 διαρρέον,
1346 1715 1477 1776 διδάσκει
1496 1715 1556 1790 μὲν

238 1841 313 1914 ἡμᾶς
336 1839 354 1915 ἠ
377 1837 437 1897 θεία
459 1840 560 1919 γραρῆ,
590 1839 669 1909 άνθος
691 1837 790 1917 χόρτον
812 1837 862 1909 τὰς
883 1835 1035 1916 παροδικόις
1057 1837 1136 1912 ἡμῶν
1159 1838 1266 1916 ἡμέρας
1287 1837 1424 1914 καλοῦσα,
1449 1838 1494 1907 ὡς
1521 1837 1553 1895 ἐν

239 1959 278 2038 τῷ
294 1960 345 2039 βίῳ
370 1961 421 2036 μὲν
445 1957 618 2040 ἐξανθοῦντα,
640 1959 710 2037 ταχὺ
733 1957 764 2018 δὲ
786 1960 980 2039 παρερχόμενα
1002 1965 1036 2040 τῆ
1056 1920 1102 2018 ἐοῦ
1124 1959 1239 2019 θανάτου
1260 1967 1341 2040 τομῇ,
1367 1957 1500 2019 διδάσκει
1518 1959 1552 2018 δέ

240 2081 351 2157 μᾶλλον
373 2080 421 2141 καί
452 2082 518 2155 αὑτὴ
541 2086 595 2141 τῶν
624 2083 793 2161 πραγμάτων
816 2081 834 2154 ῆ
856 2082 947 2160 πεῖρα,
979 2079 1014 2140 δι’
1025 2075 1060 2155 ἧς
1081 2081 1112 2139 τό
1134 2082 1214 2158 γένος
1243 2082 1322 2156 ἡμῶν
1344 2081 1408 2140 καθ’
1422 2081 1550 2158 ἑκάστην

240 2205 279 2274 ὡς
304 2205 423 2282 άσταχιιν
447 2203 619 2282 θεριζόμενον
643 2201 784 2276 βλέπομεν
807 2199 854 2260 καί
875 2203 944 2280 πρός
967 2202 1061 2282 ἑτέραν
1084 2199 1165 2277 λῆξιν
1188 2203 1446 2282 μεταπεμπόμενον,
1473 2204 1548 2262 οὑτω

240 2331 291 2401 τῆς
313 2323 443 2404 προνοίας
466 2323 670 2402 οἰκονομοὺοης,
692 2325 737 2384 ἵνα
751 2329 797 2385 τοῦ
819 2329 905 2384 κακοῦ
929 2323 1142 2400 διακοπτομένου
1166 2325 1288 2384 ἐντεῦθεν
1310 2326 1377 2405 πρός
1400 2326 1548 2404 θειοτέραν

241 2446 314 2522 ζωὴν
338 2449 606 2523 μετασκεοαζὼμεθα
628 2444 675 2506 καί
705 2443 780 2506 θείαν
803 2445 886 2518 όντως
909 2445 1109 2522 άλλοιωθῶμεν
1132 2445 1292 2526 ἀλλοίωσιν,
1321 2445 1390 2506 οὑτω
1412 2447 1548 2524 τὺχωμεν
1600 2497 1601 2550 γ

242 2573 288 2628 τοῦ
311 2569 400 2628 καλοῦ
423 2566 470 2628 καί
486 2568 560 2628 άλλο
575 2589 599 2628 τι
622 2568 757 2646 θειότερόν
779 2565 870 2626 τεκαὶ
893 2567 1061 2647 ὑψηλότερον
1079 2564 1119 2640 εἰς
1133 2569 1270 2648 ἡμετέραν
1285 2569 1430 2648 ὠφέλειαν.
1462 2572 1546 2628 ποῖον

245 2689 280 2765 δὴ
303 2693 393 2770 τοῦτο,
417 2690 462 2750 τόν
487 2687 591 2766 άδηλον
615 2688 725 2766 δηλαδὴ
748 2687 795 2748 καί
812 2688 933 2770 ἀόριστον
957 2689 1019 2770 όρον
1034 2693 1085 2765 τῆς
1101 2690 1214 2750 ἑκάστου
1237 2692 1319 2769 ζωῆς,
1342 2689 1375 2748 ἵν’
1388 2690 1473 2760 οὑτως
1499 2688 1541 2750 ἀεὶ

245 2812 445 2892 ἐμπαράσκευοι
468 2807 543 2888 ὦμεν
565 2813 633 2892 πρδς
655 2811 703 2886 τῆν
727 2810 836 2870 ἐνθένδε
859 2811 1018 2891 μετάβασιν,
1041 2810 1138 2872 καὶτὰ
1159 2810 1341 2881 καθ’έαυτοὺς
1363 2811 1460 2883 καλῶς
1475 2811 1538 2872 δισ-

244 2935 365 3013 θώμεθα,
389 2936 458 2993 ὥστε
480 2933 530 3005 τὰς
551 2934 689 3014 ἡμετέρας
712 2935 825 3013 γνώμας
839 2931 886 2993 καὶ
907 2933 977 3009 μετὰ
1000 2935 1115 2994 θάνατον
1130 2935 1197 3014 πρός
1212 2935 1243 2994 τό
1258 2931 1402 3005 λυσιτελὲς
1418 2933 1536 3014 ἐνεργεῖν

243 3054 290 3116 καί
313 3055 413 3128 στὺλας
437 3054 518 3127 αὑτὰς
540 3054 716 3116 καθίστασθαι
738 3057 794 3128 τοῖς
817 3055 973 3134 μετέπειτα,
996 3050 1034 3116 ὧν
1058 3058 1158 3128 ζῶντες
1181 3054 1412 3130 ἐβουλευσάμεθα.
1447 3059 1535 3116 τοῦτον

244 3176 290 3238 οὑν
304 3179 349 3238 τδν
365 3177 465 3236 σκοπόν
481 3174 543 3237 καθ’
554 3177 669 3253 ἐμαυτόν
676 3173 703 3260 ²)
721 3177 867 3236 ἀνελίττων
875 3174 898 3258 ³)
914 3173 1003 3256 κάγώ,
1019 3173 1134 3249 καὶτοῖς
1150 3175 1259 3249 σίκείοις
1273 3174 1417 3254 λογισμοῖς
1426 3177 1491 3258 πρός
1505 3177 1535 3236 τό

244 3299 426 3380 ἀπαραίτητον
449 3298 575 3377 γεγονὼς
598 3297 710 3378 όρλημα
732 3299 799 3378 πρός
821 3298 870 3373 τὴν
892 3301 1028 3379 παροῦσαν
1046 3319 1098 3373 μου
1112 3299 1224 3374 τοπικὴν
1246 3293 1395 3380 κεχώρηκα
1411 3295 1533 3377 διάταξιν,

245 3425 298 3492 ζῶν
320 3418 439 3490 καὶτὰς
462 3417 598 3493 αἰσθήσεις
622 3421 695 3498 ἔχων
719 3419 877 3500 ἐρρωμένας
899 3417 946 3478 καί
969 3421 1014 3479 τὀν
1037 3423 1098 3480 νοῦν
1121 3419 1193 3500 ὑγιᾶ,
1224 3422 1314 3500 χάριτι
1335 3423 1381 3479 τοῦ
1403 3418 1532 3479 παντοδυ-
1600 3409 1601 3442 ³

244 3543 331 3616 νόμον
354 3541 426 3620 θεοῦ,
451 3538 585 3616 διατίθημι
609 3540 641 3600 δέ
664 3538 724 3619 οθχὶ
746 3541 780 3600 τά
802 3537 863 3600 κατ’
878 3540 928 3616 ἐμὲ
950 3543 1072 3614 πάντως·
1096 3541 1120 3600 τί
1142 3541 1196 3621 γάρ
1220 3539 1281 3618 ἐμοί
1302 3539 1380 3620 ἴδιον,
1404 3541 1465 3601 δσσν
1481 3539 1531 3600 ἀπό
1600 3575 1601 3624 γ

244 3666 291 3724 τοῦ
320 3663 413 3742 νόμου,
442 3667 496 3722 τῶν
520 3662 551 3722 δὲ
573 3662 652 3722 θείων
680 3663 802 3722 κανόνων
824 3661 871 3723 καὶ
893 3668 942 3741 τῆς
965 3665 1200 3740 συνεπαμονοὺσης
1231 3663 1355 3744 ἐντολῆς,
1387 3659 1410 3722 εί
1432 3660 1476 3722 καὶ
1496 3661 1529 3722 δι’
1600 3655 1601 3666 ³

245 3785 324 3860 ἡμῶν
346 3785 365 3859 ῆ
388 3786 434 3844 τοῦ
456 3785 517 3844 θεοῦ
540 3784 641 3865 άρατος
672 3784 857 3864 φιλανθρωπία
879 3784 912 3843 τά
934 3789 983 3860 τῆς
1014 3785 1058 3844 ἐπ’
1072 3783 1123 3859 ἐμὲ
1155 3789 1241 3862 μονῆς
1263 3781 1303 3856 εἰς
1332 3784 1467 3864 κρείττονα
1486 3781 1529 3842 καί

245 3906 417 3986 ὑψηλοτέραν
448 3905 627 3982 μετεβίβασεν
658 3905 781 3986 εῦπορίαν
803 3926 833 3965 τε
855 3903 903 3966 καίΙ
924 3908 1097 3986 κατάστασιν,
1128 3907 1167 3978 ὡς
1196 3907 1342 3986 κατωτέρω
1372 3909 1528 3987 τρανώτερον

247 4027 446 4105 δηλωθήσεται.
487 4027 565 4088 ἀλλά
587 4049 622 4106 γε
644 4027 678 4087 τδι
700 4027 771 4088 κατὰ
792 4027 854 4098 τσὺς
878 4028 982 4100 ἀλλους
1006 4029 1223 4105 εὑλαβεστάτους
1246 4049 1297 4104 μου
1319 4027 1451 4107 άδελροὺς
1471 4028 1526 4088 δια·

247 4153 380 4230 ζωῖθαθῶ
403 4147 450 4210 δαὶ
473 4152 511 4222 ὡς
534 4150 674 4227 ἐμψύχους
704 4147 813 4221 Εἰκόνας
842 4148 995 4230 πρῠῑίθημι,
1028 4151 1095 4230 ἅπερ
1119 4145 1181 4210 οίδα
1208 4149 1360 4210 λυσιτελεῖν
1382 4152 1437 4221 τοῖς
1456 4151 1524 4226 ἐμοῖς

246 4272 370 4350 λογικοῖς
393 4272 541 4352 θρέμμασι,
565 4276 727 4346 σωματικῶς
749 4291 779 4330 τε
803 4272 860 4344 άμα
882 4269 929 4330 καί
951 4275 1085 4354 ψυχικιῦς,
1110 4271 1203 4348 ἐπειδὴ
1219 4270 1266 4332 καὶ
1285 4269 1367 4351 χρεία
1381 4269 1468 4347 πολλῆ
1482 4278 1524 4348 τῆς
1600 4307 1601 4346 4

247 4393 417 4472 ἑκατέρωθεν
446 4391 595 4474 θεραπείας
624 4395 681 4464 τοῖς
709 4393 838 4464 τοιοῦτοις
867 4394 1014 4472 προβάτοις
1046 4395 1122 4454 ἐστίν.
1168 4395 1182 4453 δ
1206 4395 1257 4469 μέν
1287 4391 1333 4453 οὑν
1362 4393 1457 4466 σκοπός
1483 4400 1523 4470 τῆς

352 4653 372 4718 ²)
391 4650 430 4701 καὶ
448 4647 461 4700 ό
479 4650 511 4702 Ε.
583 4651 603 4718 ²)
623 4649 704 4702 ἑαυτόν
723 4651 754 4703 Ε.
826 4653 847 4718 ³)
867 4649 936 4703 ἀναλ.
956 4652 988 4702 Ε.
