3166 5298
1258 359 1320 424 125

44 551 185 627 νομίσματα
210 551 245 614 θ’.
284 557 359 636 χήρα
382 556 400 630 ἡ
424 554 506 614 Δεσία
529 553 591 632 ἔχει
612 552 667 612 νίον
689 553 901 634 Κωνοταντῑνον,
925 551 1045 614 οίκιακθν
1065 552 1148 624 τέλος
1170 553 1322 629 νομίσματα

44 670 70 750 θ’,
91 673 148 751 ἔχει
163 673 302 756 Ζωρίτζαν
325 675 459 752 οἰμπέλιον
481 674 584 751 μοδίων
600 673 634 755 ς’,
659 670 711 734 οὶπό
726 681 775 751 τῆς
790 679 901 754 γονικῆς
917 675 996 735 αύτού
1012 675 1191 754 ὑποστάσεως,
1208 675 1322 751 μύλωνα

41 795 79 854 καί
104 797 300 878 χεροάμπελον
331 797 433 874 μοδίων
455 796 478 870 ς’
500 796 548 857 καί
576 802 630 876 γῆν
662 795 764 870 μοθίων
788 794 823 876 ρ’,
858 797 939 869 τέλος
966 797 1119 874 νομίσματα
1137 795 1163 858 δ’
1184 799 1250 878 ὑπὲρ
1272 779 1324 875 τῆς

41 918 264 1000 ύιποληρθείσης
287 907 318 992 ἐξ
340 921 423 995 αύτῆς
439 916 672 995 ἐξαλειμματικῆς
687 918 872 991 ὑποστάσεως·
893 920 1090 1001 χερσάμπελον
1106 918 1207 996 μοθίων
1223 918 1250 993 β’
1271 926 1321 997 τῆς

39 1039 152 1114 ἡμισείας
184 1041 297 1122 μερίδος
322 1040 369 1102 καί
394 1048 447 1120 γῆς
473 1041 555 1112 τέλος
577 1041 731 1118 νομίσματα
753 1039 792 1099 θ’·
831 1039 870 1112 είς
892 1042 922 1101 τύ
944 1039 1044 1122 χωρίον
1067 1043 1112 1101 τὀν
1135 1041 1240 1121 Σρολόν
1267 1042 1319 1102 ἀπο

39 1167 79 1236 τῆς
98 1163 272 1234 ὑποστάσεως
294 1167 340 1223 τού
356 1165 485 1244 Μερζοίνη
509 1162 674 1237 βαλανίδας·
699 1163 827 1223 ἐπέκεινα
850 1162 882 1224 δὲ
903 1164 1002 1224 τούτων
1019 1165 1079 1242 ἔχει
1093 1165 1111 1240 ἡ
1125 1164 1233 1240 τοιαύτη
1249 1163 1319 1238 μονὴ

38 1283 75 1342 καί
83 1283 105 1365 ¹)
138 1283 279 1361 ίόιύκτητα
312 1289 409 1345 ταῦτα·
446 1283 508 1366 περὶ
540 1285 589 1356 τὰς
619 1285 722 1366 Σάρρας
752 1285 880 1363 μετόχιον
910 1281 950 1357 είς
979 1285 1065 1361 ὄνομα
1094 1287 1245 1361 τιμώμενον
1274 1289 1320 1346 τοῦ

40 1405 61 1462 ἐν
82 1407 168 1485 άγίοα
188 1411 293 1490 πατρός
315 1411 394 1484 ἡμῶν
410 1408 538 1468 Ἰωάννου
560 1409 725 1486 πατριάρχου
741 1407 1054 1479 Κωνσταντινονπόλεως
1069 1410 1115 1468 τοῦ
1130 1409 1320 1485 Χρνοοοτόμου
1409 1457 1415 1472 .

38 1527 98 1598 μετὰ
117 1533 227 1590 πάντων
250 1537 303 1590 τῶν
327 1530 437 1590 δικαίων
459 1527 506 1590 καί
527 1529 680 1610 προνομίων
703 1529 782 1588 αὺτοῦ
804 1530 851 1588 καί
872 1529 963 1588 τόπιον
985 1523 1102 1604 πλησίον
1126 1530 1215 1610 αὑτοῦ,
1246 1530 1275 1590 ἐν
1298 1523 1320 1610 ᾧ

39 1653 232 1728 προσκάθηνται
258 1653 304 1712 καί
327 1673 397 1725 τινες
418 1651 533 1730 πτωχοί,
556 1649 628 1724 ξένοι
650 1649 696 1711 καί
719 1651 870 1732 ἐλεύθεροι·
909 1653 1001 1732 ἕτερον
1023 1653 1151 1728 μετόχιον
1174 1649 1213 1722 εἰς
1235 1649 1321 1726 ὄνομα

38 1771 180 1846 τιμώμενον
202 1779 249 1834 τού
272 1772 349 1852 άγίου
372 1770 482 1846 ἐνδόξου
505 1772 749 1853 μεγαλομάρτνρος
770 1770 816 1832 καὶ
837 1775 1030 1853 τροπαιοφόρον
1044 1771 1180 1852 Γεωργίου
1195 1769 1240 1832 καί
1257 1771 1319 1833 ἑπι-

39 1891 201 1969 κεκλημένον
228 1899 275 1956 τού
302 1894 490 1976 Κρνονερίτον,
522 1896 588 1974 όπερ
616 1897 793 1968 συνεστήσατο
822 1893 872 1968 μὲν
899 1893 932 1954 ἐκ
959 1894 1065 1974 βάθρων
1092 1893 1106 1952 ό
1134 1893 1320 1974 σοοιελλοίριος

39 2019 80 2086 τίς
100 2015 253 2094 ἁγιωτάτης
276 2017 473 2098 μητροπόλεως
489 2017 609 2096 Σερρῶν,
632 2017 845 2095 όΜουρμουρᾶς
862 2014 974 2094 ἐκεῖνος,
998 2011 1113 2092 ἐξεδόθη
1136 2014 1168 2075 δὲ
1190 2014 1260 2090 μετὰ
1274 2017 1319 2076 τόν

41 2133 134 2196 ἐκείνου
164 2140 279 2200 θάνατον
306 2139 380 2219 παρὰ
407 2145 456 2214 τῆς
479 2139 590 2216 συζύγου
614 2137 692 2198 αὺτοῦ
714 2135 761 2196 καὶ
783 2143 835 2196 τῶν
858 2137 929 2197 κατὰ
949 2138 1048 2211 νόμους
1070 2137 1250 2217 κληρονόμων
1272 2135 1320 2198 καί

42 2251 166 2337 θιαθόχων
195 2261 276 2320 αὐτοῦ
301 2261 369 2341 πρός
395 2261 425 2320 τό
454 2261 537 2340 μέρος
559 2265 607 2335 τῆς
630 2259 753 2336 τοιαύτης
775 2257 927 2336 σεβασμίας
950 2264 1035 2335 μονῆς
1058 2256 1159 2334 είδήσει
1182 2257 1228 2318 καὶ
1249 2279 1318 2338 προ-

42 2386 115 2461 τροπῇ
136 2379 184 2440 καὶ
204 2386 252 2442 τού
266 2381 411 2462 ἱερωτάτον
427 2381 624 2462 μητροπολίτου
639 2382 748 2462 Σερρῶν
763 2379 809 2441 καὶ
824 2381 968 2462 ύπερτίμον
985 2380 1054 2456 μετὰ
1067 2388 1118 2457 τῆς
1131 2381 1320 2460 προσηκούσης

44 2499 103 2578 αύτῷ
132 2503 304 2575 ύποοτάοεως
330 2502 377 2562 καί
403 2509 455 2564 τῶν
482 2501 543 2584 περί
570 2502 642 2582 αύτῷ
669 2501 824 2580 οἰκημάτων
847 2500 893 2562 καί
916 2507 961 2563 τού
983 2503 1185 2564 πλινθοκτίοτον
1206 2504 1318 2584 πύργου,

2 2678 3 2709 γ
42 2619 298 2706 ίμπελοπεριβολίον
324 2625 444 2706 γύρωθεν
463 2627 559 2686 ἀὺτοῦ·
599 2627 690 2704 ἕτερον
720 2625 855 2701 ἀμπέλιον
880 2625 908 2684 ἐν
930 2631 964 2708 τῇ
986 2625 1130 2708 τοποθεσίᾳ
1150 2629 1196 2686 τού
1219 2625 1319 2686 Καλο·

1 2712 5 2841 i
42 2745 124 2822 γέρον·
148 2749 239 2827 ἕτερον
262 2746 416 2823 ἀμπελῶνα
439 2745 479 2820 είς
500 2749 546 2808 τὀν
570 2749 645 2827 όίγιον
662 2747 792 2824 Ἰωάννην
808 2753 857 2823 τῆς
874 2747 1025 2824 Ἧμίσεως·
1049 2749 1141 2828 ἕτερον
1165 2747 1319 2824 ἀμπελῶνα

1 2919 3 2996 γ
44 2862 66 2921 ἓν
84 2875 114 2948 τῇ
135 2869 279 2952 τοποθεσίᾳ
300 2873 345 2930 τού
369 2869 520 2942 Ἐλαιῶνος
544 2872 702 2951 στρέμματα
725 2868 764 2944 β’·
805 2871 880 2942 ἐντος
902 2873 948 2930 τού
969 2873 1085 2950 κάστρον
1107 2871 1215 2949 Σερρῶν
1238 2868 1318 2945 οίκή-

43 3006 104 3056 μετα
130 2987 393 3077 ἀνωγαιωκάτω[γτ]
423 2990 447 3063 ς’
477 2989 508 3064 ἐξ
534 2991 715 3071 ἀνταλλαγῆς
742 2991 795 3051 ἀπο
822 2991 907 3051 Ξένον
933 2995 980 3051 τού
1003 2991 1166 3072 Μουρκουρά
1191 2989 1238 3051 καί
1265 2997 1317 3051 τῶν

43 3104 133 3169 ’νοστῶν
154 3114 234 3172 πέντε
258 3117 303 3172 τού
326 3113 434 3190 ἀνεψιοῦ
457 3113 536 3174 αἰπού
558 3118 603 3174 τού
619 3113 798 3192 Μουρμονρᾶ·
826 3113 875 3188 τὴν
898 3110 928 3185 ἐξ
951 3111 1101 3194 ἀγορασίας
1124 3113 1176 3172 ἀπό
1197 3117 1246 3187 τῆς
1269 3113 1317 3172 θν-

44 3232 132 3311 γττρος
152 3238 196 3293 τού
211 3233 316 3312 Τρίβολ
340 3232 442 3294 ἐκείνου
465 3233 579 3314 μερίδας
603 3235 659 3313 δύο,
683 3234 765 3309 μόόια
780 3231 833 3314 ρκ’,
857 3237 896 3306 ῶς
917 3241 966 3310 τῆς
988 3235 1087 3312 λοιπῆς
1101 3233 1192 3316 τρίτης
1207 3231 1317 3314 μερίδος

44 3356 218 3432 κατεχομένης
240 3355 314 3436 παρὰ
336 3359 383 3416 τού
397 3357 544 3416 Σνναόικού
560 3354 590 3428 ἐξ
606 3355 786 3443 άνταλλαγῆς
801 3363 847 3416 τοῦ
862 3353 1005 3436 εἰρημένον
1020 3357 1123 3416 Ξένον·
1148 3357 1240 3437 ἕτερον
1254 3375 1317 3434 χω-

45 3475 125 3552 ράριον
147 3473 185 3548 είς
206 3477 256 3551 τὴν
277 3477 401 3538 Κούσταν
422 3477 539 3554 πλησίον
561 3482 606 3538 τού
623 3477 753 3557 Πηγθέρη
777 3477 879 3552 μοδίων
902 3476 943 3536 ο’·
967 3479 1058 3557 ἕτερον
1080 3479 1218 3558 χωροίριον
1239 3477 1316 3552 πλη-

46 3595 90 3654 σίον
110 3599 198 3658 τούτου
221 3597 323 3674 μοθίων
347 3598 362 3658 ι’
392 3596 423 3672 ἐξ
446 3595 594 3679 ἀγορασίας
618 3599 739 3660 ἀπὸτοῦ
762 3597 904 3680 εἰρημένου
927 3599 1029 3660 Ξένον·
1069 3602 1159 3680 ἕτερον
1181 3602 1318 3680 χωράφιον

46 3719 147 3794 πλησίον
168 3725 214 3781 τού
236 3721 363 3796 μύλωνος
384 3725 430 3782 τού
447 3720 579 3797 Παλούκη
603 3719 705 3798 μοόίων
721 3719 745 3780 δ’
769 3721 822 3780 ἀπό
844 3718 1029 3802 προοενέξεως
1051 3725 1096 3781 τού
1112 3721 1249 3782 Κανακίου
1271 3719 1318 3782 καί

47 3838 78 3911 είς
97 3843 138 3902 τὀν
159 3840 378 3921 Εὐαγγελίτίην·
414 3845 504 3925 ἕτερον
526 3845 664 3923 χωράφιον
687 3843 739 3902 ἀπό
761 3841 946 3922 προσενόξεως
968 3847 1013 3904 τού
1037 3842 1193 3920 Ἀπλεμιλὲ
1216 3842 1317 3918 μοόίων

47 3961 82 4034 β’·
115 3963 172 4046 περὶ
194 3970 239 4025 τού
261 3963 348 4043 Ζίχνοι
370 3963 409 4036 είς
431 3967 461 4026 τό
484 3965 584 4046 χωρίον
608 4013 663 4028 ...

553 4112 671 4182 Reliqua
687 4112 790 4166 deine.

136 4251 278 4304 Ιοαπτιίάω
290 4249 352 4320 (Νν.
369 4247 420 4318 11)
435 4251 495 4304 νινίό
509 4251 557 4304 hoc
566 4251 752 4322 sraqmenium
767 4267 826 4304 cum
838 4250 1004 4304 antecedente
1016 4249 1067 4303 Nr.
1083 4251 1132 4318 10,
1148 4249 1178 4303 id
1191 4255 1229 4304 eei
1236 4265 1318 4320 prae-

51 4357 110 4420 cepto
128 4357 195 4427 νομόν
218 4345 251 4410 de
274 4355 416 4409 donatione
440 4355 578 4410 domestici
596 4355 681 4409 Βαιιί.
713 4355 797 4409 Nobis
818 4355 926 4408 videtur
948 4371 1002 4408 ανον
1015 4353 1200 4424 fragmentum
1219 4371 1319 4408 aureae

52 4451 124 4512 ύνίίασ
135 4459 166 4514 de
177 4459 392 4530 possesionibus
406 4460 572 4528 mmtaeterii,
596 4461 674 4514 ονίιω
688 4460 795 4512 initium
811 4465 835 4512 et
844 4458 910 4527 finis
925 4459 1122 4514 desiderantur.

53 4603 234 4618 *Q——m

136 4714 154 4779 ¹)
171 4712 211 4762 καὶ
231 4710 318 4770 αύτούς
336 4713 357 4762 1.
