3240 5286
248 338 312 406 286

248 536 443 617 Μετεορολίθῳ
476 536 505 595 ἐν
539 543 572 619 τῇ
602 537 676 616 νήσῳ
708 532 870 598 Ἰωαίνίνων
902 536 1071 614 ἐπισκέψεως
1101 539 1180 618 χάριν
1209 535 1256 598 καὶ
1288 537 1454 617 ἐπιβλέψεως
1480 547 1535 598 τῶν

247 659 389 738 ἡμετέρων
413 658 602 738 μοναστήρίων
624 662 670 718 τοῦ
693 679 723 717 τε
747 655 857 730 ἐνδόξου
873 657 1035 738 Προδρόμου
1058 656 1170 719 καὶτοῦ
1190 658 1219 719 έν
1234 659 1273 739 τῷ
1289 659 1403 740 Λεπενῷ
1418 661 1537 740 μεγάλου

247 777 399 858 Νικολάου,
430 773 520 860 ὧνπερ
552 785 606 840 τῶν
633 774 713 840 θείων
736 785 809 839 ναῶν
831 779 1027 858 ἠγωνισάμεθα
1050 781 1121 855 μετὰ
1142 784 1189 842 τοῦ
1212 781 1241 838 ἐν
1264 782 1387 864 μακαρίᾳ
1407 789 1438 864 τῇ
1459 780 1539 857 λήξει

247 902 397 979 γενομένου
428 901 590 977 ἀειμνήστου
621 899 719 962 δοὺλου
748 907 794 960 τοῦ
824 901 897 980 θεοῦ,
928 900 1085 980 θεοράνους
1114 901 1306 982 ίερομσνάχου,
1335 907 1382 964 τοῦ
1410 905 1538 984 ἡμετέρου

248 1021 408 1102 ὁμαίμονας,
433 1021 476 1084 διὰ
498 1028 574 1084 τοῦτο
598 1024 719 1098 θέλομεν
741 1016 786 1084 οἷα
807 1019 929 1102 κτίτορες
952 1021 983 1097 ἐξ
1007 1020 1096 1104 ἀρχῆς
1118 1022 1165 1085 καὶ
1188 1019 1257 1085 είναι
1278 1022 1325 1084 καί
1340 1025 1478 1104 λέγεσθαι,
1498 1027 1540 1096 ὡς

247 1139 344 1204 πολλὰ
372 1147 569 1217 κεκοπιακότες
598 1148 673 1227 πάσῃ
703 1144 806 1227 σπουδῇ
830 1144 863 1205 ἐκ
884 1148 974 1223 ψυχῆς
997 1147 1074 1226 ζήλῳ
1097 1145 1162 1226 θείῳ
1185 1148 1338 1223 κινούμενοι
1360 1147 1408 1208 καὶ
1429 1148 1540 1208 πλεῖστα

248 1269 381 1344 χρήματα
403 1268 432 1327 ἐν
455 1269 546 1340 αὑτοῖς
567 1267 854 1343 καταδαπανήσαντες.
901 1267 990 1328 ἐλθὼν
1006 1267 1110 1348 τοίνυν,
1134 1271 1173 1342 ῶς
1196 1269 1271 1349 ἔφην,
1296 1269 1325 1329 έν
1347 1275 1381 1352 τῇ
1403 1271 1474 1348 νήσῳ
1491 1267 1541 1328 καί

249 1394 282 1470 τῇ
304 1391 351 1450 τοῦ
373 1387 463 1470 κυρίου
485 1391 564 1466 ήμῶν
581 1390 670 1466 Ἰησοῦ
687 1391 801 1468 Χριστοῦ
823 1391 914 1472 χάριτι
937 1389 1118 1466 άνεκτίοαμεν
1139 1389 1187 1451 καί
1209 1390 1418 1466 άνεκαινίσαμεν
1440 1391 1542 1450 τόντοῦ

251 1510 412 1592 Προδρόμσυ
434 1511 507 1571 θεῖον
529 1512 594 1570 ναόν
619 1509 657 1583 είς
679 1513 801 1592 κρεῖττον
823 1511 933 1584 κάλλος
954 1510 1002 1573 καί
1024 1513 1144 1592 μέγεθος
1164 1511 1213 1574 καί
1233 1512 1360 1595 θεωρίαν,
1389 1514 1428 1584 ῦς
1450 1512 1541 1591 ἐχρῆν,

251 1633 377 1710 γενέσθαι
406 1631 453 1693 καί
482 1633 672 1714 τελειωθῆναι,
703 1627 760 1704 οἷος
789 1637 834 1694 νῦν
864 1636 958 1714 δρᾶται
984 1633 1032 1695 καί
1062 1634 1193 1715 φαίνεται.
1238 1629 1298 1695 είτα
1324 1633 1372 1695 καί
1399 1635 1428 1694 τό
1455 1633 1541 1712 ἐντῷ

251 1753 366 1834 Δεπενῷ
396 1754 523 1830 δοττήτιον
553 1755 583 1814 τό
613 1755 749 1834 ἀνάγαιον
778 1753 818 1828 εἰς
846 1756 976 1816 παντοίαν
1006 1757 1153 1816 ἀνάπαυσιν
1182 1761 1236 1816 τῶν
1258 1756 1288 1816 ἐν
1311 1755 1384 1835 αὑτῷ
1410 1757 1542 1816 κατοαεῑν

251 1876 414 1952 μελλόντων
436 1875 573 1958 άδελρῶν,
596 1882 650 1937 τῶν
673 1883 803 1955 μοναχῶν
825 1876 873 1938 καί
894 1876 980 1950 ξένων
997 1885 1077 1940 τινῶν
1091 1885 1144 1939 τῶν
1158 1879 1431 1960 παρατυγχανόντων.
1460 1878 1542 1948 οὑτως

251 1993 296 2059 οὑν
319 2001 402 2058 ταῦτα
423 1997 581 2075 πεποιηκὼς
603 1999 666 2059 θεοῦ
689 1996 814 2080 ουνάρσει
835 1998 882 2061 καί
905 1999 1093 2062 κατευοθωθέν
1116 2019 1167 2077 μου
1189 2001 1219 2060 τό
1242 1999 1354 2076 θέλημα
1378 1999 1543 2075 βουλόμενος

251 2117 346 2199 εἰπεῖν,
371 2121 491 2199 άρχομαι
512 2119 560 2180 καί
582 2119 875 2200 ἀνακεφαλαιώσασθαι
897 2121 932 2182 τά
952 2127 1002 2197 τῆς
1024 2121 1178 2194 ὑποθέσεως
1200 2119 1240 2194 τίς
1261 2121 1428 2201 πλατὺτερον
1449 2125 1473 2198 ή.

354 2245 370 2318 †
394 2241 491 2318 Ἡμεῖς
513 2240 539 2302 οί
559 2242 687 2322 ῥηθέντες
703 2243 868 2323 αὑτάδελροι
882 2245 1015 2325 κτήτορες
1030 2244 1107 2316 ὄντες
1122 2243 1254 2302 ἀνέκαθεν
1269 2244 1315 2302 τόν
1331 2241 1361 2302 ἐν
1376 2239 1415 2320 τῷ
1430 2241 1543 2318 Λεπενῳ

251 2365 315 2424 ναόν
338 2364 483 2439 μετὰτῶν
507 2365 683 2444 ὑπαρχόντων
705 2367 852 2442 κτημάτων
875 2367 1093 2444 ὑποτεταγμένον
1116 2364 1232 2443 είχαμεν
1252 2363 1299 2424 καί
1312 2363 1543 2444 παραδεδομένον,

251 2486 342 2565 ὥσπερ
372 2505 397 2545 τι
427 2485 573 2567 μονήδριον
602 2484 649 2546 καί
677 2487 805 2566 μετόχιον
837 2485 877 2560 είς
898 2489 944 2548 τδν
976 2487 1101 2566 μεγάλαν
1126 2485 1283 2568 Πρόδρομον
1314 2485 1360 2546 ἐπὶ
1382 2487 1478 2567 χεῖρας
1498 2489 1543 2544 τοῦ

253 2606 454 2681 εὑλαβεστάτου
479 2607 507 2667 ἐν
530 2607 721 2687 ίερομσνάχοις
735 2607 782 2668 καὶ
797 2611 989 2686 πνευματικοῖς
1004 2611 1119 2690 πατράσι
1134 2613 1215 2689 κυροῦ
1231 2608 1390 2689 Γρηγορίου,
1414 2607 1482 2684 μετὰ
1495 2613 1543 2681 τῆς
1602 2595 1603 2615 ’

252 2727 375 2801 συνοδίας
391 2730 480 2808 αὑτοῦ,
502 2729 544 2790 διδ
559 2727 606 2790 καὶ
621 2731 703 2810 μέχρι
718 2735 764 2792 τοῦ
775 2735 820 2792 νῦν
836 2731 1005 2810 διῳκήσαντο
1020 2729 1067 2792 καὶ
1083 2731 1268 2808 ἐπεσκέψαντο
1285 2731 1317 2791 ἄν
1332 2751 1372 2803 τις
1390 2731 1468 2806 ήμῶν
1484 2730 1544 2788 ἐπι-

251 2856 394 2931 τρστιικιῦς.
440 2849 613 2927 ἀλλ’ἐπειδὴ
643 2853 706 2912 θεοῦ
734 2855 826 2934 χάριτι
848 2851 896 2913 καί
917 2855 977 2925 ταῖς
998 2859 1053 2913 τῶν
1076 2851 1161 2932 άγίων
1183 2853 1308 2932 πατέρων
1331 2851 1427 2930 εὑχαῖς
1447 2857 1496 2926 τῆς
1520 2849 1546 2908 ἐν

252 2972 390 3052 Βαρλαὰμ
413 2979 499 3049 μονῆς
522 2969 697 3050 αὑξυνθείσής
719 2971 766 3034 καί
790 2969 1085 3060 ἀποκαταστήαθείσήης
1104 2975 1134 3034 ἐν
1151 2977 1329 3055 μοναστήριον
1343 2973 1546 3048 πληθυνθέντων

250 3099 304 3154 τῶν
330 3094 468 3174 ἀδελφῶν,
499 3093 687 3175 ίερομσνάχων
709 3091 767 3181 [καὶ
794 3092 893 3182 αἰτίήας
918 3097 1029 3170 πολλὰς
1057 3097 1175 3175 ἐχόντων
1204 3091 1357 3175 ἀναγκαίας
1384 3093 1546 3176 ἀπέρχεσθαι

251 3217 380 3294 συχνάκις
403 3215 442 3288 εἰς
463 3217 498 3276 τόν
521 3215 661 3278 ’ίωάννινα
683 3216 731 3277 καί
754 3215 793 3289 είς
815 3219 860 3278 τόν
884 3219 913 3278 ἐν
935 3217 1100 3301 τήὈσδίνῃ
1123 3219 1212 3290 αὑτοῖς
1231 3219 1401 3294 κεκτημένον
1418 3216 1545 3292 ἐλαιῶνα,

252 3337 478 3416 διαλογισάμενοι
500 3335 571 3414 μετὰ
593 3338 747 3420 εὑβσυλίας,
779 3337 839 3400 έπεὶ
862 3341 900 3416 μὴ
924 3340 1037 3418 ἔχοντες
1060 3341 1089 3399 έν
1111 3345 1145 3422 τῇ
1168 3341 1242 3419 νήσῳ
1263 3337 1288 3398 οί
1304 3338 1337 3398 ἐκ
1351 3343 1398 3398 τοῦ
1413 3335 1546 3416 Βαρλαόιμ

252 3458 425 3540 διακυρισμόν
458 3459 646 3535 ἀναπαύσεως,
678 3460 741 3520 όταν
768 3463 824 3532 τοῖς
848 3463 936 3534 αὑτοῖς
959 3463 1053 3543 μέρεσι
1074 3461 1258 3542 παροδεὺωσιν
1280 3459 1328 3520 καί
1349 3462 1379 3520 τό
1402 3463 1448 3520 τοῦ
1469 3461 1546 3519 τόπον

252 3583 418 3640 στενώτατον
448 3578 494 3640 καὶ
523 3587 574 3656 τής
604 3581 705 3658 λίμνης
731 3583 761 3641 τδ
784 3581 969 3643 δυσδιόδευτον
992 3581 1039 3642 καὶ
1062 3578 1108 3642 διὰ
1128 3584 1159 3643 τδ
1181 3581 1228 3642 καὶ
1251 3583 1297 3642 τδν
1318 3585 1366 3641 τοῦ
1391 3581 1545 3661 Προδρόμου
1600 3563 1601 3626 ί

252 3701 325 3761 θεῖον
356 3703 420 3761 ναδν
452 3699 490 3774 εἰς
520 3699 630 3778 αὔξησιν
661 3701 708 3762 καὶ
730 3704 809 3764 αὑτόν
838 3704 953 3764 ἐλθόντα
974 3703 1021 3764 καὶ
1044 3705 1261 3785 μεγαλυνθέντα,
1294 3703 1387 3783 παρ’δ
1410 3699 1441 3775 ἐξ
1463 3702 1546 3782 ἀρχῆς

253 3823 383 3904 ὑπῆρχεν,
416 3821 572 3905 ἐκρίναμεν,
602 3825 645 3884 ίνα
672 3827 717 3886 τδν
746 3827 775 3886 ἐν
801 3824 840 3904 τῷ
862 3825 979 3905 Λεπενῷ
1007 3827 1071 3886 ναδν
1093 3831 1139 3886 τοῦ
1166 3825 1292 3906 μεγάλου
1315 3823 1457 3884 Νικολάου
1483 3819 1546 3900 μετὰ

252 3949 306 4004 τῶν
328 3945 484 4024 προσόντων
507 3947 585 4006 αὑτοῦ
607 3949 753 4023 κτημάτων
776 3947 970 4028 άριερῶσωμεν
994 3945 1040 4009 καί
1064 3943 1243 4023 έπιδώσωμεν
1267 3945 1306 4018 είς
1329 3945 1467 4024 ὑποταγὴν
1483 3939 1545 4004 είναι

252 4070 299 4128 τοῦ
330 4065 359 4125 ἐν
382 4065 522 4148 Βαρλαάμ
553 4069 742 4151 μοναστηρίου,
772 4067 820 4129 καὶ
849 4070 942 4142 καθὼς
972 4069 998 4130 σί
1026 4074 1073 4130 τοῦ
1096 4069 1257 4150 Προδρόμου
1288 4068 1480 4143 ἐπιβλέπουσιν
1505 4061 1545 4125 καὶ

253 4190 382 4267 κατεῖχον
414 4189 468 4261 ἕως
489 4193 536 4250 τοῦ
565 4193 620 4270 νῦν,
653 4191 721 4250 οὑτω
749 4189 797 4251 καί
826 4191 879 4252 άπδ
909 4197 958 4269 τής
988 4193 1106 4272 σήμερον
1137 4189 1163 4252 σί
1189 4193 1236 4251 τοῦ
1265 4189 1405 4272 Βαρλαίιμ
1431 4207 1544 4252 τοιουτο-

254 4311 371 4392 τρόπως,
402 4309 446 4370 ἵνα
473 4311 580 4390 ἔχουσιν
611 4313 684 4392 αὑτό,
716 4313 918 4390 διατασσόμεθα
948 4311 995 4373 καί
1025 4314 1188 4394 κυβερνῶσιν
1217 4311 1265 4372 καί
1295 4311 1487 4386 ἐπιβλέπουσιν
1512 4311 1544 4377 ῦς

255 4430 374 4513 θεὺτεροι
396 4432 519 4513 κτίτορες
541 4432 606 4512 δίχα
629 4435 700 4506 τιν’σς
724 4434 902 4513 ἐνοχλήσεως
924 4433 971 4494 καί
999 4436 1094 4514 ρθάνου
1116 4429 1165 4495 καί
1187 4434 1372 4516 ριλοττρωτίας
1393 4433 1442 4494 καί
1466 4433 1543 4516 ἐριδας

253 4557 271 4630 ή
294 4557 347 4614 τῶν
371 4553 404 4614 ἐκ
425 4560 474 4630 τής
498 4559 544 4616 τοῦ
561 4555 723 4637 ίΙρσδρόμου
746 4563 833 4632 μονῆς
855 4559 873 4632 ἡ
897 4554 928 4630 ἐξ
951 4557 1050 4638 ἑτέρων
1072 4563 1126 4616 τῶν
1146 4557 1291 4635 λαχόντων
1312 4563 1452 4636 συγγενῶν
1475 4557 1542 4632 ήμῶν

252 4679 270 4751 ή
299 4673 394 4756 ξένων,
426 4677 493 4736 ἀλλ’
511 4675 671 4758 είρηνευέτω
702 4678 817 4748 ἕκαστος
848 4675 888 4750 εἰς
914 4679 944 4737 τό
973 4676 1042 4738 ἴδιον
1073 4684 1165 4753 κτῆμα
1192 4676 1238 4739 καί
1268 4675 1307 4750 εἰς
1334 4679 1348 4736 θ
1377 4679 1541 4739 κεκοπίακεν.
