3222 5284
259 334 324 404 330

253 533 462 610 πτωχεύσοντος
485 534 603 613 ρύραμα,
628 526 667 604 οίς
690 531 769 593 ούδὲν
793 535 905 614 ἑαυτῶν,
929 534 1007 595 ἀλλὰ
1022 535 1056 594 τά
1070 537 1159 595 πάντα
1174 536 1245 610 θεού,
1269 533 1315 594 καί
1331 537 1426 610 ήμεῖς·
1452 555 1553 613 γεννη-

254 656 324 736 σάσῃ
347 656 401 734 γάρ
423 674 465 714 σοι
487 655 532 714 τόν
555 655 640 734 λόγον
664 655 731 736 ύπέρ
753 655 839 734 λόγον
861 658 907 715 τὀν
930 656 1024 736 άυλον,
1048 657 1124 716 τότε
1140 655 1270 728 ἀνενδεές
1290 657 1413 716 ἐντεύθεν
1429 656 1554 731 ἀπεκλη-

254 775 329 855 ρῶθη
352 773 399 834 καὶ
426 776 534 836 τέλειον
556 774 603 835 καὶ
625 777 660 835 τὰ
686 781 735 854 τῆς
762 778 837 837 κάτω
865 777 979 856 θεούσης
1004 777 1076 853 ύλης
1097 779 1147 838 ούκ
1175 777 1279 854 ἔντιμα.
1326 777 1422 855 ἐπειδὴ
1451 777 1484 836 δὲ
1511 775 1554 836 καὶ

253 899 310 968 τοῖς
333 897 372 956 έτι
394 895 456 977 περὶ
478 897 512 956 τά
534 899 610 958 κάτω
634 900 826 978 στρεφομένοις
842 891 895 958 ’καί
918 901 982 970 ζῶσι
1004 900 1065 958 κατ’
1078 898 1219 978 ἄνθρωπον
1237 899 1382 976 ἀμήχανον
1404 899 1554 977 θειοτέρας

246 1016 320 1100 ,τισίν
343 1018 482 1098 ἀπαρχαῖς
503 1017 550 1078 καί
573 1017 639 1099 ὑπὲρ
660 1019 709 1094 τὴν
731 1019 802 1094 θλην
825 1021 855 1078 τό
878 1024 927 1095 τής
948 1019 1011 1100 περί
1032 1041 1063 1078 σε
1082 1019 1198 1091 πίστεως
1214 1021 1276 1090 ζέον
1293 1019 1490 1099 ἐνδείκνυσθαι,
1515 1017 1554 1078 σοί

252 1159 283 1198 τε
305 1145 338 1220 τῇ
361 1143 406 1199 τού
434 1139 519 1218 λόγου
547 1138 628 1218 μητρί
650 1141 680 1199 τό
702 1144 749 1200 τού
771 1141 856 1219 λόγου
884 1141 1119 1218 συγκαταβατικόν
1141 1161 1171 1200 τε
1194 1138 1241 1202 καί
1264 1143 1372 1221 μέτριον
1397 1136 1442 1200 διὰ
1466 1141 1553 1216 ζήλου

252 1281 283 1320 τε
305 1257 351 1320 καὶ
375 1263 518 1336 μιμήσεως
541 1261 574 1320 ἐκ
595 1267 649 1320 τῶν
671 1263 736 1341 παρ’
748 1263 815 1336 ἡμῖν
837 1282 868 1320 τε
890 1259 937 1320 καὶ
958 1263 1021 1322 καθ’
1030 1263 1104 1336 ἡμᾶς
1121 1263 1206 1338 εύαγῆ
1223 1257 1270 1321 καί
1285 1263 1351 1336 αύτη
1368 1263 1435 1320 ναόν
1451 1261 1552 1336 δειμα-

254 1382 323 1458 μένη
346 1381 384 1460 τῷ
412 1382 483 1460 ἀγίῳ
510 1381 568 1461 ναῷ
590 1403 632 1442 σοι
653 1382 700 1442 καί
724 1383 753 1441 ἐν
781 1383 934 1464 δικαιοσύνῃ
961 1383 1033 1443 κατὰ
1059 1385 1104 1442 τὀν
1131 1385 1177 1442 σδν
1205 1385 1362 1463 προπάτορα
1384 1380 1432 1441 καὶ
1459 1383 1548 1458 μέγαν

254 1500 342 1575 Δαβίδ
369 1501 517 1581 θαυμαστῷ
545 1503 685 1583 ὑμνῳδούς
707 1525 748 1564 σοι
775 1506 958 1584 μονοτρόπους
984 1503 1031 1564 καί
1058 1510 1091 1586 τῇ
1118 1504 1179 1586 θείᾳ
1207 1506 1384 1584 μακαριότητι
1411 1507 1458 1562 τού
1486 1505 1550 1580 παρ’

252 1623 318 1697 ἡμῖν
346 1626 483 1704 σῶρρονος
512 1623 614 1698 θήλεος
644 1627 741 1704 γένους
764 1625 797 1686 ἐκ
826 1627 910 1705 τούτῳ
939 1621 1079 1706 κατῴκισα
1101 1626 1134 1685 τά
1164 1625 1258 1700 έπήσιά
1280 1645 1311 1684 τε
1333 1621 1380 1683 καὶ
1410 1625 1549 1703 ήμερήσια

252 1743 324 1802 κατὰ
352 1744 438 1821 λόγον
472 1745 610 1824 ἀναγκαία
637 1743 674 1826 τῷ
697 1746 838 1826 ἀπορρύτῳ
860 1751 906 1806 τού
934 1749 1062 1822 σώματος
1088 1746 1142 1805 ἀπό
1164 1751 1218 1805 τῶν
1241 1751 1295 1804 σῶν
1326 1744 1461 1823 μεγάλων
1491 1741 1551 1818 ἐμοὶ

253 1866 364 1946 δωρεῶν
395 1866 497 1949 ἑκάστη
524 1867 625 1928 τούτων
650 1868 852 1948 ἐπιμετρήσασα
873 1864 945 1928 κατὰ
965 1869 996 1927 τό
1019 1863 1168 1946 ἀνάλογον,
1199 1865 1309 1941 μᾶλλον
1333 1864 1365 1924 δέ
1388 1864 1435 1924 καὶ
1458 1885 1549 1924 κοινο-

253 1987 352 2062 βιακὴν
376 1987 421 2047 διά
448 1991 557 2048 πάντων
580 1991 774 2064 καταστήσασα
801 1991 909 2060 ταύταις
934 1991 983 2065 τὴν
1012 1990 1125 2065 ἄσκησιν
1148 1987 1195 2048 καὶ
1220 1988 1393 2064 πανταχόθεν
1419 1985 1482 2066 περὶ
1504 1987 1550 2059 τὴν

253 2106 327 2186 ίεράν
354 2108 495 2168 πολιτείαν
518 2110 557 2190 τῷ
580 2109 646 2190 θείῳ
672 2111 756 2189 τούτῳ
784 2113 951 2190 συντάγματι
973 2113 1004 2170 πδ
1027 2111 1223 2190 ἀπερίσπαστον
1245 2109 1482 2189 περιποιησαμένη
1505 2104 1551 2166 καὶ

252 2231 469 2308 συγκροτήσασα.
516 2230 543 2291 αἱ
568 2231 602 2306 δή
627 2253 674 2306 μοι
695 2230 742 2291 καί
765 2233 825 2291 κατ’
839 2231 941 2292 ἐλπίδα
962 2253 992 2292 τε
1016 2229 1062 2292 καί
1085 2231 1169 2309 εύχὴν
1185 2231 1234 2306 τήν
1250 2230 1399 2306 ἀσκητικὴν
1416 2229 1549 2288 διαθέουσι

252 2349 373 2429 δίαυλον,
398 2349 429 2423 ἐξ
451 2345 482 2412 ού
505 2352 539 2428 δὴ
562 2353 610 2428 τήν
634 2354 724 2429 καλὴν
748 2353 856 2430 ἐκείνην
879 2354 1031 2431 ὁμολογίαν
1053 2351 1116 2432 περί
1138 2353 1186 2430 τήν
1210 2352 1284 2432 ίερὰν
1307 2353 1405 2426 ταύτην
1428 2351 1549 2430 μάνδραν

251 2471 315 2530 θεοῦ
337 2492 366 2531 τε
389 2471 511 2532 καὶτῶν
536 2473 674 2534 ἐκλεκτῶν
703 2476 834 2553 ἀγγέλων
862 2475 976 2536 ἐνῶπιον
999 2477 1185 2553 ὡμολόγησαν
1207 2472 1254 2533 καὶ
1277 2473 1340 2534 ούδέ
1364 2473 1480 2533 ένταύθά
1503 2493 1547 2548 μοι

252 2591 280 2652 αἱ
302 2592 347 2652 έπί
368 2613 420 2673 σοι,
443 2595 560 2673 παρθένε
584 2601 670 2676 μῆτερ
693 2597 766 2670 θεοῦ,
791 2595 902 2668 ἐλπίδες
926 2596 1128 2676 διημαρτήκασι
1147 2593 1193 2656 καὶ
1208 2595 1242 2655 τὰ
1258 2593 1302 2655 ἐπὶ
1316 2597 1419 2666 τούτοις
1435 2598 1545 2674 εύχαρι-

251 2717 347 2794 στήρια
368 2715 448 2795 χοροί
470 2737 510 2776 σοι
532 2719 641 2789 πάντως
664 2718 796 2796 ἀγγέλων
820 2716 979 2799 ἀνοίσουσιν,
1003 2719 1049 2789 οὓς
1073 2715 1117 2776 ἐπὶ
1139 2717 1257 2796 σωτηρίᾳ
1277 2716 1384 2796 χαίρειν
1408 2718 1546 2796 ἀνθρύιπου

250 2835 296 2896 καὶ
324 2835 437 2916 μεγάλα
464 2843 573 2918 σκιρτᾶν
601 2839 754 2921 διαγορεύει
781 2841 816 2899 τὰ
843 2841 1005 2920 εύαγγέλια.
1051 2839 1119 2899 ἀλλ’
1134 2839 1190 2918 ἐγὼ
1218 2837 1269 2915 μέν
1297 2839 1366 2898 ούτω
1395 2839 1429 2912 δή
1453 2842 1545 2914 σοιτή
1598 2839 1599 2884 ἓ

250 2959 365 3040 τεκούσῃ
387 2961 433 3020 τόν
455 2951 573 3036 ποιμένα
595 2967 649 3021 τῶν
671 2963 816 3042 προβάτων
839 2963 885 3022 τ’σν
909 2963 1007 3040 μέγοιν,
1032 2961 1060 3021 ἐν
1076 2961 1138 3020 θεοῦ
1157 2962 1240 3021 πόθου
1254 2959 1395 3042 περιουσίᾳ
1408 2961 1458 3034 τήν
1474 2959 1544 3040 ίερόιν

252 3079 406 3157 ἐδειμάμην
437 3083 559 3163 μάνδραν
590 3081 637 3143 καὶ
667 3084 774 3163 ἀγέλην
805 3084 884 3162 λόγῳ
911 3085 1093 3159 τεπιμημένην
1120 3088 1153 3163 τῇ
1176 3086 1222 3142 τού
1249 3083 1357 3162 πρῶτον
1378 3085 1397 3155 ἢ
1419 3079 1466 3141 καί
1489 3081 1544 3148 ἑνός

251 3203 390 3284 ποιμένος,
418 3203 489 3264 κατὰ
511 3205 557 3264 τὀν
580 3206 661 3284 σορόν
685 3205 865 3284 Σολομῶντα,
893 3205 973 3284 μητρί
996 3225 1037 3264 σοι
1059 3205 1245 3284 προσήγαγον.
1291 3201 1322 3262 σύ
1344 3201 1376 3262 δέ
1399 3223 1456 3280 μοι,
1479 3199 1501 3260 ῶ
1521 3194 1544 3259 τί
1597 3183 1598 3232 ³

252 3326 284 3382 ἀν
307 3325 338 3383 σέ
358 3345 399 3394 τις
430 3323 512 3385 εἰπὼν
538 3325 625 3406 ὀρθῶς
652 3325 809 3406 προσείποις
840 3327 888 3400 τὴν
911 3325 1136 3405 κεχαριτωμένην
1158 3324 1233 3406 παρὰ
1254 3321 1319 3404 θεῷ,
1350 3324 1399 3398 τήν
1422 3324 1489 3402 ύπέρ
1511 3322 1543 3380 τά

251 3448 388 3525 δρώμενα,
412 3447 459 3522 τὴν
482 3447 548 3527 ὑπὲρ
570 3447 605 3506 τὰ
627 3447 771 3528 νοούμενα,
793 3449 843 3522 τήν
865 3447 927 3519 τούς
950 3449 1028 3527 όρους
1050 3447 1204 3526 ὑπερβᾶσαν
1220 3451 1269 3521 τῆς
1284 3445 1399 3525 μύσεως,
1422 3445 1470 3520 τὴν
1485 3446 1543 3502 θεού

250 3565 298 3628 καί
324 3569 473 3647 ἀνθρώπων
501 3567 633 3643 μεσίτιδοι,
664 3569 688 3626 τί
714 3569 748 3627 τά
774 3567 869 3628 πολλὰ
898 3569 1024 3647 μηκύνω;
1054 3568 1103 3643 τὴν
1131 3567 1245 3642 ἀληθῶς
1271 3567 1321 3626 ύπό
1348 3565 1481 3646 παρθενίᾳ
1500 3561 1543 3623 καὶ

251 3689 379 3766 ἁγνότητι
409 3691 576 3769 θεομήτορα.
622 3689 653 3748 σύ
680 3691 711 3750 δέ
740 3710 786 3764 μοι
807 3692 856 3764 τήν
885 3690 1030 3770 ἐγκάρδιον
1056 3689 1142 3749 πίστιν
1170 3689 1296 3758 ἐπιεικῶς
1323 3687 1541 3764 διαβασωίσασσ,

252 3807 329 3883 δέξαι
350 3813 400 3884 τἠν
423 3809 550 3892 ἀπαρχήν
574 3813 696 3886 εύμενῶς
718 3811 764 3872 καὶ
789 3813 827 3888 μὴ
850 3813 946 3896 ἀπῶοη
963 3833 1008 3887 μοι
1023 3814 1072 3887 τὴν
1087 3813 1280 3891 προσαγωγήν,
1304 3810 1378 3886 μηδὲ
1394 3810 1542 3888 ἀποτρέψης

250 3933 303 3992 ἀπδ
324 3937 374 4007 τῆς
400 3933 497 4004 παιδός
520 3954 568 3992 σου
589 3935 620 3992 τό
646 3936 790 4014 πρόσωπόν
814 3955 869 4016 σου,
899 3933 976 3992 ἀλλὰ
999 3932 1037 4013 τῷ
1066 3929 1148 4010 δεξιῷ
1170 3937 1220 4007 της
1248 3932 1339 4010 ἀρχῆς
1364 3932 1480 4009 πρόσθες
1501 3925 1541 3988 καὶ

250 4055 279 4113 τ“ο
302 4057 349 4113 τού
370 4056 488 4134 πέρατος
510 4054 608 4134 αίσιον,
630 4055 679 4127 τίς
701 4058 759 4126 τοῖς
781 4059 828 4115 τού
850 4055 983 4134 παναγίου
1008 4055 1276 4134 περιηργυρουμένας
1297 4052 1449 4134 χαρίσμασι
1464 4049 1540 4110 πνεύ-

251 4197 337 4251 ματος
352 4176 399 4236 καί
415 4177 492 4252 αύτη,
517 4173 588 4236 κατά
604 4179 648 4236 τόν
665 4179 797 4256 Μωύσέα,
822 4177 918 4256 διεῖσα,
941 4180 1142 4254 παναμιύμητε,
1164 4177 1311 4254 πτέρυγας,
1331 4172 1379 4232 καί
1393 4175 1441 4247 τὴν
1455 4173 1540 4243 καλὴν

250 4297 347 4372 ταύτην
370 4299 491 4378 μάνδραν
515 4299 584 4358 ούτω
605 4301 846 4380 περιθριγκύισασα
869 4297 916 4358 καί
937 4298 977 4377 τῷ
998 4299 1126 4378 περιϊόντι
1148 4295 1195 4356 καί
1209 4296 1268 4355 τίνα
1284 4295 1413 4354 καταπίοι
1429 4297 1540 4370 ζητοῦντι

250 4417 296 4478 καὶ
320 4421 381 4492 τούς
405 4419 492 4500 ἱερούς
514 4420 678 4501 περιβόλους
701 4421 750 4480 ύπό
773 4419 848 4499 λιμῷ
870 4441 899 4479 τε
922 4419 969 4479 καὶ
993 4417 1273 4498 δόλῳ.περιοδεύοντι
1287 4417 1390 4498 λέοντι,
1413 4418 1462 4491 τὴν
1478 4415 1540 4474 ἀνα-

249 4541 372 4599 τεθεῖσοιν
394 4543 491 4616 ταύτην
515 4541 622 4619 ἀγέλην
644 4548 677 4622 τῇ
700 4547 745 4623 σή,
768 4543 886 4621 παρθένε
902 4540 949 4601 καὶ
965 4545 1062 4620 μῆτερ,
1087 4541 1282 4617 μεγαλειότητι
1297 4543 1462 4618 συντηρούοα
1477 4537 1539 4596 καθ-

251 4657 325 4733 άπαξ
353 4661 592 4742 ἀνεπιβούλευτον,
622 4659 669 4720 καὶ
691 4663 721 4720 τό
745 4663 815 4736 θῆλυ
841 4664 908 4739 πρός
936 4662 1035 4740 ἀρετὴν
1062 4661 1266 4742 ἀρρενούοατῄ
1297 4657 1472 4738 ἀδελφότητι,
1501 4655 1540 4716 καί
