3246 5288
248 341 313 404 414

247 535 381 616 ἐργαλεῖα
403 533 450 594 καί
472 533 506 594 τά
527 533 610 594 ύλικά
632 555 699 614 φημι
730 535 846 612 ἅπαντα,
876 535 907 593 τό
930 533 1035 594 δίκαιον
1065 532 1089 592 δ’
1103 532 1190 594 αύτών
1200 535 1222 610 ¹)
1253 535 1401 614 σιτηρέσιον
1422 531 1536 593 καὶτῶν

244 656 451 734 γεηπονούντων
474 655 602 736 ἀδελφῶν
626 656 770 730 δοθήσεται
791 653 926 738 τούτοιςέ)
951 655 1026 735 παρὰ
1047 659 1094 716 τοῦ
1116 653 1270 733 οἰκονόμου,
1295 655 1374 715 ἀλλά
1389 653 1482 714 δεῖκαὶ
1495 653 1538 726 εἰς

248 781 346 859 ἐτέρας
370 777 477 848 δικαίας
499 776 546 838 καί
569 777 702 857 εύλόγους
725 773 836 849 ἐξόδους
860 773 1002 838 ἐπιδώσειν
1018 775 1141 858 αθτοῖςύ)
1157 777 1190 836 τά
1204 780 1398 859 χρειαζόμενα,
1419 777 1476 852 δςύ)
1489 775 1538 835 καὶ

246 905 337 982 γραφῇ
369 903 550 976 σημειώσεται
580 904 663 960 ταῦτα
689 898 736 960 καί
765 900 793 959 ἐν
823 899 911 980 καιρῷ
937 899 976 980 τῷ
1004 903 1167 981 προσήκοντι
1198 900 1324 961 ἐπιδώσει
1349 899 1466 980 καθαράν
1489 899 1539 972 τήν
1603 875 1604 936 ἰ

246 1025 348 1083 τούτων
370 1022 545 1097 καταβολήν·
574 1024 604 1081 οίι
626 1022 680 1104 γάρ
703 1022 832 1098 βούλεται
854 1022 916 1093 τοὺς
939 1021 1101 1097 διακονητάς
1124 1020 1297 1096 ἐξετάζεσθαι
1319 1020 1367 1082 καί
1391 1022 1538 1102 ἐρευνᾶσθαι

247 1144 290 1204 ἐπί
313 1150 346 1226 τῇ
368 1144 514 1226 καταβολῇ
536 1148 582 1204 τοῖν
604 1144 733 1221 τυχόντος
755 1147 927 1224 πράγματος,
959 1142 982 1203 εἰ
1006 1145 1044 1219 μὴ
1069 1144 1183 1204 ἐνώπιον
1205 1149 1252 1204 τοῦ
1273 1150 1451 1223 προεστῶτος,
1472 1143 1539 1202 ἀλλ’

246 1266 310 1326 ούδέ
333 1265 358 1325 οῖ
379 1267 508 1341 ποιμένες
537 1263 763 1341 ἐξετασθήσονται
788 1265 863 1345 παρά
891 1265 973 1341 μόνου
995 1269 1041 1325 τσῦ
1069 1263 1213 1342 οἰκονόμου
1235 1263 1282 1325 καί
1304 1272 1351 1325 τοῦ
1373 1266 1537 1345 ἀγελάρχσυ,

247 1383 325 1447 ἀλλά
344 1385 390 1446 καὶ
414 1385 488 1446 αύτοί
512 1387 628 1466 ἔσονται,
651 1388 744 1460 καθὼς
767 1387 895 1469 ἀνωτέρω
918 1387 1084 1462 δεδήλωται.

352 1507 396 1569 ιδ’.
421 1509 490 1568 Δέον
507 1509 546 1568 έτι
561 1507 607 1568 καί
625 1507 701 1590 ἐντῇ
725 1515 794 1592 μονῇ
818 1511 910 1590 ἕτερον
927 1504 995 1568 εἰναι
1011 1506 1155 1585 οἰκονόμον
1178 1509 1250 1570 κατά
1271 1512 1360 1570 πάντα
1379 1511 1424 1568 τὀν
1444 1509 1539 1589 τρόπον
1604 1569 1605 1594 ,

247 1629 401 1708 ἐφάμιλλον
430 1635 464 1712 τῇ
494 1630 577 1712 ἀρετῇ
608 1630 647 1709 τῷ
675 1631 774 1712 πρώτῳ
805 1629 940 1711 οἰκονόμῳ
971 1629 1011 1704 εἰς
1043 1630 1183 1708 ἐπίσκεψιν
1212 1629 1261 1690 καί
1287 1631 1388 1710 ἀκριβῆ
1410 1631 1538 1708 διέγερσιν

245 1750 353 1812 πάντων
375 1757 429 1811 τῶν
453 1752 629 1827 διακονητῶν,
656 1752 733 1813 ἀλλά
756 1753 799 1813 δεῖ
820 1752 867 1813 καί
888 1754 937 1827 τὴν
961 1753 1123 1828 ἐπιμέλειαν
1146 1754 1221 1832 ἐχειν
1243 1755 1352 1813 πάντων
1374 1757 1427 1812 τῶν
1446 1773 1537 1832 ,ταρσ-
1604 1739 1605 1746 ¹

247 1873 409 1949 βαλλόντων
439 1873 525 1947 ξένων
554 1873 601 1935 καί
631 1871 759 1954 ἀδελφῶν
787 1875 835 1935 καὶ
865 1882 919 1934 τῶν
949 1876 1072 1936 ἀσθενῶν
1106 1875 1308 1954 ἐπιμελεῖσθαι,
1343 1877 1383 1945 ώς
1416 1873 1539 1950 ἀνωτέρω

249 1995 417 2074 δεδήλωται,
448 1995 495 2056 καί
517 1997 552 2057 τά
574 1995 739 2073 δθενδήποτε
770 1997 974 2073 είσσδιαζόμενα
997 2003 1030 2079 τῇ
1054 1999 1134 2057 αδτού
1156 1994 1257 2072 εἰδήοει
1285 1993 1473 2078 ἀνακρίνεσθαι
1492 1995 1539 2054 καῖ
1604 2023 1605 2030 1

247 2115 419 2191 ἐξετάζεσθαι
434 2117 481 2178 καί
496 2117 677 2200 παραδιδόναι
700 2116 739 2178 ἑνί
761 2119 868 2199 ἑκάστῳ
889 2123 944 2178 τῶν
967 2118 1135 2195 διακονητῶν
1157 2119 1191 2178 τά
1212 2119 1280 2198 πρός
1301 2120 1350 2193 τὴν
1372 2119 1466 2200 χρείαν
1486 2125 1537 2192 τῆς

246 2239 441 2318 ἀδελφότητος,
471 2242 510 2310 ώς
538 2261 590 2300 που
616 2239 693 2320 φησίν
716 2241 732 2298 ό
753 2239 923 2320 συγγραφεύς
949 2245 1003 2299 τῶν
1026 2237 1162 2320 πράξεων,
1192 2241 1233 2299 ότι
1257 2239 1413 2319 ,ἀνεδίδοτο
1435 2241 1537 2317 ἑκάστῳ

245 2360 292 2420 καί
322 2361 383 2420 καθ’
401 2363 440 2421 ότι
471 2361 504 2420 ἀν
533 2383 573 2433 τις
602 2361 698 2442 χρείαν
729 2356 837 2440 εἶχενίί,
868 2357 946 2422 ἀλλά
974 2359 1022 2420 καί
1048 2366 1094 2422 τού
1123 2367 1294 2442 προεστῶτος
1317 2362 1432 2432 ἀπόντος
1452 2365 1470 2435 ἢ
1491 2361 1536 2419 καί

248 2481 333 2564 [ἐν]·”)
360 2489 393 2564 τῇ
420 2483 513 2565 κε’λλη
540 2483 733 2562 ἡσυχάζοντος,
763 2480 873 2565 αύτδςύ)
901 2481 1057 2565 καταρτίσει
1083 2487 1171 2543 πᾶσαν
1193 2465 1243 2560 τὴν
1269 2480 1452 2562 ἀδελφότητα,
1478 2483 1538 2552 τούς

246 2604 355 2684 νσθροθς
384 2603 412 2664 ἐν
439 2607 499 2677 ταῖς
525 2609 579 2664 τῶν
605 2606 775 2684 ψαλμῳδιῶν
804 2604 843 2678 εἰς
869 2608 915 2666 τόν
942 2607 1007 2666 ναόν
1030 2605 1206 2686 εἰσελεύσεσι,
1233 2601 1295 2678 τούξ
1318 2602 1537 2686 ἀργδλογούντσις
1605 2662 1606 2670 ,

245 2729 263 2800 ἢ
295 2725 445 2806 ἀργοῦντας
474 2726 518 2802 ἥθ’
535 2727 627 2806 ἕτερόν
649 2747 674 2786 τι
702 2731 844 2800 ποιοῦντας
873 2726 994 2808 ἀπρεπές
1022 2725 1069 2786 καί
1100 2727 1227 2802 ἀνόνητον
1258 2727 1416 2806 ἀδελφικῶς
1443 2725 1537 2788 καὶέν

247 2847 342 2930 ἀγάπῃ
364 2850 521 2928 παραινέσει
543 2847 589 2907 καί
613 2847 789 2928 διορθώσεται
812 2844 912 2910 πείθων
935 2849 1040 2928 αύτούς,
1065 2849 1094 2908 έν
1116 2853 1175 2921 ταῖς
1195 2851 1281 2909 αύτῶν
1297 2847 1409 2908 εἰσιέναι
1422 2849 1537 2918 κέλλαις

247 2967 294 3028 καί
323 2973 356 3050 τῇ
388 2971 456 3051 εύχῇ
486 2971 667 3050 προσανέχειν
696 2967 744 3030 καί
773 2968 812 3049 τῷ
843 2971 1005 3051 ἐργσχείρῳ,
1036 2970 1104 3050 πρός
1133 2971 1236 3043 τούτοις
1266 2970 1338 3047 μηδὲ
1360 2973 1429 3051 πρός
1450 2971 1537 3052 ύβρεις

247 3089 385 3166 ἀλλήλων
414 3093 516 3172 χωρεῖν
538 3095 557 3166 ἦ
580 3091 826 3168 διαπληκτισμούς·
858 3093 873 3152 ό
902 3092 956 3174 γάρ
985 3099 1070 3153 ποιῶν
1096 3096 1173 3152 τούτο
1196 3087 1337 3172 ἀφορισμῳ
1359 3093 1537 3161 ύποπεσεῖτσιι,

247 3213 286 3286 μὴ
321 3219 460 3288 μετανοῶν
494 3213 526 3272 δέ
559 3212 606 3273 καί
635 3215 684 3289 τἠν
715 3216 886 3294 συγχώρησιν
918 3212 1110 3290 ἐξαιτούμενος
1141 3213 1170 3273 ἐν
1202 3215 1414 3298 συντετριμμένῃ
1444 3213 1536 3296 καρδίᾳ

248 3333 452 3414 αύστηροτέρως
476 3335 698 3412 ἐπιτιμηθήσεται
721 3333 761 3407 εἰς
775 3337 805 3395 τό
829 3335 997 3411 μεταμαθεῖν
1018 3337 1063 3396 τό·
1088 3335 1262 3415 ,,εύλόγηοον
1284 3333 1332 3394 καί
1354 3339 1541 3427 συγχώρησον,Ι

247 3455 382 3534 ἀδελφέ).
421 3455 469 3516 καί
491 3456 517 3516 οί
539 3457 695 3532 ἐπικτήσεις
717 3457 749 3517 δέ
771 3477 846 3529 τινας
869 3459 1004 3533 κτώμενοι
1026 3457 1118 3540 λάθρᾳ
1139 3461 1186 3516 τού
1207 3455 1378 3536 προεστῶτος
1400 3458 1475 3538 παρὰ
1494 3460 1536 3517 τόν

246 3578 349 3636 κανόνα
370 3582 416 3638 τοῦ
440 3577 617 3658 μσναστηρίσυ
640 3579 720 3659 ἀχρις
742 3578 844 3654 όβολού
866 3581 884 3654 ἣ
907 3579 1016 3660 ὀπώρας
1039 3578 1078 3657 τῷ
1101 3578 1224 3658 ἐπιτιμίῳ
1247 3580 1447 3640 ὑπσπεσοῦνται.
1478 3579 1535 3638 όδέ

247 3699 437 3778 νοοφιζόμενος
466 3699 519 3759 ἀπδ
549 3703 599 3775 τῆς
629 3705 715 3776 μονῆς
745 3698 1001 3778 ἐξομολογούμενος
1030 3699 1077 3760 καί
1107 3700 1299 3781 διορθούμενος
1330 3699 1361 3774 ἐξ
1388 3701 1534 3780 ἀπαντοςί)

247 3820 472 3899 ἐκδιωχθήσετσιι.
505 3819 612 3894 οἰκέτας
631 3821 693 3893 τούς
716 3819 929 3894 ἐκδουλεύοντας
951 3822 1000 3882 ούκ
1024 3818 1126 3894 ἔξεστιν
1149 3823 1214 3898 ἡμῖν
1239 3823 1322 3903 ἐχειν,
1345 3821 1414 3882 ἀλλ’
1427 3823 1536 3892 ἕκαστος

248 3939 335 4020 ἑαυτῷ
358 3941 508 4021 δουλεύσει,
532 3943 547 4002 ό
569 3944 631 4014 νέος
653 3940 692 4021 τῷ
713 3942 896 4023 προβεβηκότι
918 3941 965 4002 καί
987 3941 1026 4022 τῷ
1049 3942 1235 4023 ἀσθενεστέρῳ
1257 3943 1273 4002 θ
1297 3941 1480 4024 ἰσχυρότερος,
1502 3943 1535 4012 ώς

247 4065 280 4121 ἀν
302 4063 317 4120 ό
340 4063 479 4144 προεστώς
506 4061 689 4146 ἐπιτρέψῃ·θ)
718 4064 787 4123 σύτω
809 4064 863 4144 γάρ
886 4065 903 4138 ἡ
928 4063 1072 4139 δεσποτικὴ
1101 4063 1201 4139 ἐντολὴ
1223 4064 1437 4144 πληρωθήσεται
1459 4062 1536 4125 καίό

245 4189 295 4261 τῆς
324 4184 435 4262 ἀγάπης
458 4186 559 4261 θεσμός
582 4185 783 4266 ἀπαρατρώτως
805 4185 995 4264 τηρηθήσεται.
1041 4183 1087 4244 καί
1109 4188 1194 4246 ταῦτα
1217 4186 1268 4262 μὲν
1289 4189 1378 4246 πάντα
1399 4189 1535 4261 ποιήσεται

246 4305 437 4386 όπρορρηθείς
457 4303 601 4382 οἰκονόμος
623 4306 694 4366 κατά
715 4307 761 4366 τδν
784 4307 895 4388 ὁρισμόν
916 4309 963 4366 τού
985 4311 1155 4388 προεστῶτος
1177 4307 1224 4366 καί
1248 4307 1278 4367 ού
1300 4308 1371 4367 κατὰ
1394 4308 1451 4388 ἔριν
1472 4309 1534 4377 τινά,

352 4591 371 4656 ¹)
399 4587 472 4640 αὑτοῦ
501 4589 532 4641 E.
604 4591 626 4656 ²)
653 4589 733 4660 τούτῳ
759 4591 791 4641 E.
861 4591 883 4658 ³)
910 4587 977 4660 αύτῷ
1004 4591 1034 4640 Ε.
1106 4591 1127 4656 ⁴)
1156 4587 1171 4640 ἀ
1198 4591 1229 4642 E.
1301 4592 1321 4656 ι)
1345 4593 1534 4658 Βορμίενίιιιιιι.

246 4683 267 4750 ⁶)
288 4682 327 4734 καί
346 4681 416 4744 αὐτός
435 4685 465 4735 Ε.
538 4685 557 4750 7)
577 4683 712 4744 ἐξάπαντως
730 4685 761 4735 Ε.
832 4685 854 4749 ⁸)
873 4683 991 4754 ἐπιτρέψει
1009 4687 1040 4735 Ε.
