3222 5284
1294 371 1358 436 305

52 559 173 622 ἐνοικίου
197 565 277 622 αὺτοῦ
306 563 461 639 λαμβάνειν
492 563 645 640 νομίσματα
670 564 717 644 ιη’,
749 565 788 637 ὡς
810 571 864 624 τῶν
895 567 993 644 ἐτέρων
1018 564 1053 639 ιη’
1078 565 1241 644 ὀφειλόντων
1264 586 1353 625 κατα-

52 685 200 744 κενοῦσθαι
222 691 276 744 τῶν
299 686 351 759 μὲν
374 686 446 744 όκτῶ
469 683 509 758 είς
532 685 616 766 ῥόγαν
638 692 692 744 τῶν
715 685 857 765 κληρικῶν
879 689 925 746 τοῦ
949 684 1027 763 ἁγίου
1045 683 1182 764 Γεωργίου
1197 688 1244 746 τοῦ
1259 687 1358 746 Κυπα-

52 802 155 880 ρισσίου
180 805 245 884 όπέρ
267 810 313 864 τοῦ
336 805 508 885 διαφέροντος
530 807 596 882 ἡμῖν
618 809 712 886 τάφου,
737 807 765 864 όν
781 806 829 865 καί
845 807 924 866 αθτδν
940 804 979 878 είς
993 808 1185 886 κληρονόμους
1202 827 1254 883 μου
1268 829 1359 868 κατα-

52 925 196 1004 λιμπάνω,
218 933 273 986 τῶν
296 926 328 986 δέ
351 925 419 986 δέκα
443 925 640 1000 ἐξαναλοόοθαι
665 925 704 998 είς
726 927 760 986 τά
783 930 941 1003 μνημόσυνα
966 927 1031 1002 ἐμοῦ
1052 949 1083 987 τε
1105 927 1152 988 καί
1174 935 1227 988 τῶν
1243 928 1290 988 δθο
1306 950 1358 1004 μου

53 1048 197 1126 σονεόνων,
220 1054 270 1123 τής
291 1069 322 1107 τε
344 1055 426 1126 κυρᾶς
442 1048 542 1128 Σοφίας
556 1048 603 1108 καὶ
618 1055 668 1124 τῆς
683 1055 767 1128 κυρᾶς
783 1046 911 1128 Εἰρήνης,
934 1047 981 1108 καί
995 1055 1049 1108 τῶν
1062 1051 1167 1127 γονέων
1183 1071 1244 1130 μου,
1269 1049 1356 1130 Εἰρη-

53 1173 129 1228 νικοῶ
153 1169 200 1229 καί
215 1169 326 1244 Καλῆς.
356 1171 408 1228 όσα
430 1168 460 1228 δὲ
483 1169 597 1243 ἀκίνητα
620 1167 781 1246 καταλείψω
804 1168 842 1247 τῷ
865 1168 914 1247 υἱῷ
937 1191 999 1246 μου,
1021 1169 1060 1248 τῷ
1084 1174 1263 1252 μυστογράφῳ
1283 1169 1357 1252 κυρῷ

55 1288 207 1371 Θεοδώρῳ,
230 1291 383 1370 όφειλουσιν
406 1287 475 1351 εἶναι
498 1290 664 1368 ἀνεκποίητα
688 1290 727 1363 είς
749 1292 848 1368 γενεὰν
871 1293 935 1371 παρ’
949 1290 1021 1371 αὐτῷ
1042 1313 1074 1352 τε
1088 1291 1134 1352 καί
1149 1289 1207 1366 τοϊς
1222 1299 1358 1356 κατιοῦσιν

56 1411 139 1472 αὺτοῦ
161 1411 207 1472 καί
227 1411 349 1488 καθεξῆς
371 1412 411 1484 είς
433 1414 494 1483 τοὺς
518 1415 578 1488 μετ’
592 1413 685 1484 αδτοθς
707 1411 755 1472 καί
778 1411 818 1484 εἰς
839 1413 901 1484 τοὺς
924 1414 984 1486 μετ’
998 1413 1128 1491 ἐκείνους,
1152 1417 1206 1486 ἕως
1221 1408 1252 1474 οὗ
1267 1415 1357 1490 δηλο-

56 1534 113 1591 νότι
142 1535 289 1594 συνίσταται
311 1533 358 1594 καί
381 1535 487 1614 διαρκεῖ
508 1537 526 1609 ή
548 1535 634 1613 γενεὰ
655 1535 744 1614 ήμῶν,
775 1533 822 1594 καί
844 1535 1028 1614 προέρχεσθαι
1050 1533 1074 1593 εί
1096 1535 1145 1607 τὰς
1167 1537 1267 1596 τοίντων
1290 1557 1357 1614 σογ-

57 1655 172 1728 γενικὰς
200 1655 331 1734 διαδοχάς
362 1655 521 1734 ἀκωλύτως,
553 1653 599 1716 καί
631 1654 829 1725 είσοδιάζεσθαι
852 1655 942 1725 αὺτοῖς
966 1652 1114 1736 ἐξαιρέτως
1136 1656 1185 1728 τάς
1207 1656 1358 1736 προσόδους

59 1777 159 1853 αὐτῶν,
182 1775 365 1836 ἐπαπολαθειν
387 1775 418 1836 δὲ
434 1775 481 1836 καί
496 1781 545 1852 τῆς
563 1777 596 1836 ἐκ
609 1779 656 1836 τοῦ
673 1775 815 1848 βασιλικοῦ
829 1776 1038 1856 χρυσοβοθλλου
1054 1774 1236 1858 ἐξκουσσείας,
1262 1776 1358 1852 ἐπειδὴ

60 1897 160 1970 νοινιῖνς
181 1897 219 1970 είς
240 1902 329 1958 πάντα
351 1899 384 1958 τά
406 1902 534 1975 κτήματά
558 1921 609 1976 μου
624 1901 751 1978 γέγονεν,
775 1900 841 1960 ὅπου
857 1896 979 1976 ἀνῶσιν,
1003 1897 1059 1958 εἴτε
1075 1896 1115 1970 είς
1131 1898 1241 1976 είναγεϊς
1257 1897 1357 1978 οἴκους,

63 2017 117 2078 είτε
141 2018 179 2090 εἰς
201 2019 322 2080 ίδιωτικά
344 2021 484 2100 πρόσωπα,
509 2026 630 2102 μερικῶς
649 2024 667 2094 ή
683 2021 813 2100 καθόλου,
835 2021 1090 2098 ήμεμερισμένως,
1113 2023 1165 2078 κάν
1181 2017 1220 2090 είς
1237 2019 1357 2079 ἐπίδοσιν

63 2139 109 2198 καί
140 2139 246 2215 αὔξησιν
277 2145 456 2222 προχωροῑεν.
505 2141 552 2200 ἐάν
576 2139 606 2200 δὲ
639 2141 768 2224 ἐπιλείψη
795 2143 813 2215 ἡ
838 2141 870 2200 ἐκ
892 2145 938 2200 τοῦ
966 2143 1064 2218 γένους
1094 2140 1221 2218 διαδοχή,
1251 2140 1296 2200 ίνα
1318 2141 1357 2214 μή

64 2263 245 2340 μετέρχονται
276 2260 317 2334 είς
347 2262 494 2342 ἀλλότριον
524 2261 572 2323 καί
603 2261 732 2334 ἐξωτικδν
762 2263 918 2342 πρόσωπον,
949 2259 1016 2320 ἀλλ’
1030 2261 1236 2340 ἐπανέρχονται
1266 2258 1305 2332 είς
1326 2261 1358 2320 τδ

63 2386 276 2462 πτωχοτρορεῖόν
304 2405 356 2458 μου
378 2381 425 2444 καὶ
447 2385 477 2442 τό
508 2385 697 2462 ρονοοτήριον,
730 2380 876 2462 ἐξαιρέτως
907 2384 922 2441 ό
944 2383 1041 2462 μικρός
1065 2377 1149 2461 οίκος,
1180 2383 1210 2440 όν
1233 2381 1287 2441 ἀπό
1308 2387 1359 2458 τής

64 2503 335 2584 πρωτοστοθαρίσσης
365 2508 449 2582 κυρᾱς
472 2503 642 2582 Εὔφροσίινης
671 2500 865 2581 ἐξωνησάμην·
897 2505 947 2562 ίνπό
978 2504 1080 2582 αἵρεσιν
1103 2503 1156 2582 γὰρ
1185 2499 1359 2574 παιδοποιίας

65 2624 97 2682 τὰ
119 2630 222 2685 τοιαίποι
243 2628 300 2697 τοῖς
321 2625 506 2704 κληρονόμοις
528 2645 581 2697 μου
604 2621 644 2696 εἰς
667 2625 816 2704 ἀπέραντον
838 2625 1111 2704 κατακεκλήρωνται,
1141 2622 1188 2682 καὶ
1212 2623 1257 2683 διὰ
1279 2627 1357 2684 τοῦτο

66 2745 125 2804 οόδέ
147 2746 313 2822 θηροσιακόν
336 2746 448 2824 ὄφλημα
471 2748 567 2826 χώραν
591 2743 647 2818 ἕξει
669 2744 729 2804 κατ’
742 2747 829 2804 αθτῶν
853 2747 891 2817 ῶς
913 2745 1180 2824 προδεδεσμημένων
1200 2744 1358 2826 τῇτοιαότη

67 2865 176 2945 αἰρέσει·
210 2867 233 2928 εἰ
257 2867 289 2928 δέ
312 2866 350 2940 εἰς
372 2871 473 2948 προῖκα
494 2871 512 2942 θ,
534 2868 678 2946 προγοίμου
701 2865 816 2946 δωρεάν,-
840 2866 895 2925 είτε
917 2867 932 2925 ό
954 2865 1011 2938 υίός
1034 2887 1085 2941 μου
1109 2867 1189 2934 ἀπαις
1211 2864 1358 2940 τελευτῶν,

68 2986 118 3046 εἴτε
139 2988 163 3048 οἱ
185 2987 215 3062 ἐξ
239 2991 319 3048 αὐτοῦ
340 2993 480 3061 κατιόντες
501 2987 548 3047 καί
571 2987 595 3048 οἱ
619 2983 718 3066 ἐφεξῆς
742 2987 835 3047 διόλου
858 2987 1021 3092 ἐναχθῶσιν,
1054 2987 1099 3046 ἵνα
1121 2988 1275 3046 ὑπόκεινται
1299 2985 1358 3046 ἀντὶ

67 3111 151 3182 μόνων
175 3112 275 3189 λιτρῶν
297 3111 592 3190 τεσσαρακονταπέντε,
622 3107 668 3170 καὶ
690 3109 863 3188 παρέχωντάι
887 3110 916 3168 τό
939 3110 1058 3168 τοιοῦτον
1080 3107 1191 3188 χρυσίον
1213 3106 1287 3187 παρὰ
1311 3110 1358 3166 τοθ

66 3233 276 3312 ττωχοτροφείου
309 3253 361 3307 μου
390 3229 437 3291 καί
466 3235 512 3290 τοῦ
542 3229 730 3310 μοναστηρίου,
761 3229 808 3290 καί
839 3227 1089 3304 ἀναλαμβάνωνται
1117 3232 1202 3288 ταῦτα
1231 3226 1278 3287 καὶ
1309 3224 1359 3288 ὦσι
1416 3225 1421 3234 ’

66 3355 306 3434 προσκεκυρωμένα
334 3354 438 3424 τούτοις
470 3353 713 3432 παρωμοιωμένως
743 3350 790 3410 καὶ
821 3353 1006 3431 ὁμοιοτρόπως
1035 3353 1091 3421 τοῖς
1120 3349 1358 3429 προαφιερωθεῑσιν

69 3474 196 3549 ἀκινήτοις
223 3475 340 3555 ἑτέροις·
373 3471 396 3532 εἰ
420 3473 451 3532 δὲ
475 3474 619 3534 διάθωνται
642 3471 685 3532 ἐπὶ
708 3474 764 3544 τοῖς
790 3473 1087 3552 καταλειφθησομένοις
1110 3470 1200 3542 αὺτοῖς
1223 3469 1359 3544 ἀκινήτοις

70 3593 105 3666 είς
126 3597 218 3678 ἑτέρας
240 3595 328 3669 αίτίας
349 3597 458 3673 λεγοίτα
479 3597 560 3673 τυχόν
583 3599 601 3670 ή
624 3594 726 3672 ψυχικά
745 3597 763 3668 ἢ
779 3595 920 3673 πρεσβεῖα,
943 3594 988 3653 ίνα
1002 3593 1121 3675 νρατῇή
1139 3591 1255 3667 διαθήκη
1272 3591 1359 3650 αθτῶν

71 3715 109 3776 ἐπὶ
137 3720 229 3793 μόναις
258 3720 401 3797 τριάκοντα
430 3715 545 3796 λίτραις.
591 3714 616 3775 εί
639 3715 670 3775 δὲ
694 3714 734 3787 είς
764 3715 906 3796 διαφόρους
935 3716 1127 3795 κληρονόμους
1158 3713 1303 3793 μερισθῶοι
1325 3713 1360 3771 τόι

70 3842 195 3920 κτήματα,
218 3840 262 3900 ίνα
284 3839 357 3900 κατὰ
378 3839 530 3914 ἀναλογίαν
552 3836 599 3897 καὶ
621 3839 639 3912 ή
662 3837 716 3896 ἀπό
739 3841 792 3896 τῶν
815 3837 923 3916 εὒαγῶν
949 3830 1055 3920 [οἴκων]
1068 3833 1088 3916 1)
1112 3835 1264 3912 ἐπιγένηται
1286 3833 1359 3904 δόσις

70 3958 111 4018 καὶ
132 3961 313 4042 ἐπαιέρχητοιι
335 3961 419 4021 πολιν
441 3962 459 4035 ἡ
483 3965 575 4034 κτῆσις
599 3956 638 4030 είς
661 3959 764 4030 αὐτούς.
801 3960 879 4033 ὅμως
902 3959 1008 4018 ἔσονται
1030 3955 1064 4016 τά
1088 3956 1130 4015 ἐπ’
1144 3957 1243 4035 αὺτοῖς,
1266 3954 1360 4026 καθὼς

72 4083 99 4138 ἀν
118 4088 149 4164 τῇ
170 4079 317 4165 τελευταίᾳ
339 4083 470 4157 βουλήσει
494 4101 545 4156 μου
568 4081 712 4154 διοίθωμαι.
749 4079 784 4138 τὰ
808 4078 840 4138 δὲ
862 4078 946 4138 λοιπὰ
968 4078 1096 4153 κτήματά
1119 4097 1170 4152 μου
1193 4077 1240 4134 τοῦ
1261 4076 1359 4134 Μεσο-

72 4205 174 4284 κωμίου,
208 4206 288 4277 ἐκτός
309 4208 355 4264 τοῦ
378 4203 492 4284 Σκρίβνι,
524 4204 562 4274 ῶς
586 4203 618 4260 ἂν
649 4200 815 4280 περιέλθωσι
836 4197 876 4277 τῷ
898 4219 928 4258 τε
951 4197 999 4277 υίῳ
1023 4218 1075 4273 μου
1096 4195 1143 4256 καί
1165 4198 1222 4268 τοῖς
1251 4194 1360 4275 κληρο-

72 4325 155 4397 νόμος
177 4327 257 4386 αότοῶ
283 4324 331 4386 καὶ
361 4326 468 4396 λοιποῖς
496 4322 644 4400 διαδόχοις,
675 4319 731 4380 είτε
755 4320 900 4400 ἐγγράφως
929 4323 947 4394 ἢ
972 4316 1002 4392 ἐξ
1025 4319 1176 4398 ἀδιοθέτου,
1207 4317 1251 4376 ἵνα
1275 4317 1360 4394 έχωσι

73 4445 172 4506 τελείαν
201 4445 325 4520 ἐξουσίαν
353 4443 395 4506 ἐπ’
409 4447 508 4524 αὐτοῖς,
539 4445 578 4516 ὡς
609 4443 755 4516 βούλονται
782 4443 797 4501 ό
824 4461 855 4501 τε
882 4443 897 4502 ό
920 4440 975 4510 υίός
998 4461 1049 4516 μου
1071 4439 1118 4500 καὶ
1141 4437 1165 4499 οἱ
1191 4439 1360 4516 κληρονόμοι

169 4707 187 4769 ¹)
206 4704 402 4772 Supplevimus.
