3208 5310
211 361 253 425 38

211 555 250 630 είς
278 558 326 632 ιην
354 557 434 636 ἀγίαν
462 554 601 637 Κυριαυιὴν
629 553 669 628 εἰς
695 556 744 630 τὴν
771 548 930 616 τοποθεσίον
956 557 1003 615 τοῦ
1026 553 1204 626 Κσυνουνέως
1231 553 1326 629 μοδίου
1342 553 1380 614 α’.
1417 557 1510 636 έτερον

208 679 240 739 τδ
262 679 316 739 ἀπὸ
331 677 515 755 θαλασσηνοῦ
537 681 583 737 τοῦ
599 677 763 753 Μσνσιιηθου
786 676 815 736 ἐν
836 681 870 758 τη
893 682 1010 758 περιοχῇ
1032 680 1079 738 τοῦ
1094 675 1236 757 Κυνιδρίσυ
1257 677 1289 737 τδ
1308 676 1510 755 ἐπιλεγόμενον

208 805 263 860 τῶν
286 800 400 880 ’ἀγρίων
430 801 477 860 τοῦ
498 797 661 878 Λαγνιαδίου
686 799 717 858 σδ
743 797 860 873 πλησίον
881 795 929 858 ιιαί
952 798 1083 876 οῦνεγγυς
1104 797 1243 878 χωραρίου
1269 801 1315 858 τοῦ
1343 793 1509 880 Κουλαίτου,

208 922 302 992 καθὼς
323 921 469 1002 περιορίζει
496 919 567 996 μετὰ
588 921 689 992 παντὸς
711 923 757 980 τοῦ
780 919 884 980 δικαίου
907 920 996 999 αυτοῦ,
1020 918 1083 980 ὅσον
1097 917 1144 980 ιιοὶ
1160 911 1216 980 οἷόν
1233 919 1311 980 ἐστιν.
1336 921 1429 1002 ἕτερον
1444 941 1509 999 χω-

209 1045 302 1124 ροίρισν
324 1044 355 1104 εδ
377 1041 431 1103 ἀπδ
447 1044 574 1102 Ἰωάννου
596 1046 642 1103 τοῦ
656 1035 813 1102 Κουλαίτου
835 1038 875 1113 είς
896 1041 945 1116 τὴν
968 1041 1128 1102 τοποθεσίαν
1149 1046 1196 1102 τοῦ
1211 1042 1353 1124 Κυνιδρίσυ
1372 1043 1404 1104 τδ
1418 1043 1509 1122 λεγέ-

209 1185 292 1242 μενον
317 1169 363 1226 τοῦ
391 1165 569 1240 Κλείσματος
595 1163 710 1240 πλησίον
738 1162 877 1246 χωραρίου
903 1163 1050 1224 Βασιλείσυ
1077 1163 1174 1245 ἱερέως
1200 1169 1247 1226 τοῦ
1274 1165 1511 1246 Δηματρὸπουλου

209 1285 304 1362 μοδίου
319 1285 371 1362 ς”.
397 1289 489 1367 ἕτερον
511 1288 542 1346 τδ
564 1285 618 1348 ἀπὸ
641 1284 826 1362 Θολοσσηνοῦ
848 1289 894 1346 τοῦ
916 1285 1082 1366 Μονονιυίίρᾶ
1104 1285 1177 1346 αατά
1198 1289 1252 1346 τῶν
1275 1285 1379 1361 βσυνιῦν
1400 1287 1432 1346 το
1455 1285 1510 1345 λε-

208 1409 326 1486 γόμενον
348 1412 402 1468 τῶν
418 1407 604 1486 Πηγαδανιίων
626 1407 743 1483 πλησίον
765 1404 814 1467 καί
828 1407 959 1487 σύνεγγυς
973 1407 1113 1488 χωραρίου
1126 1407 1261 1488 προέδρου
1276 1411 1323 1469 τοῦ
1338 1405 1511 1486 Ἀβσστάγου

210 1526 305 1606 μοδίου
328 1527 364 1604 β’.
389 1529 518 1600 ὡσαῦτως
540 1527 587 1589 ιιαὶ
610 1531 702 1609 ἕτερον
725 1531 864 1609 χωρέριον
885 1529 916 1587 τδ
939 1527 1055 1604 πλησίον
1077 1525 1124 1588 οιαὶ
1148 1528 1278 1608 σύνεγγυς
1299 1527 1440 1610 χωραρίου
1462 1535 1510 1590 τοῦ

209 1649 367 1730 Ἐρυθραίου
394 1647 441 1710 καὶ
466 1650 605 1731 χωραρίου
632 1652 784 1731 πεντάρχου
809 1653 856 1711 τοῦ
884 1650 1030 1731 Πραματᾶ,
1061 1652 1123 1710 ὅσον
1149 1648 1198 1710 καὶ
1224 1641 1280 1711 οἷόν
1303 1649 1384 1714 ἐστιν.
1416 1654 1510 1732 ἕτερον

208 1771 255 1832 ἀπ’
268 1771 349 1832 αῦτοῦ
375 1769 415 1845 είς
436 1771 482 1832 τὸν
505 1771 648 1852 δρθόλιῦσν
670 1773 701 1832 τδ
722 1769 838 1849 πλησίον
860 1775 908 1832 τοῦ
930 1771 1083 1852 Καλοβροῦ
1105 1771 1201 1848 μοδίου
1216 1771 1253 1834 α’.
1286 1774 1378 1854 ἕτερον
1400 1775 1431 1834 τδ
1456 1774 1510 1834 ἀπδ

207 1897 253 1953 τοῦ
275 1893 417 1954 Νικολάου
446 1897 493 1954 τοῦ
516 1893 660 1975 Κορωνέου
686 1894 717 1954 τδ
744 1889 873 1954 ἀπονιάτω
899 1898 951 1970 τῆς
977 1891 1081 1966 οἰκείας
1102 1893 1211 1969 Νικήτα
1238 1895 1284 1955 τοῦ
1306 1894 1456 1956 Βουπλανᾶ
1479 1899 1510 1958 εδ

207 2015 325 2092 πλησίον
351 2015 398 2076 ναὶ
424 2017 555 2094 σύνεγγυς
576 2015 715 2096 χωραρίου
737 2014 858 2094 Μιχαὴλ
880 2019 926 2075 τοῦ
949 2013 1045 2097 Φαγρὶ
1067 2013 1168 2091 μοδίων
1185 2015 1220 2092 β’.
1254 2019 1347 2098 ἕτερον
1368 2019 1510 2098 χωράρισν

207 2139 238 2197 τ“ο
260 2137 314 2197 ἀπο
330 2137 428 2198 Καλοῦ
449 2141 496 2198 τοῦ
512 2136 659 2217 Γρηγορίου
683 2135 712 2196 έν
733 2141 766 2219 τῇ
789 2143 905 2219 περιοχῇ
927 2141 981 2196 τῶν
996 2137 1111 2209 Βοσζιῦν
1132 2137 1163 2196 τδ
1186 2137 1341 2216 λεγόμενον
1364 2143 1410 2200 τοῦ
1426 2140 1508 2221 Φρέ-

208 2279 272 2330 ατος
293 2259 341 2318 τοῦ
364 2259 506 2348 Συναρινοῦ
526 2257 644 2336 πλησίον
665 2257 803 2340 χωραρίου
825 2262 872 2318 τοῦ
895 2248 1055 2320 Μανδανιίου
1078 2257 1173 2334 μοδίου
1189 2258 1226 2322 α’.
1254 2263 1346 2342 ἕτερον
1368 2264 1509 2342 γωροίριον

206 2381 237 2440 τδ
269 2379 322 2440 ἀπδ
347 2380 489 2441 Νιυολσὶσυ
516 2384 563 2442 τοῦ
592 2386 643 2457 τῆς
664 2381 810 2453 Μέλισσος
835 2381 866 2441 το
893 2381 1047 2458 λεγόμενον
1070 2387 1123 2441 τῶν
1146 2381 1315 2462 Ἁλμυρίδων
1336 2383 1368 2442 τ“ο
1390 2381 1510 2458 πλησίον

208 2500 256 2562 ααί
289 2503 421 2581 σύνεγγυς
453 2502 592 2584 χωραρίου
621 2508 671 2580 τῆς
693 2503 849 2582 ἁγιωτάτης
871 2503 1039 2579 Ἐπισνιοπῆς
1071 2501 1118 2563 καὶ
1147 2502 1263 2579 πλησίον
1292 2503 1431 2584 χωρορίου
1462 2509 1509 2566 ποῦ

208 2622 303 2706 Φογρὶ
331 2622 426 2702 μοδίου
443 2622 479 2685 α’.
512 2626 604 2705 ἕτερον
631 2625 661 2684 τὸ
687 2623 805 2702 πλησίον
830 2628 876 2685 τοῦ
903 2621 1046 2706 εἰρημένου
1068 2628 1133 2686 νοοῦ
1155 2624 1247 2703 λαχδς
1268 2625 1284 2684 δ
1307 2625 1509 2704 ἐπιλεγόμενος

205 2751 255 2822 τῆς
270 2744 387 2818 Ἐλαίας
410 2746 493 2826 μέχρι
515 2750 565 2822 της
587 2745 650 2806 ὁδοῦ
673 2745 776 2819 μοδίων
790 2745 829 2824 γ’.
853 2748 945 2827 ἕτερον
967 2747 998 2806 τίν
1019 2745 1074 2807 ἀπο
1096 2747 1142 2806 τδν
1157 2748 1358 2828 Δρογγοίραιιαν
1380 2747 1430 2824 τὴν
1447 2749 1507 2808 [10-

205 2868 287 2928 λέτσυ
303 2865 343 2950 (ί)
375 2865 492 2944 πλησίον
523 2865 571 2928 καί
601 2868 703 2928 ἀνωθεν
733 2868 825 2928 τούτου
855 2867 957 2945 μοδίων
973 2867 1000 2928 α’
1011 2867 1063 2944 ς”.
1100 2869 1202 2944 ὁμοίοις
1231 2867 1279 2929 καί
1309 2869 1344 2929 τὰ
1373 2871 1508 2953 περίγυρα
1602 2897 1603 2962 j

205 2995 254 3066 τῆς
281 2989 362 3068 ἁγίας
390 2994 476 3066 μονῆς
502 2989 556 3050 ἀπδ
581 2989 613 3050 τδ
639 2992 777 3072 χωράριον
799 2994 845 3051 τοῦ
869 2985 1000 3078 Anam]
1021 2987 1068 3050 καί
1091 2990 1232 3066 ἀναβαίνει
1253 2992 1272 3069 ἡ
1295 2991 1362 3073 συρά
1384 2992 1430 3052 συν
1452 2999 1507 3054 τῶν

205 3113 337 3192 ἁρμάτων
363 3109 410 3172 ναί
436 3106 585 3192 ἀπέρχεται
614 3111 667 3172 ἀπδ
686 3117 732 3173 τοῦ
757 3111 898 3192 χωραρίου
924 3116 970 3173 τοῦ
993 3113 1114 3188 Καλῦβα
1139 3111 1186 3173 οιαὶ
1213 3113 1378 3194 περιγυρίζει
1400 3115 1455 3176 ἀπο
1477 3118 1508 3176 τδ

203 3235 342 3315 χωράριον
368 3239 416 3311 τῆς
445 3234 612 3312 Ἐπισιιοπης
637 3233 684 3294 καὶ
711 3233 853 3309 ἀναβαίνει
880 3230 946 3321 [ἕως
973 3231 1013 3307 εἰς
1038 3235 1070 3294 τδ
1096 3236 1234 3315 χωροίριον
1261 3230 1319 3320 τοῦ]
1347 3235 1508 3314 Κιλαδηνοῦ
1601 3259 1602 3324 3

203 3354 250 3416 καὶ
278 3355 331 3416 ἀπδ
356 3355 388 3415 εδ
414 3353 519 3434 λαχίδη
545 3359 592 3416 τοῦ
614 3355 738 3437 Δρίγγου
764 3353 812 3416 ναί
834 3356 980 3437 ἀνέρχεται
1007 3355 1060 3416 ἀπδ
1081 3357 1112 3416 πδ
1136 3353 1293 3432 ἐξοίμπελον
1315 3361 1362 3417 τοῦ
1385 3358 1508 3432 Κολῦβα

202 3481 248 3537 τοῦ
272 3475 437 3559 Γυροβάλου,
467 3477 560 3549 καθὼς
586 3477 688 3558 γυρίζει
719 3476 758 3550 είς
784 3479 815 3538 τδ
842 3480 980 3558 χωροίριον
1006 3483 1056 3552 τῆς
1078 3478 1189 3556 Λεγέας
1217 3479 1270 3550 ἕως
1297 3483 1344 3538 τοῦ
1366 3481 1508 3561 χωραρίου

202 3602 249 3658 τοῦ
270 3597 378 3659 Χωίδιᾱ
405 3597 449 3658 σῦν
476 3597 524 3658 οιαὶ
551 3600 598 3659 τοῦ
625 3597 772 3678 χωραρίου,
804 3591 836 3658 οῦ
863 3599 966 3678 ἔχομεν
994 3594 1048 3658 ἀπὸ
1074 3597 1255 3677 ἀνταλλαγῆς
1283 3599 1336 3659 ἀπο
1358 3605 1405 3661 τοῦ
1428 3602 1508 3682 μισὲρ

206 3720 334 3800 Λεοῦνου,
357 3721 408 3780 ὅσα
430 3718 478 3780 ναί
500 3711 546 3781 σίά
568 3717 634 3780 εἰσιν
658 3715 819 3801 ἀπερίνιοπα.

306 3837 410 3922 Ἵάιερα
432 3839 474 3912 είς
495 3841 544 3918 την
567 3839 649 3917 αὐτὴν
672 3843 814 3922 περισχην,
838 3841 891 3902 ἀπὸ
913 3841 943 3900 τδ
965 3839 1098 3920 πρίλημα
1120 3841 1135 3900 δ
1156 3839 1258 3921 λαχδς,
1281 3844 1312 3902 δν
1329 3837 1407 3920 είχσν
1424 3844 1505 3904 αῦτδν

201 3966 219 4042 η
244 3964 311 4043 ἀγία
333 3963 405 4039 μονη
421 3963 476 4024 ἀπδ
499 3961 681 4042 ἀνταλλαγῆς
703 3967 748 4023 τοῦ
769 3963 902 4044 προέδρου
918 3961 1021 4037 μσδίων
1038 3959 1070 4023 δ’.
1098 3963 1190 4042 ἕτερον
1207 3967 1261 4022 τῶν
1279 3963 1411 4024 Παλαιιῦν
1428 3967 1506 4047 Πυρ-

202 4083 295 4158 βάλων
317 4087 347 4144 τδ
368 4084 485 4161 πλησίον
507 4089 553 4146 τοῦ
575 4083 743 4166 προεδράτσυ
765 4082 861 4159 μοδίου
876 4081 913 4144 α’.
946 4085 1026 4163 ἕτερα
1050 4081 1089 4155 εἰς
1111 4083 1157 4143 τδν
1181 4083 1259 4144 αῦτδν
1281 4087 1363 4145 τάνισν
1385 4087 1505 4164 πλησίον

201 4206 339 4287 χωρορίου
361 4209 408 4267 τοῦ
422 4206 530 4266 Κανάιιι
547 4205 649 4282 μοδίων
665 4204 717 4281 ς”.
739 4203 763 4264 δ’
774 4201 828 4280 ς”.
853 4206 934 4284 ἔτερα
948 4202 981 4262 τὰ
997 4203 1141 4283 λεγόμενα
1154 4209 1201 4265 τοῦ
1217 4205 1411 4268 Κοντοπαῦλου
1425 4209 1505 4285 πλη-

201 4327 259 4387 σίον
280 4331 328 4388 τοῦ
350 4327 531 4409 διερχομένου
552 4330 676 4402 ποταμοῦ
698 4324 745 4386 ναὶ
767 4325 883 4402 πλησίον
905 4325 1044 4406 χωρορίου
1065 4329 1111 4386 τοῦ
1133 4325 1253 4402 Καλῦβα
1275 4327 1323 4388 ιιαὶ
1344 4333 1392 4390 τοῦ
1407 4330 1504 4413 Φογρὶ

201 4451 247 4512 οῦν
269 4455 323 4510 σῦν
347 4449 440 4531 ἀγρῶν
463 4449 565 4526 μοδίων
581 4447 616 4510 δ’.
642 4451 733 4528 ἕτερον
755 4450 801 4508 τοῦ
825 4445 993 4524 σῦλίσματος
1014 4448 1045 4507 ‘cb
1064 4448 1181 4524 πλησίον
1195 4453 1242 4510 τοῦ
1258 4450 1390 4511 Σταϊάνσυ
1406 4451 1503 4528 μοδίου

201 4570 238 4637 α’.
270 4575 362 4653 ἕτερον
393 4573 411 4649 η
440 4572 551 4653 ἀρμοίυιη
582 4573 600 4648 η
628 4571 681 4631 ἀπδ
708 4573 755 4632 τοῦ
777 4571 939 4651 Βαρυπράτη
967 4569 1144 4630 ἀποαοίτωθεν
1170 4575 1220 4647 τῆς
1247 4570 1310 4631 ὁδοῦ
1338 4572 1434 4647 μοδίου
1449 4573 1502 4649 ς”.

199 4697 292 4774 ἕτερον
318 4695 348 4754 τδ
376 4693 530 4774 λεγόμενον
564 4697 613 4768 τῆς
644 4691 725 4770 ἀγίος
752 4692 930 4765 Ἀναστασίας
958 4691 1058 4769 μοδίων
1076 4688 1101 4752 α’
1113 4689 1164 4767 ς”.
1197 4694 1289 4773 ἕτερον
1316 4695 1347 4754 ιδ
1374 4694 1427 4756 ἀπδ
1456 4699 1503 4758 τοῦ
