3222 5284
1318 337 1382 402 375

77 527 153 586 δοσιν
181 525 256 586 κατὰ
276 528 325 602 τὴν
351 527 458 606 ἡμέραν
487 526 593 602 ἐκείνην
620 525 779 602 βουλόμεθα
805 527 937 608 γίνεσθαι,
968 529 1041 588 καθόι
1063 529 1093 588 ἐν
1116 535 1148 612 τῇ
1177 531 1294 608 ἑκάστης
1317 531 1381 591 όνο-

77 650 166 731 μασίᾳ
191 648 392 724 δηλωθήσεται.

186 771 382 832 Τελείσθωσαν
411 771 446 831 τὰ
475 772 633 847 μνημόσυνα
661 775 707 830 τοῦ
729 769 870 852 κρατίστου
901 791 953 847 μου
983 771 1122 845 βασιλέως
1152 776 1233 854 κυροῦ
1256 772 1382 848 Ἀλεξίου

78 897 124 954 τοῦ
139 895 301 975 Κομνηνοῦ,
323 895 386 954 καθ’
394 897 429 970 ἡν
444 896 477 954 ἂν
492 894 598 974 ἡμέραν
622 892 777 976 ἐκδημήση,
800 891 848 952 καί
862 895 978 971 γινέσθω
1000 895 1157 976 ήρωτοιψία
1182 894 1312 974 δαψιλής,
1335 895 1382 958 καὶ

80 1013 196 1088 εἰςτὰς
225 1015 352 1094 μσνοχὰς
380 999 522 1096 διάκρισις,
554 1013 668 1074 διδόσθω
693 1013 793 1074 δὲκαὶ
817 1015 846 1074 ἐν
869 1013 907 1093 τῷ
930 1016 1034 1076 πυλῶνι
1056 1018 1149 1092 ψωμία
1173 1016 1242 1078 δέκα
1269 1017 1381 1098 μοδίων,
1469 1011 1480 1030 ’

80 1137 152 1198 οἴνου
185 1139 272 1218 μέτρα
303 1137 375 1198 όκτίυ
397 1135 444 1198 καί
473 1135 593 1213 νουμμία
622 1139 795 1213 νομισμάτων
825 1139 951 1217 τραχέων
982 1135 1103 1200 δῶδεκα.
1141 1137 1188 1198 καί
1215 1139 1249 1198 τά
1272 1139 1328 1214 ἐμά
1350 1139 1382 1200 δὲ

80 1261 253 1340 μνημόσυνα,
277 1259 339 1320 καθ’
351 1263 385 1336 ἡν
401 1263 434 1319 ἂν
448 1261 555 1341 ἡμέραν
572 1257 722 1335 ἐκδημήσω
737 1262 784 1318 τοῦ
800 1260 937 1340 σώματος,
960 1263 1070 1320 τοιαῦτα
1093 1259 1228 1334 βσῦλομαι
1243 1262 1382 1341 γενέσθαι,

81 1373 126 1440 σία
149 1379 267 1441 καὶτοῦ
290 1381 431 1463 κρατίστου
455 1402 506 1457 μου
529 1379 669 1456 βασιλέως
691 1381 926 1462 ἀπαραλλάκτως.
961 1381 1146 1442 τελείσθωσαν
1168 1381 1202 1442 τά
1225 1384 1383 1458 μνημόσυνα

81 1507 127 1563 τοῦ
142 1506 324 1584 περιποθήτω
339 1504 397 1566 υίσῦ
419 1509 469 1582 τῆς
492 1503 637 1578 βασιλείας
659 1523 711 1579 μου
733 1507 779 1562 τοῦ
801 1504 1050 1583 πσρρυρσγεννὴτου
1073 1501 1119 1564 καὶ
1142 1501 1281 1577 βασιλέως
1303 1507 1383 1584 κυροῦ

82 1625 224 1706 Ἰωάννου,
244 1626 308 1686 καθ’
320 1627 354 1702 ἡν
369 1627 476 1706 ἡμέραν
493 1624 648 1706 έκδημήοῃ,
671 1623 719 1686 καὶ
740 1625 857 1703 γινέσθω
872 1626 889 1699 ἡ
906 1624 1030 1706 ρωταψία
1053 1623 1173 1702 δαψιλὴς
1188 1623 1235 1684 καί
1252 1624 1384 1704 διάκρισις

82 1744 122 1820 εἰς
144 1747 196 1819 τὰς
219 1750 355 1827 μσνοχάς,
380 1747 496 1809 διδόσθω
513 1747 545 1808 δὲ
560 1746 608 1808 καὶ
624 1747 653 1806 έν
668 1744 707 1826 τῷ
722 1746 827 1808 πυλῶνι
849 1745 943 1824 ψωμία
967 1745 1069 1822 μοδίων
1090 1747 1171 1806 πέντε
1194 1744 1241 1806 καὶ
1264 1746 1383 1822 νουμμία

81 1871 258 1945 νομισμάτων
273 1871 399 1950 τραχέων
423 1866 463 1942 ἕξ.
493 1868 677 1929 τελείσθωσαν
700 1867 734 1928 τά
757 1869 914 1945 μνημόσυνα
936 1875 986 1945 τῆς
1007 1869 1188 1948 περιποθήτου
1211 1869 1314 1946 νόμρης
1334 1873 1383 1944 τὴς

84 1991 231 2066 βασιλείας
254 2011 306 2067 μου
321 1989 368 2052 καὶ
389 1991 532 2066 δεσποίνης
547 1996 632 2071 κυράς
646 1989 775 2071 Εἰρήνης,
798 1996 848 2068 τ’ής
865 1991 976 2070 συζύγου
993 1992 1082 2070 αὐτσῦ,
1105 1991 1168 2052 καθ’
1179 1993 1213 2066 ἡν
1230 1993 1261 2050 όν
1276 1991 1384 2069 ἡμέραν

85 2114 245 2196 έκδημήση,
270 2111 317 2174 καί
337 2114 456 2192 γινέσθω
478 2111 603 2192 ρωτοιψία
627 2111 747 2191 δαψιλὴς
761 2111 808 2173 καί
831 2113 962 2194 διάκρισις
977 2111 1016 2184 εἰς
1031 2113 1079 2186 τὰς
1102 2115 1238 2190 μσναχάς.
1270 2111 1385 2172 διδόσθω

86 2233 116 2294 δὲ
139 2233 187 2294 καὶ
204 2236 233 2294 έν
254 2233 292 2315 τῷ
314 2235 418 2296 ιπιλῶνι
441 2235 536 2313 ψωμία
559 2234 662 2311 μοδίων
683 2235 765 2296 πέντε
788 2233 836 2296 καί
857 2234 976 2311 νουμμία
998 2238 1171 2310 νομισμάτων
1194 2235 1320 2315 τραχέων
1343 2231 1383 2306 ἕξ.

83 2355 268 2417 τελείσθωσαν
282 2357 317 2417 τὰ
339 2359 498 2434 μνημόσυνα
513 2361 559 2418 τοῦ
580 2357 762 2437 περιποθήτου
785 2355 841 2418 υἱοῦ
863 2362 913 2433 τῆς
936 2355 1080 2432 βασιλείας
1102 2376 1153 2431 μου
1175 2359 1222 2416 τοῦ
1243 2376 1380 2437 πορρυρο-

84 2481 217 2556 γεννήτου
239 2477 286 2538 καὶ
310 2479 569 2560 σεβαστοκράτορσς,
592 2483 672 2559 κυροῦ
694 2477 875 2559 Ἀνδρονίκου,
905 2479 969 2538 καθ’
984 2481 1017 2554 ἡν
1041 2481 1073 2538 άν
1096 2479 1202 2557 ἡμέραν
1227 2477 1382 2560 έκδημήση,

86 2595 196 2676 όμοίως.
224 2601 408 2660 τελείσθωσαν
426 2599 461 2660 τά
484 2569 642 2677 Ιμνημόσυνα
664 2604 711 2662 τοῦ
731 2602 911 2681 περιποθήτου
934 2599 1061 2682 γαμβροῦ
1081 2606 1132 2677 τὴς
1155 2599 1299 2675 βασιλείας
1322 2621 1384 2680 μου,

86 2727 167 2804 κυροῦ
184 2723 342 2804 Νικηφόρου
357 2725 403 2782 τοῦ
417 2722 560 2802 καίσαρσς,
583 2722 645 2782 καθ’
657 2725 691 2798 ἡν
706 2725 739 2782 άν
754 2723 861 2803 ἡμέραν
877 2721 1032 2803 ἑκδημήση,
1057 2722 1168 2798 ὁμοίως.
1199 2720 1385 2782 τελείσθωσαν

87 2845 120 2904 τὰ
142 2847 303 2921 μνημόσυνα
317 2848 363 2904 τοῦ
377 2846 557 2925 περιποθήτου
577 2843 633 2904 υἱοῦ
647 2849 696 2920 τῆς
712 2843 856 2918 βασιλείας
872 2864 933 2925 μου,
956 2849 1038 2925 κυροῦ
1053 2842 1171 2904 Ἰοακίου
1186 2848 1233 2904 τοῦ
1248 2865 1385 2926 πορρυρο-

86 2969 218 3045 γεννήτου
240 2965 288 3026 καί
314 2967 453 3048 καίσαρος,
483 2967 546 3026 καθ’
561 2969 594 3043 ήν
618 2969 650 3026 άν
672 2967 778 3046 ἡμέραν
803 2965 960 3048 ἑκδημὴση,
991 2966 1101 3041 ὁμοίως.
1145 2965 1329 3026 τελείσθωσαν
1352 2966 1386 3026 τὰ

88 3091 249 3166 μνημόσυνα
278 3090 325 3148 τοῦ
353 3089 534 3168 περιποθήτου
563 3090 690 3169 γαμβροῦ
711 3095 762 3166 τῆς
792 3087 936 3163 βασιλείας
966 3108 1028 3168 μου,
1058 3092 1140 3169 κυροῦ
1162 3088 1318 3167 Νικηφόρου
1340 3089 1387 3147 τοῦ

88 3210 353 3290 πανυπεροεβάστσυ,
370 3208 432 3270 καθ’
444 3213 478 3286 ήν
494 3213 526 3270 ἂν
541 3211 647 3292 ἡμέραν
664 3211 818 3290 έκδημήση,
842 3209 953 3286 ὁμοίως.
981 3209 1165 3270 τελείσθωσαν
1179 3209 1214 3268 τά
1229 3212 1387 3286 μνημόσυνα

87 3337 133 3394 τοῦ
156 3333 338 3413 περιποθήτου
366 3332 493 3412 γαμβροῦ
519 3337 569 3408 τῆς
599 3331 743 3407 βασιλείας
767 3353 828 3412 μου,
858 3337 905 3394 τοῦ
927 3333 1114 3408 πανσεβάστου
1137 3333 1283 3411 ῦπερτάτου
1305 3335 1387 3412 κυροῦ

89 3454 305 3534 Κωνσταντίνου,
328 3455 390 3514 καθ’
402 3457 436 3530 ἡν
453 3457 485 3514 άν
507 3455 614 3534 ἡμέραν
631 3454 786 3536 έκδημήση,
809 3455 843 3514 τὰ
866 3455 916 3529 μὲν
939 3454 1024 3515 λοιπόι
1039 3454 1151 3534 ὁμοίως,
1173 3453 1257 3514 τόδὲ
1280 3453 1386 3530 ψωμίον

90 3577 191 3652 μοδίων
206 3581 287 3657 τριῶν
303 3575 350 3635 καί
365 3571 484 3650 νουμμία
502 3577 628 3657 τραχέων
647 3579 820 3651 νομισμάτων
843 3581 932 3656 τριῶν.
963 3575 1148 3636 τελείσθωσαν
1170 3575 1204 3635 τά
1227 3577 1386 3652 μνημόσυνα

89 3705 136 3774 τῆς
151 3698 333 3778 περιποθήτου
350 3696 467 3775 ἑγγόνης
481 3702 532 3773 τὴς
555 3697 699 3772 βασιλείας
715 3719 777 3776 μου,
801 3695 920 3778 Εἰρήνης
934 3703 984 3772 τῆς
999 3697 1160 3778 Δουκαίνης,
1183 3703 1233 3773 τῆς
1255 3697 1388 3778 θυγατρός

89 3827 137 3896 τῆς
152 3822 402 3900 πορρυρογεννήτου
417 3817 464 3879 καί
479 3818 665 3900 καισαρίσοης,
689 3785 774 3899 κυράς
790 3816 900 3900 Ἄννας,
922 3820 984 3880 καθ’
997 3822 1030 3895 ἡν
1047 3822 1080 3878 ἂν
1102 3821 1209 3901 ἡμέραν
1231 3818 1386 3902 έκδημήση.

90 3941 137 4002 καί
159 3943 277 4021 γινέσθω
299 3943 317 4016 ἡ
341 3939 465 4020 ηωταήίοι
488 3939 608 4018 δαψιλὴς
629 3939 677 4000 καί
700 3940 831 4020 διάκρισις
854 3939 964 4013 εἰςτὰς
987 3943 1123 4020 μοναχάς,
1148 3941 1264 4002 διδόσθω
1288 3939 1318 4000 δὲ
1342 3939 1390 4000 καί

91 4065 118 4124 έν
141 4065 180 4144 τῷ
208 4063 314 4124 πυλῶνι
337 4063 432 4140 ψωμία
459 4061 561 4138 μοδίων
587 4065 726 4143 τεσσάρων
748 4061 795 4122 καί
822 4057 941 4138 νουμμία
966 4064 1140 4138 νομισμάτων
1168 4064 1294 4142 τραχέων
1321 4082 1387 4122 τεσ-

92 4184 222 4268 σάρωνά)
266 4184 450 4246 τελείσθωσαν
480 4181 514 4244 τά
545 4185 703 4261 μνημόσυνα
730 4189 780 4261 τῆς
801 4186 981 4265 περιποθήτου
1011 4185 1144 4264 θυγατρός
1166 4190 1215 4260 τῆς
1244 4183 1389 4257 βασιλείας

93 4331 153 4388 μου,
185 4312 236 4383 τὴς
265 4309 513 4388 πσρρυρσγενιὴτου
543 4305 592 4366 καί
621 4307 808 4388 καισαρίσσης,
839 4311 924 4386 κυράς
947 4303 1057 4386 Ἂννης,
1087 4306 1150 4366 καθ’
1165 4305 1209 4381 ἡν
1223 4308 1255 4364 άν
1282 4307 1390 4384 ἡμέραν

196 4499 217 4563 ¹)
237 4499 313 4548 Haec
336 4503 411 4546 extra
435 4497 554 4546 ordinem
578 4513 656 4546 suum
679 4497 778 4562 scripta
801 4501 871 4558 sunt,
894 4503 925 4546 ut
948 4497 1071 4547 crucibus
1091 4498 1118 4546 in
1138 4513 1200 4546 msc.
1220 4495 1332 4560 depictis
1351 4499 1390 4545 in-

93 4595 173 4646 dicari
193 4593 311 4644 videtur:
331 4595 395 4658 quia
413 4594 441 4642 in
460 4593 552 4643 ordine
571 4595 668 4643 omissa
686 4597 771 4655 erant,
790 4593 923 4658 descripta
941 4599 1003 4643 sunt
1021 4593 1071 4643 hoc
1090 4594 1117 4642 in
1136 4591 1204 4656 loco,
1224 4595 1270 4658 qui
1289 4607 1391 4642 vacuus

93 4696 212 4759 repertus
231 4694 280 4740 est.
299 4689 335 4738 M.
