3246 5288
1309 310 1373 374 409

57 507 148 584 (ὅπερ
181 506 291 586 ἀπείη),
322 506 388 581 μηδ’
406 508 486 566 αὐτού
515 509 562 565 τού
593 507 750 584 σιγάζοντος
780 503 866 582 λόγον
895 508 1011 564 ποιεῖται
1043 505 1057 563 ό
1087 505 1294 584 θορυβούμενος,
1324 513 1373 580 τῆς

56 629 209 704 τραπέζης
240 627 288 688 καί
317 629 391 687 άκῶν
422 626 604 708 ἐξεγειρέσθῳ
633 626 681 686 καί
710 625 748 705 τῷ
778 632 827 703 τῆς
850 626 988 707 ἀβρωοίας
1020 627 1144 706 ἐπιτιμίῳ
1171 625 1373 702 ύποβεβλήοθιυ

57 752 76 820 ἢ
109 749 222 829 ἑτέρως
252 751 466 828 σωφρονιζέοθιυ,
495 749 589 821 καθὼς
619 752 652 806 ἀν
681 750 696 807 ό
725 749 865 828 προεστὼς
895 747 1031 824 βούλοιτο.
1076 749 1290 823 καθεοθήσονται
1321 749 1373 824 μέν

59 869 108 928 σύν
125 873 236 942 πάντες
251 871 282 931 έν
301 877 335 954 τη
357 873 478 953 τραπέζῃ
500 871 572 931 κατὰ
593 871 642 945 τὴν
663 867 740 942 τάξιν
762 869 811 945 τὴν
833 869 907 949 παρὰ
929 874 975 930 τού
997 875 1168 950 προεστῶτος
1192 869 1371 950 διορισμένην.

58 991 210 1072 καθέδραν
241 991 274 1052 δέ
305 993 477 1072 ύύτηλοτέραν
499 995 517 1066 ἢ
539 993 588 1067 τἠν
618 989 662 1051 ἐπὶ
693 993 776 1073 ταύτῃ
807 991 967 1072 προτίμηοιν
998 991 1105 1052 οἴκοθεν
1135 991 1291 1068 ἐπιζητῆσαί
1313 1014 1373 1054 τινα

59 1113 127 1172 ούδὲ
156 1113 275 1174 ἀκοῦσαι
297 1115 327 1174 τ“ο
349 1113 465 1174 σύνολον
487 1115 659 1192 ἀνεχόμεθα·
690 1118 742 1173 πού
764 1113 818 1194 γάρ
841 1117 874 1172 ἂν
896 1117 944 1174 καί
966 1113 1010 1190 εἴη
1032 1118 1109 1174 τοῦτο
1133 1113 1239 1195 δεκτόν,
1271 1115 1374 1196 ἄνδρας

60 1235 138 1294 κατὰ
157 1237 222 1295 θεόν
238 1239 342 1307 ζῶντας
357 1236 434 1306 όλιυς
450 1234 547 1314 ἐρίζειν
562 1233 623 1316 περὶ
638 1235 774 1314 καθέδρας
790 1234 884 1310 ἐπίσης
899 1237 956 1308 τοῖς
977 1235 1049 1294 κατά
1070 1239 1185 1310 κόσμον,
1209 1236 1236 1296 οἳ
1251 1235 1373 1296 ἐντεῦθεν

61 1356 186 1428 ἑαυτούς
200 1363 254 1416 τῶν
270 1357 376 1418 λοιπῶν
391 1358 575 1437 ύπερέχοντας
590 1357 780 1418 ἀποδεικνύναι
803 1357 1005 1435 σπουδάζουσιν,
1029 1349 1074 1417 σία
1096 1356 1157 1437 περὶ
1181 1359 1229 1432 τὴν
1254 1358 1373 1434 ματαίαν

63 1475 154 1549 δόξαν
187 1477 235 1538 καί
264 1477 304 1556 τῳ
334 1479 390 1558 θεῳ
421 1481 611 1554 μεμισημένην
640 1478 816 1558 ἐπτοημένοις
848 1477 1016 1558 ,βδέλυγμα
1038 1479 1093 1558 γάρ
1115 1477 1189 1560 παρὰ
1211 1479 1296 1559 κυρίῳ
1319 1486 1374 1550 πᾶς

62 1599 312 1680 ύιβηλοκάρδιοςίί,
335 1599 413 1680 φησίν
427 1602 445 1675 ἡ
461 1599 522 1660 θεία
537 1603 638 1680 γραφή,
662 1598 730 1680 ,,καί
745 1601 835 1680 κύριος
857 1601 1036 1680 ὑπερηφάνοις
1059 1600 1253 1682 ἀντιτάσσεται,
1275 1622 1373 1661 ταπει-

63 1724 125 1792 νοῖς
143 1721 179 1780 δὲ
198 1721 292 1781 δίδωσι
313 1723 426 1802 χάρινίί.
458 1722 507 1782 ούκ
523 1721 597 1782 ἔσται
612 1718 658 1780 οὖν
675 1721 703 1780 ἐν
718 1722 783 1797 ἡμῖν
805 1724 893 1802 τοῦτο,
917 1723 965 1781 ούκ
988 1722 1076 1782 ἔσται·
1101 1723 1131 1782 ού
1154 1721 1207 1800 γὰρ
1230 1721 1264 1780 άν
1279 1717 1341 1807 [τίς]
1351 1721 1373 1806 ¹)

63 1863 136 1902 ,τοτε
154 1849 230 1914 σῶας
246 1845 320 1921 ἔχων
339 1843 388 1914 τὰς
411 1845 510 1922 φρένας
531 1843 664 1925 προκρίνη
686 1847 774 1922 τούτο,
799 1841 945 1922 βδέλυγμα
968 1843 1076 1902 ἔσεσθαι
1099 1843 1181 1922 κυρίῳ
1203 1845 1250 1902 τού
1272 1843 1373 1918 λαβεῖν

63 1967 151 2042 χάριν
173 1965 238 2043 παρ’
252 1965 331 2024 αύτού
353 1963 400 2023 καί
424 1963 507 2043 ἐγγύς
528 1965 608 2040 ἡμῶν
631 1965 706 2042 ἔχειν
729 1963 819 2042 αύτόν,
844 1965 882 2036 ὡς
904 1969 938 2044 τῇ
961 1964 1061 2046 καρδία
1083 1965 1324 2044 συντετριμμένους
1343 1965 1372 2042 ἤ,

65 2087 194 2162 τάληθές
217 2084 312 2166 εἰπεῖν,
337 2087 428 2158 οἴκους
451 2089 531 2146 αύτού
554 2081 623 2145 εῖναι
645 2085 692 2145 καί
716 2085 887 2166 ἐπεράστους.
920 2083 943 2145 εἰ
966 2085 997 2144 δὲ
1019 2084 1066 2144 καί
1089 2106 1129 2156 τις
1150 2085 1226 2162 ύμῶν
1250 2087 1372 2168 εὑρεθείη

66 2210 165 2268 τούτου
187 2211 268 2288 χάριν
292 2207 557 2285 διαπληκτιζόμενος
578 2209 692 2288 χρόνους
714 2209 796 2286 τυχόν
818 2211 837 2284 ἢ
861 2208 1001 2288 ἐνέργειαν
1021 2207 1255 2286 προβαλλόμενος
1270 2207 1317 2268 καί
1334 2209 1372 2285 μὴ

69 2329 203 2406 ἐμμένειε
219 2336 252 2412 τῇ
267 2327 413 2412 προστάξει
427 2335 474 2390 τού
488 2335 659 2411 προεστῶτος
681 2329 727 2390 καί
749 2331 795 2389 τὀν
818 2331 1051 2410 ἀποκληρωθέντα
1074 2331 1155 2390 τόπον
1179 2329 1252 2409 αύτῷ
1277 2327 1373 2416 [μὴ]ἳ)

69 2453 192 2532 στέργει,
217 2452 384 2528 ἐντέλλομαι
400 2451 430 2511 ἐν
445 2451 528 2532 κυρίῳ
543 2454 588 2512 τὀν
606 2453 721 2531 ἔσχατον
737 2450 809 2532 αύτῷ
824 2453 906 2512 τόπον
930 2450 1104 2532 ἀποκληροῦν
1127 2450 1175 2512 καί
1198 2452 1375 2512 διδάσκεσθαι

69 2572 107 2650 τῷ
135 2576 235 2653 κόσμῳ
261 2569 295 2633 τά
320 2577 367 2634 τού
393 2577 497 2648 κόσμου
523 2574 749 2649 καταλιμπάνειν.
797 2571 821 2632 εί
849 2571 885 2653 δ’,
904 2573 984 2654 (ὅπερ
1011 2573 1184 2653 άπευκταῖον,
1212 2577 1300 2650 πάντη
1327 2573 1375 2635 καὶ

70 2696 215 2776 ἄσεμνον),
239 2697 279 2755 έτι
293 2715 324 2755 τε
340 2695 505 2756 διανίσταται
520 2695 566 2756 καί
582 2693 754 2776 ἀμφιβάλλει
773 2693 821 2755 καί
843 2695 914 2770 μετὰ
937 2695 1065 2774 δευτέραν
1088 2693 1135 2754 καί
1157 2697 1247 2776 τρίτην
1270 2698 1373 2776 παραί-

69 2837 141 2877 νεσιν
169 2817 335 2898 ἀδιόρθωτος
366 2820 452 2897 μένοι,
485 2819 516 2878 ού
542 2817 698 2880 καθεδεῖται
725 2819 756 2876 τό
784 2817 907 2897 σύνολον,
939 2817 1007 2876 ἀλλ’
1024 2816 1204 2892 ἀνιστάμενος
1233 2816 1372 2878 διακονίαν

71 2939 251 3020 ἐκπληρούτιυ
280 2943 347 3001 τινά.
395 2940 472 3000 ἀλλὰ
500 2939 730 3020 προκαθεδτύνται
761 2939 813 3014 μὲν
844 2945 897 2997 τῶν
927 2941 1036 2998 πάντων
1068 2939 1092 2999 οἱ
1122 2939 1171 3010 τὰς
1199 2939 1245 2999 δύο
1274 2941 1373 3012 ταύτας

71 3062 203 3141 μεγάλας
225 3063 460 3142 ἐγκεχειρισμένοι
483 3056 633 3140 διακονίας,
657 3062 671 3119 ό
690 3081 720 3120 τε
743 3059 888 3135 οἰκονόμος
910 3060 956 3119 καί
972 3061 987 3118 ό
1003 3059 1223 3141 ἐκκλησιάρχης,
1247 3061 1318 3135 μετά
1341 3061 1373 3121 δὲ

70 3185 170 3244 τούτων
187 3184 212 3244 οἱ
227 3183 310 3265 ἱερεῖς
331 3185 403 3244 κατὰ
425 3185 473 3260 τὴν
495 3185 594 3244 τούτων
617 3182 850 3264 προβαθμιότητα,
874 3182 945 3258 μετά
967 3180 999 3241 δέ
1021 3182 1130 3254 τούτους
1151 3183 1235 3242 πάλιν
1258 3182 1282 3241 οἱ
1307 3183 1370 3243 διά-

70 3325 155 3385 κονοι,
180 3305 256 3386 εἴπερ
279 3310 317 3382 μή
333 3326 408 3376 τινας
430 3309 521 3386 χρόνῳ
536 3309 554 3380 ἢ
571 3308 645 3388 γήρᾳ
660 3305 879 3386 προβεβηκότας,
902 3301 994 3376 ἀξίους
1018 3301 1110 3377 αἰδοῦς
1125 3303 1172 3364 καὶ
1186 3311 1278 3384 τιμῆς,
1301 3325 1373 3387 προ-

70 3429 205 3504 καθῆσθαι
226 3429 337 3508 τούτων,
364 3433 418 3487 τῶν
442 3427 575 3488 διακόνων
599 3427 720 3506 δηλαδή,
749 3426 850 3506 αἱρείτο
873 3427 888 3486 ό
910 3427 1128 3504 καθηγούμενος.
1175 3427 1245 3502 μετὰ
1268 3427 1300 3488 δὲ
1322 3429 1371 3503 τήν

70 3551 168 3608 τούτων
199 3549 336 3629 καθέδραν
369 3549 418 3609 ούκ
445 3549 518 3609 ἔσται
546 3555 600 3608 τῶν
627 3549 725 3608 σίλλων
754 3549 782 3608 ἐν
809 3549 892 3628 ταύτη
918 3545 1088 3628 προτίμηοις,
1120 3547 1243 3619 ἀλλ’ὡς
1272 3552 1305 3608 ἀν
1333 3549 1372 3628 τῷ

70 3676 218 3751 προεστῶτι
241 3669 326 3750 δοκεῖ,
351 3671 457 3750 έκάοτῳ
479 3671 703 3751 προσηνόντιυςή
727 3669 850 3750 καθέδρα
869 3669 966 3730 λοιπόν
990 3669 1269 3749 ἀποκληρωθησεται·
1293 3645 1389 3730 ἀλλά

71 3791 115 3850 καί
141 3791 215 3852 κατὰ
241 3793 286 3852 τόν
318 3797 364 3853 τού
395 3791 503 3852 δείπνου
533 3793 637 3871 καιρόν,
667 3789 694 3850 εί
717 3811 757 3864 τις
788 3790 959 3866 βουλόμενος
987 3791 1129 3866 δειπνῆσαι
1156 3793 1295 3870 ύστερήσει
1322 3799 1372 3868 τῆς

73 3913 252 3996 εύχαριοτίας,
275 3913 315 3993 τῳ
330 3915 416 3993 όμοίῳ
432 3913 605 3974 ύποπεσεῖται
622 3913 744 3991 ἐπιτιμίῳ
753 3909 787 3994 ³).
818 3910 865 3970 καὶ
881 3906 956 3984 αύθις
972 3911 1093 3992 βρωτέον
1107 3913 1179 3988 ὑμᾶς
1201 3911 1339 3988 ἐδέσματα
1348 3911 1372 3995 ⁴)

73 4081 78 4092 .
102 4081 109 4096 .
136 4084 142 4096 .
173 4035 221 4096 δύο
249 4035 435 4111 οισαμελαίου·
457 4037 620 4114 μετέχοντα,
651 4029 723 4094 οἶνόν
750 4055 779 4093 τε
806 4035 904 4094 ποτέον
932 4035 1002 4109 μετὰ
1029 4038 1075 4094 τού
1104 4036 1233 4109 συνήθους
1262 4031 1373 4113 ἐξαγίου

73 4155 212 4233 διδόμενον
244 4156 289 4217 διὰ
310 4157 359 4232 τἠν
383 4157 478 4237 ἑορτὴν
500 4161 546 4217 τού
574 4156 652 4234 άγίου
682 4153 931 4236 μεγαλομάρτυρος
954 4153 1111 4236 θεοδῶρου,
1141 4158 1175 4233 ἣν
1197 4157 1212 4214 ό
1234 4157 1373 4236 προεστὼς

72 4278 172 4358 όφείλει
201 4277 294 4338 τελεῖν
315 4276 362 4338 καὶ
392 4277 565 4359 παρακαλεῖν
588 4279 673 4357 ἡμᾶς,
704 4277 796 4354 ἠμὲν
820 4276 853 4351 δὴ
883 4279 977 4357 πρώτη
1001 4275 1125 4352 ἑβδομὰς
1147 4282 1198 4352 τῆς
1220 4276 1303 4355 άγίας
1325 4277 1372 4338 καί

72 4453 275 4464 -—-———

174 4566 197 4632 ¹)
216 4565 415 4632 Supplevimus.
522 4564 544 4630 ²)
564 4563 763 4630 Supplevimus.
868 4562 890 4628 ³)
909 4561 1028 4613 Lacuna.
1134 4562 1155 4627 ί)
1174 4563 1274 4614 Iterum
1297 4562 1373 4614 deest

71 4661 172 4712 folium.
