3194 5298
269 337 329 402 138

266 531 363 611 χρείαν
386 533 581 614 διερχομένων,
606 543 806 616 τοποτηρητῶν,
830 544 1019 617 τουρμαρχῶν,
1044 545 1191 618 μεραρχῶν
1215 539 1262 598 καί
1283 539 1384 612 παντὸς
1400 541 1491 618 ἑτέρου
1505 541 1551 614 δη-

267 657 406 728 μοοιακῶν
420 658 588 735 πραγμάτων
605 657 715 736 ἔρευναν
732 657 973 738 ἐπιτετραμμένου,
996 658 1157 738 ἀγγαρείας,
1178 661 1387 742 παραγγαρείας
1400 659 1447 720 καί
1461 661 1552 734 λοιπῆς

267 774 373 851 ἁπάσης
404 776 534 858 ἐπηρείας
563 778 734 856 λαληθείσης
763 779 1068 860 ἡπαραοιωπηθείσης,
1099 784 1143 840 νῦν
1165 801 1195 840 τε
1227 779 1308 856 οὔσης
1329 779 1378 841 καί
1401 782 1430 854 ἐς
1451 783 1552 861 ὓστερον

267 896 525 975 ἑπινσηθηοομένης.
549 898 590 960 διδ
612 901 837 980 παρεγγυῶμεθα
858 898 906 960 καί
927 902 1030 972 πάντας
1053 897 1294 981 ἐξασφαλιζόμεθα
1308 903 1362 963 άτοό
1376 923 1407 963 τε
1421 909 1475 964 τῶν
1489 903 1552 962 κατὰ

265 1019 374 1099 καιροὺς
396 1021 599 1102 σακελλαρίων,
622 1026 738 1101 γενικῶν
760 1019 807 1081 καί
830 1027 1027 1101 στρατιωτικῶν
1042 1021 1210 1104 λογοθετῶν,
1228 1018 1304 1108 [τῶν]
1322 1021 1366 1083 ἐπί
1380 1023 1419 1103 τῷ
1434 1025 1552 1102 ἡμετέρῳ

265 1140 408 1222 σακελλίῳ
435 1142 481 1202 καί
509 1143 651 1224 βεστιαρίῳ
663 1141 693 1225 1),
725 1141 874 1216 οἰκονόμων
897 1142 951 1203 τῶν
975 1145 1080 1224 εὺαγῶν
1103 1143 1184 1204 οἴκων
1207 1143 1329 1205 καὶτῶν
1353 1145 1484 1227 Πετρίων,
1505 1151 1552 1204 τῶν

265 1259 309 1323 ἐπί
335 1268 389 1322 τῶν
415 1261 559 1324 οίκειακῶν
586 1263 709 1324 καὶτῶν
733 1265 836 1344 ἐρόρων
857 1261 911 1324 τῶν
934 1264 1083 1339 βασιλικῶν
1105 1263 1318 1348 κουρατόρωνθ),
1342 1263 1450 1326 εἰδικῶν
1471 1287 1551 1346 γηρο-

265 1385 380 1464 τρόρων,
406 1390 460 1444 τῶν
489 1383 531 1445 ἐπὶ
553 1369 599 1446 τοίι
621 1385 694 1446 θείου
716 1387 796 1462 ἡμῶν
818 1386 930 1462 ταμείου
952 1389 999 1446 τοῦ
1021 1386 1124 1468 ρίπκου,
1147 1390 1317 1468 κσυρατόρων
1340 1392 1388 1448 τοῦ
1410 1387 1485 1448 οἴκου
1505 1393 1551 1448 τῶν

266 1507 436 1586 Ἐλευθέρων
465 1507 511 1567 καὶ
540 1513 593 1567 τῶν
616 1510 787 1588 Μοιγγάνων,
821 1507 972 1569 οίκιστικῶν
1000 1507 1122 1568 καὶτῶν
1150 1509 1195 1567 ὑπ’
1208 1508 1302 1580 αἰτοίις
1328 1510 1551 1590 πρωτονοταρίων,

265 1627 466 1709 λογαριαοτῶν,
488 1605 703 1711 χαρτουλαρίων,
728 1629 877 1704 βασιλικῶν
900 1630 1030 1711 νοταρίων
1051 1629 1099 1690 καί
1122 1629 1262 1710 νοταρίων,
1286 1631 1325 1690 ἔτι
1345 1629 1378 1690 δὲ
1394 1631 1551 1708 δομεοτίκων

265 1755 318 1810 τῶν
346 1751 466 1832 σχολῶν,
497 1751 612 1828 δσυκῶν,
644 1754 798 1831 κατεπάνω,
828 1757 987 1833 στρατηγῶν
1016 1749 1062 1811 καί
1090 1757 1144 1811 τῶν
1167 1752 1438 1832 ἀντιτροσωποίντων
1461 1755 1550 1831 σιίτοίς,

265 1869 428 1954 ταξιαρχῶν,
452 1879 639 1955 τουρμαρχῶν,
663 1874 868 1954 χαρτσυλαρίων
891 1879 936 1935 τοῦ
958 1895 989 1934 τε
1012 1873 1112 1954 δρόμου
1134 1873 1182 1934 καί
1201 1883 1254 1936 τῶν
1270 1876 1407 1954 θεμάτων,
1430 1878 1550 1951 κομήτων

265 1999 314 2070 τῆς
342 1997 455 2075 κόρτης,
487 1995 654 2071 δομεστίκων
675 2003 729 2057 τῶν
751 1999 877 2072 θεμάτων
885 1993 919 2080 ³),
951 1996 1247 2077 δρουγγαροκσμήτων,
1278 1995 1550 2078 πρωτοκεντσίρχωνί)

264 2117 487 2196 προσελευοίμων
516 2117 563 2178 καί
593 2119 697 2179 λοιπῶν
726 2125 901 2198 ταγματικῶν
931 2117 978 2180 καὶ
1008 2120 1162 2194 θεματικῶν
1190 2119 1339 2200 ἀρχόντων,
1368 2121 1437 2200 τρδς
1459 2121 1551 2190 τοθτοις

265 2244 372 2319 κριτῶν,
397 2239 529 2320 ἑποπτῶν,
558 2247 733 2322 στρατευτῶν,
757 2242 892 2323 δρθωτῶν,
916 2241 1104 2322 ἀνογραρέων,
1126 2241 1357 2322 πρωτονοταρίων,
1381 2241 1550 2322 συνωναρίων,

264 2361 413 2441 ῶρειαρίων
435 2359 482 2422 καί
503 2365 604 2434 παντός
627 2362 751 2448 έτέρουί)
776 2363 903 2425 δουλείαν
924 2368 970 2424 τοῦ
993 2368 1084 2424 κοινοῦ
1107 2366 1365 2444 μεταχειριζομένου
1387 2369 1434 2425 τοῦ
1453 2365 1551 2441 μηθένα

263 2488 317 2542 τῶν
340 2484 464 2544 ἁπάντων
489 2485 518 2544 ἐν
540 2485 677 2565 οίῳδήτινι
698 2489 789 2568 χρόνῳ
812 2487 874 2547 καθ’
885 2486 1036 2563 οἱονδήτινα
1058 2489 1156 2567 τρόπον
1179 2483 1285 2544 ἀθετεῖν
1307 2506 1337 2545 τε
1359 2489 1378 2562 ἢ
1399 2487 1549 2567 ἀνατρέπειν
1584 2555 1585 2558 ¹

264 2609 317 2664 τῶν
341 2606 454 2667 ἐνταῦθα
475 2608 549 2684 παρὰ
571 2613 620 2684 τῆς
643 2607 787 2682 βασιλείας
808 2611 887 2685 ἡμῶν
912 2609 1094 2690 διωρισμένων
1110 2609 1174 2688 ἄχρι
1189 2606 1235 2668 καί
1250 2607 1336 2685 ψιλῆς
1352 2608 1549 2688 ἐπιχειρήσεως,
1584 2601 1585 2610 ’

266 2728 305 2799 ὡς
328 2727 439 2804 βεβαίου
462 2727 509 2788 καί
531 2729 669 2809 ἀσφαλοῦς
692 2732 873 2809 τυγχάνοντος
895 2734 940 2790 τοῦ
959 2731 1093 2810 παρόντος
1112 2732 1191 2807 ἡμῶν
1207 2729 1335 2805 είισεβοῦς
1349 2729 1549 2809 χρυσοβσόλλου

265 2850 352 2928 λόγου
382 2849 600 2933 γεγενημένουθ)
629 2853 715 2911 κατὰ
743 2853 799 2912 τ“ον
829 2849 1046 2934 όκτῶβρισνί)
1071 2857 1157 2927 μῆνα
1186 2857 1245 2928 τῆς
1278 2851 1551 2930 τρισκαιδεκέτης

267 2971 476 3046 ἰνδικτιῶνσς
500 2974 532 3033 ἐν
557 2975 624 3034 ἔτει
640 2972 925 3052 έξακιοχιλιοοτῖρ
940 2973 1208 3052 πεντακοσιαστῷ
1223 2971 1438 3054 ὀγδοηκοστῷ
1452 2972 1550 3052 τρίτῳ,

266 3093 295 3154 ἑν
318 3089 341 3175 ᾧ
363 3093 409 3154 καί
432 3097 462 3155 τό
484 3097 618 3176 ἡμέτερον
641 3097 753 3171 εὐσεβὲς
775 3096 822 3157 καί
845 3097 1048 3175 θεοπρόβλητον
1071 3097 1262 3172 θπεσημηνατο
1284 3093 1386 3176 κράτος
1407 3101 1433 3174 †.

367 3221 384 3294 †
407 3217 549 3296 Μιχαὴλ
572 3219 605 3278 ἐν
628 3218 758 3300 Χριστῷ
781 3215 965 3299 όρθόδοξος
988 3217 1151 3291 βασιλεὺς
1173 3215 1230 3276 καί
1253 3217 1549 3297 αὺτοκράτωρῬω-

266 3339 370 3414 μαίων
393 3339 408 3397 ό
430 3339 559 3412 Δσίικας
580 3345 605 3416 †.

557 3631 601 3697 H.
626 3629 850 3714 6587-1079,
874 3651 984 3696 mense
1007 3629 1111 3717 aprili,
1134 3630 1201 3695 ind.
1223 3631 1265 3695 H.

267 3799 419 3868 Imperator
434 3798 601 3868 Νὲοερίιοτιιι
612 3799 766 3853 Βοιοιιίοόα
781 3797 922 3867 confirmat
929 3799 1002 3866 jura
1017 3803 1042 3850 ει
1057 3798 1233 3868 exemptiones
1243 3798 1445 3868 possessionum
1456 3795 1548 3851 Μῶλο-

267 3903 314 3958 elis
330 3903 481 3957 Attaliatae
501 3909 526 3956 et
541 3903 718 3972 donationem,
743 3921 824 3974 quam
834 3903 903 3972 fecit
922 3903 1082 3956 monasterio
1097 3903 1126 3954 ιἰτ
1136 3902 1203 3955 υνδε
1221 3902 1453 3972 θοιιοίαιιθίπομοίί
1466 3908 1489 3956 εἰ
1501 3900 1548 3952 hos·

494 4007 566 4078 ρι’ίίυ
576 4024 732 4078 pauperum
749 4007 902 4062 incivitate
919 4005 1072 4060 Ιθίιοεάεοίο
1091 4005 1125 4058 αθ
1142 4023 1171 4059 eo
1186 4005 1327 4060 institutis.

266 4193 311 4252 Τδ
333 4192 404 4251 ἴσον
425 4195 480 4252 τοῦ
502 4191 757 4273 χρυσοβοθλλου
778 4195 833 4251 τοῦ
856 4191 1027 4266 βασιλέως
1049 4193 1148 4269 κυροῦ
1168 4190 1357 4270 Νικηφόρου
1378 4191 1435 4252 τοῦ
1457 4189 1547 4249 Βοια-

267 4318 398 4375 νειοίτου
420 4320 476 4375 τοῦ
498 4315 792 4396 καταστρωθέντος
815 4311 865 4384 είς
885 4314 920 4372 τδ
943 4313 1102 4392 οέκρετον
1124 4317 1186 4371 τῶν
1210 4309 1390 4372 οίκειακῶν
1412 4309 1548 4384 είςμῆνα

372 4506 391 4572 ¹)
410 4505 463 4574 λογ.
475 4506 524 4556 τῶν
543 4503 580 4556 ἐπὶ
597 4507 638 4569 τῆς
656 4501 775 4572 ἡμετέροις
795 4500 915 4565 σακέλλης
934 4499 1034 4552 καὶτοῦ
1053 4499 1192 4568 βεστιαρίου
1204 4501 1230 4551 S.
1301 4500 1324 4568 ²)
1343 4499 1514 4568 κουρατορικῶν
1525 4493 1546 4543 S·

268 4599 290 4671 ι)
308 4603 356 4653 τῶν
375 4599 398 4650 ἐν
416 4598 504 4668 ἑτέροις
521 4600 547 4651 S.
619 4601 640 4664 ⁴)
659 4595 875 4666 πρωτοκεντάρχου
888 4598 913 4648 S.
985 4598 1005 4662 ί)
1018 4595 1099 4663 ἑτέρον
1112 4597 1138 4648 S.
1208 4595 1230 4662 ὅ)
1244 4594 1372 4664 γενομένου
1384 4597 1410 4647 S.
1481 4593 1545 4658 ⁷)Sa·

264 4701 324 4754 thas
342 4698 433 4750 scribit
451 4693 586 4764 ἀπρίλλιον,
604 4698 633 4746 in
651 4695 707 4746 cod.
721 4694 820 4760 legitur
839 4689 981 4760 ὀκτῶβριον,
1001 4697 1090 4756 raom
1109 4707 1182 4742 orror
1201 4692 1359 4742 manifestus
1372 4690 1479 4752 δείδιε,
1496 4699 1545 4736 eum
