3166 5298
227 329 287 396 118

222 533 272 602 τῆς
293 525 417 599 τοιαθτης
438 527 542 605 χώρας,
565 525 604 598 ὡς
626 527 658 584 ἂν
680 525 860 606 παραδὼοωσι
882 526 949 602 πρδς
972 525 1050 585 αὐτδν
1072 526 1121 600 τὴν
1143 526 1288 602 ποσότητα.
1317 525 1359 586 διδ
1381 525 1413 586 δέ
1438 525 1520 586 οδδέν

225 647 322 724 ἔφθασε
344 647 471 722 γενέσθαι
493 649 569 706 τοῦτο
591 646 656 727 παρ’
669 648 765 727 αἰετῶν,
788 646 885 722 συνέβη
910 644 941 706 δέ
962 645 1009 706 καί
1032 644 1071 720 εἰς
1092 647 1126 706 τὰ
1140 649 1289 728 πράγματα
1303 647 1442 726 σύγχυσις,
1469 647 1520 705 σίν-

225 767 327 847 έδροιμε
349 767 433 828 πάλιν
455 768 470 824 6
493 768 573 840 αθτδς
588 769 725 848 Μαρτῖνος
747 763 826 854 [πρός
846 769 896 844 τὴν
919 767 1060 842 βασιλείαν
1077 765 1139 856 μου]
1161 767 1209 856 καὶ
1231 771 1345 846 ἐζήτησε
1365 768 1413 830 καί
1428 790 1520 850 παρε-

223 888 327 949 καλεσε
351 886 399 962 ,καί
430 888 511 964 ἐδόθη
540 890 607 969 πρός
637 891 715 950 αἰτόν
744 891 775 950 τό
803 893 921 950 τοιοῦτον
951 889 1081 971 ἀγρίδιον,
1112 891 1210 972 ἀρτίως
1232 890 1264 951 δέ
1287 891 1449 974 ἀπητήσατο
1471 891 1521 966 τὴν

225 1011 333 1085 ζήτησιν
359 1007 406 1070 καί
434 1009 562 1090 διαφορὰν
588 1007 650 1092 περί
675 1015 721 1071 τοῦ
745 1010 865 1091 ἀγριδίου
876 1011 899 1093 ¹)
922 1012 936 1070 6
960 1010 1118 1092 διαληφθεὶς
1140 1013 1346 1092 θεοφιλέστατος
1369 1011 1522 1086 ἐπίσκοπος

224 1133 341 1211 Ζιχνῶν,
365 1131 512 1210 ἐμφανίσας
533 1133 601 1212 προς
624 1135 704 1208 αυτὴν
726 1135 756 1193 τδ
780 1134 989 1214 ἐπιχορηγηθέν,
1013 1136 1051 1207 ὡς
1073 1134 1186 1214 είρητοιι,
1209 1136 1365 1217 τῇτοιαθτῃ
1381 1135 1522 1218 σεβασμίᾳ

226 1259 295 1336 μονῇ
324 1252 529 1332 χρυσόβουλλσν
558 1253 605 1314 καί
633 1253 833 1336 παρεκάλεσεν,
864 1257 903 1326 ὡς
929 1257 962 1314 ἂν
993 1254 1037 1314 διὰ
1066 1257 1115 1331 τὴν
1139 1255 1212 1334 ἰαχίιν
1233 1255 1281 1316 καί
1302 1256 1452 1336 περίληψιν
1476 1263 1522 1316 τοῦ

226 1374 428 1454 διαληφθέντος’
442 1374 646 1455 χρυσοβοθλλου
668 1374 814 1456 διορίσηται
836 1377 853 1450 6
878 1375 1005 1450 βασιλεία
1028 1397 1079 1452 μου
1101 1375 1149 1436 καὶ
1164 1377 1339 1459 ίκανοποιηθῇ
1356 1377 1522 1455 ἀλλαχόθεν

226 1497 240 1554 6
271 1495 429 1574 διαληφθεὶς
451 1492 605 1582 σεβίαστδς]
628 1498 765 1578 Μαρτίνος
785 1499 816 1558 τό
839 1498 1016 1578 ὀφειλόμενον
1037 1503 1114 1560 τοίπο
1137 1499 1330 1580 διαπρακτικδν
1351 1500 1436 1560 ποσδν
1462 1499 1522 1560 ἀντί

225 1621 271 1677 τοῦ
299 1617 493 1698 διαληφθέντος
522 1618 643 1698 ἀγριδίου
669 1620 739 1680 κατὰ
760 1621 791 1680 τό
814 1619 999 1700 οἰνυοτέρητον,
1028 1622 1059 1680 τό
1082 1620 1113 1679 δὲ
1135 1625 1252 1681 τοιοῦτον
1275 1621 1396 1702 ἀγρίδιον
1420 1622 1522 1682 Μονό-

226 1760 325 1816 σπητον
348 1740 498 1817 κατέχηται
519 1739 602 1800 ποίλιν
624 1741 699 1820 παρὰ
719 1747 769 1817 τῆς
792 1739 937 1820 εἰρημένης
959 1740 1109 1816 σεβασμίας
1132 1749 1226 1821 μονῆς,
1249 1743 1332 1820 ἤγουν
1354 1742 1522 1818 ἡβασιλεία

227 1880 278 1936 μου
301 1860 346 1920 διὰ
367 1861 415 1936 την
437 1861 517 1936 τιμὴν
538 1863 745 1941 προηγουμένης
769 1857 916 1947 [πράξεως]
925 1858 950 1946 ²)
972 1861 1019 1922 καί
1041 1864 1071 1922 εδ
1094 1863 1263 1924 ἀκατάλυτον
1283 1867 1328 1923 τοῦ
1344 1863 1522 1940 δηλωθέντος

225 1981 442 2064 χρυσοβοθλλου,
466 1983 505 2044 ἔτι
528 1983 558 2044 δέ
580 1981 627 2044 καὶ
650 1984 695 2044 διὰ
715 1985 764 2059 τἠν
786 1983 847 2064 περὶ
868 1985 960 2045 τοθτου
984 1987 1091 2062 ζήτησιν
1110 1983 1157 2044 καὶ
1171 1985 1342 2064 παροίκλησιν
1357 1989 1404 2047 τοῦ
1420 1986 1522 2063 δηλω-

226 2103 319 2176 θέντος
348 2105 554 2183 θεοφιλεστάτου
581 2105 726 2166 ἐπισκόπου
748 2107 854 2184 Ζιχνιῖιν
885 2105 988 2166 δίκαιον
1018 2104 1065 2166 καί
1092 2105 1207 2184 εθλογον
1236 2108 1407 2186 λογισαμένη
1430 2113 1522 2188 τοῦτο,

228 2226 289 2304 ἔχει
311 2225 421 2302 θέλημα
444 2227 490 2286 καὶ
513 2227 656 2306 διορίζεταί
678 2248 719 2286 σοι
741 2223 837 2312 [οἰκείε
859 2234 892 2310 τῇ
916 2225 1043 2311 βασιλείᾳ
1066 2249 1126 2307 μου,
1153 2229 1262 2307 κεφαλὴ
1284 2224 1427 2314 Βολεροϋ].
1462 2229 1523 2290 ἐπεί

228 2346 377 2426 εὑρίσκεται
398 2346 459 2427 περί
481 2347 530 2420 τὰς
545 2349 649 2429 Σέρρας
670 2349 688 2423 6
711 2345 862 2428 οἰκονομία,
884 2351 918 2425 ἣν
940 2344 1016 2427 εἰχεν
1039 2351 1054 2408 6
1076 2351 1144 2430 ἀνὴρ
1165 2356 1215 2426 της
1235 2351 1366 2430 θυγατρός
1380 2354 1428 2411 τοῦ
1445 2352 1521 2412 Ῥω-

228 2468 309 2544 μαίου
332 2468 436 2528 ἐκείνου
458 2471 473 2528 6
496 2470 656 2550 Σαρακηνός
677 2470 839 2551 λεγόμενος,
862 2472 1010 2547 ποσότητος
1032 2467 1107 2551 οὖσα,
1135 2473 1174 2543 ὡς
1196 2472 1355 2550 ἀνηγγέλθη
1377 2477 1411 2554 τῇ
1436 2471 1520 2546 βασι-

227 2588 292 2672 λείᾳ
316 2611 376 2670 μου,
408 2589 578 2667 νομισμάτων
600 2591 639 2670 π’,
670 2595 703 2668 ἣν
730 2595 843 2671 κατέχει
866 2593 963 2672 ἀρτίως
984 2594 1002 2668 6
1025 2594 1092 2672 γυνὴ
1117 2591 1230 2672 ἐκείνου,
1260 2591 1322 2672 παρ’
1336 2593 1449 2674 ὁρισμόν
1471 2602 1522 2671 της

229 2711 372 2786 βασιλείας
394 2733 455 2792 μου,
478 2713 654 2793 προλαβοῦσα
675 2713 722 2774 καί
744 2713 784 2788 εἰς
806 2713 954 2790 συνοίκησιν
978 2714 1104 2790 ἐθέσμως
1126 2713 1278 2798 ὑποχείριον
1303 2717 1394 2794 αἰνιῆς,
1425 2737 1521 2797 παρα-

229 2833 325 2908 δώσεις
355 2835 408 2894 οἰπδ
434 2837 532 2912 ταθτης
553 2837 621 2917 πρός
641 2837 687 2895 τόν
710 2835 871 2912 δηλωθέντα
892 2831 1046 2922 [σεβαστόν]
1070 2837 1206 2917 Μαρτίνον
1229 2837 1359 2918 ἀκεραίαν
1381 2835 1429 2898 καὶ
1453 2839 1521 2898 ἀνυ-

229 2957 355 3037 στέρητον
379 2957 412 3016 ἐκ
432 2963 482 3034 τῆς
505 2953 579 3044 [τῶν]
602 2956 631 3036 χ’
648 2959 819 3034 νομισμάτων
833 2959 990 3038 ποσότητος,
1015 2957 1053 3031 εἰς
1068 2961 1101 3034 ἢν
1115 2957 1327 3039 καταγράφεται,
1351 2960 1389 3032 ὡς
1405 2959 1520 3040 εἴρηται,

230 3078 275 3140 διὰ
295 3083 443 3158 πρακτικοῦ
466 3081 543 3140 οιότοῦ
566 3079 595 3138 τό
618 3079 742 3156 θηλωθέν
765 3080 895 3160 οἰγρίδιον,
922 3081 971 3155 τὴν
995 3079 1026 3140 δὲ
1049 3082 1144 3162 ἑτέραν
1165 3083 1300 3157 ποσότητα
1322 3082 1370 3156 τὴν
1394 3082 1449 3142 ἀπό
1470 3091 1521 3158 τῆς

229 3201 352 3277 τοιαθτης
375 3197 530 3277 οἰκονομίας
552 3204 695 3281 κρατήσεις
716 3199 763 3261 καί
784 3202 991 3282 περιορίσειςί),
1013 3202 1091 3280 λέγω
1106 3205 1152 3262 τοῦ
1167 3201 1304 3281 δημοσίου,
1328 3203 1428 3262 ἔστ’θν
1443 3204 1521 3285 όρίση

228 3319 289 3400 περὶ
312 3323 394 3398 αἰιτίρς
416 3325 434 3397 6
457 3321 584 3398 βασιλεία
607 3344 668 3403 μου,
692 3325 753 3382 όσον
777 3323 905 3404 διακρίνει
926 3321 974 3383 καί
997 3324 1056 3402 ἔχει
1077 3324 1198 3404 θέλημα,
1219 3327 1287 3404 πρός
1307 3322 1337 3384 δὲ
1356 3325 1406 3401 τἠν
1422 3326 1520 3402 δηλω-

229 3444 320 3504 θεῖσαν
343 3443 492 3520 σεβασμίου
515 3445 600 3521 μονὴν
623 3445 775 3518 ἀποδώσεις
796 3447 826 3506 τδ
848 3449 965 3536 τοιοῦτον
988 3445 1108 3525 ἀγρίδιον
1131 3447 1160 3504 τό
1177 3446 1365 3526 Μονόσπητον,
1387 3444 1435 3506 καὶ
1449 3468 1521 3506 κοιτ-

230 3569 327 3644 έχηται
349 3565 395 3626 καὶ
417 3568 532 3644 νέμηται
554 3567 617 3626 αἰιιδ
637 3569 713 3628 τοῦτο
730 3567 922 3646 ἀνενοχλητως
937 3565 984 3627 καί
999 3567 1174 3642 ἀδιασείστως
1189 3569 1259 3628 κατὰ
1273 3573 1362 3628 πᾶσαν
1377 3571 1427 3645 τἠν
1444 3567 1520 3646 ίοχίιν

229 3687 275 3748 καί
296 3689 440 3768 περιληψιν
461 3693 507 3750 τοῦ
521 3691 820 3770 προεπιχορηγηθὲντος
836 3692 911 3773 αὐτῇ,
934 3691 1026 3764 καθὼς
1041 3690 1154 3771 εἴρηται,
1177 3689 1383 3771 χρυσοβοθλλου
1399 3698 1450 3768 τῆς
1465 3689 1519 3765 βα-

230 3810 335 3884 σιλείας
350 3832 411 3894 μου,
434 3811 480 3872 καὶ
494 3811 605 3888 ποίησον
620 3811 690 3872 κατὰ
705 3814 734 3872 τδ
749 3813 835 3890 παρόν
849 3813 1019 3893 πρόσταγμα,
1040 3815 1055 3871 6
1069 3811 1116 3873 καὶ
1131 3812 1304 3895 ἀντίστρεψον
1320 3811 1364 3873 ἐπί
1381 3811 1418 3893 τῷ
1433 3833 1519 3893 προσ-

231 3937 300 3992 εῖναι
321 3940 354 4016 τῇ
378 3933 531 4015 δηλωθείση
551 3933 686 4015 σεβασμίᾳ
706 3939 774 4016 μονῇ
791 3931 831 4005 είς
846 3933 1005 4012 οἰσφοίλειαν.
1029 3935 1082 3994 οἰπδ
1098 3934 1128 3994 δὲ
1143 3942 1193 4012 τῆς
1209 3933 1349 3996 ἐπιλοίπου
1365 3932 1520 4012 οἰκονομίας

230 4063 280 4132 τῆς
303 4055 472 4132 δηλωθείσης
487 4056 628 4131 Ῥωμαίοις
649 4055 759 4133 θέλημα
782 4057 836 4137 ἔχη
857 4058 875 4130 6
900 4055 1026 4130 βασίλεια
1049 4079 1110 4136 μου,
1134 4059 1172 4130 ὡς
1193 4056 1240 4118 καί
1263 4058 1390 4138 ἀνωτέρω
1406 4057 1518 4138 εἴρηται,

230 4178 275 4238 ἵνα
297 4177 382 4255 μηδὲν
406 4178 540 4260 ἐπιδώσης
558 4182 626 4258 πρός
644 4199 702 4238 τινα
723 4181 805 4258 μέχρι
824 4176 871 4238 καί
890 4183 935 4238 τοί
951 4175 1131 4265 [ἐλαχίστου],
1149 4179 1242 4255 ἐπειδὴ
1258 4178 1386 4260 γνωρίσαι
1403 4180 1519 4256 μέλλεις

233 4299 266 4359 δι’
280 4301 370 4380 ἑτέρου
391 4298 598 4380 προστάγματος
617 4302 648 4360 τό
666 4298 728 4380 περὶ
747 4301 844 4376 ταθτης
858 4301 970 4377 θέλημα
984 4299 1031 4361 καὶ
1045 4303 1075 4360 τό
1091 4303 1188 4382 όρισμοι
1203 4308 1252 4378 τῆς
1268 4301 1411 4377 βασιλείας
1426 4295 1484 4378 μου
1492 4307 1516 4378 †.

337 4585 356 4652 ¹)
374 4585 406 4635 In
425 4586 576 4653 apographo
594 4587 615 4636 Ι.
635 4585 677 4636 hic
699 4587 825 4636 inseritur
842 4581 901 4652 πρὸς
919 4582 962 4649 τὴν
980 4583 1105 4652 βασιλείαν
1125 4601 1180 4652 μου,
1203 4585 1275 4651 quod
1293 4589 1417 4652 superius
1435 4587 1515 4639 habes

231 4682 260 4730 in
278 4686 415 4732 contextu.
485 4681 505 4746 ²)
525 4680 719 4746 Supp10vimus.
792 4682 812 4747 ³)
830 4679 980 4749 περιορηοεις
999 4681 1022 4731 1.
