<?xml version="1.0" encoding="UTF-8"?>
<!DOCTYPE html PUBLIC "-//W3C//DTD XHTML 1.0 Transitional//EN"
    "http://www.w3.org/TR/xhtml1/DTD/xhtml1-transitional.dtd">
<html xmlns="http://www.w3.org/1999/xhtml" xml:lang="en" lang="en">
 <head>
  <title>
</title>
<meta http-equiv="Content-Type" content="text/html;charset=utf-8" />
  <meta name='ocr-system' content='tesseract 3.04.00' />
  <meta name='ocr-capabilities' content='ocr_page ocr_carea ocr_par ocr_line ocrx_word'/>
</head>
<body>
  <div class='ocr_page' id='page_1' title='image "./actaetdiplomata00miklgoog_0073.png"; bbox 0 0 3208 5310; ppageno 0'>
   <div class='ocr_carea' id='block_1_1' title="bbox 247 361 290 426">
    <p class='ocr_par' dir='ltr' id='par_1_1' title="bbox 247 361 290 426">
     <span class='ocr_line' id='line_1_1' title="bbox 247 361 290 426; baseline -0.023 0"><span class='ocrx_word' id='word_1_1' title='bbox 247 361 290 426; x_wconf 80' lang='lat'>52</span> 
     </span>
    </p>
   </div>
   <div class='ocr_carea' id='block_1_2' title="bbox 236 555 1554 2959">
    <p class='ocr_par' dir='ltr' id='par_1_2' title="bbox 236 555 1554 2959">
     <span class='ocr_line' id='line_1_2' title="bbox 247 555 1554 646; baseline 0.006 -30"><span class='ocrx_word' id='word_1_2' title='bbox 247 556 305 636; x_wconf 83' lang='grc' dir='ltr'>ρίου</span> <span class='ocrx_word' id='word_1_3' title='bbox 332 561 383 632; x_wconf 75' lang='grc' dir='ltr'>τῆς</span> <span class='ocrx_word' id='word_1_4' title='bbox 411 563 497 633; x_wconf 81' lang='grc' dir='ltr'>μονῆς</span> <span class='ocrx_word' id='word_1_5' title='bbox 523 561 569 618; x_wconf 82' lang='grc' dir='ltr'>τοῦ</span> <span class='ocrx_word' id='word_1_6' title='bbox 592 559 732 639; x_wconf 88' lang='grc' dir='ltr'>Δρεπάνου</span> <span class='ocrx_word' id='word_1_7' title='bbox 760 556 861 635; x_wconf 87' lang='grc' dir='ltr'>μοδίων</span> <span class='ocrx_word' id='word_1_8' title='bbox 878 555 931 635; x_wconf 86' lang='grc' dir='ltr'>ιβ’.</span> <span class='ocrx_word' id='word_1_9' title='bbox 963 563 1054 642; x_wconf 82' lang='grc' dir='ltr'>ἕτερον</span> <span class='ocrx_word' id='word_1_10' title='bbox 1076 565 1107 623; x_wconf 91' lang='grc' dir='ltr'>ιδ</span> <span class='ocrx_word' id='word_1_11' title='bbox 1128 563 1282 644; x_wconf 84' lang='grc' dir='ltr'>λεγόμενον</span> <span class='ocrx_word' id='word_1_12' title='bbox 1305 568 1350 624; x_wconf 76' lang='grc' dir='ltr'>τοῦ</span> <span class='ocrx_word' id='word_1_13' title='bbox 1372 564 1496 646; x_wconf 80' lang='grc' dir='ltr'>Βαιερσίι</span> <span class='ocrx_word' id='word_1_14' title='bbox 1520 566 1554 624; x_wconf 86' lang='grc' dir='ltr'>ιδ</span> 
     </span>
     <span class='ocr_line' id='line_1_3' title="bbox 246 679 1554 768; baseline 0.002 -24"><span class='ocrx_word' id='word_1_15' title='bbox 246 682 362 760; x_wconf 81' lang='grc' dir='ltr'>πλησίον</span> <span class='ocrx_word' id='word_1_16' title='bbox 390 681 462 742; x_wconf 81' lang='grc' dir='ltr'>κατὰ</span> <span class='ocrx_word' id='word_1_17' title='bbox 488 679 627 753; x_wconf 81' lang='grc' dir='ltr'>ἀνατολὰς</span> <span class='ocrx_word' id='word_1_18' title='bbox 649 683 787 762; x_wconf 81' lang='grc' dir='ltr'>χωραηίου</span> <span class='ocrx_word' id='word_1_19' title='bbox 809 687 856 743; x_wconf 83' lang='grc' dir='ltr'>τοῦ</span> <span class='ocrx_word' id='word_1_20' title='bbox 880 683 1062 766; x_wconf 76' lang='grc' dir='ltr'>Ἀλειμμαιᾶ,</span> <span class='ocrx_word' id='word_1_21' title='bbox 1092 687 1164 747; x_wconf 82' lang='grc' dir='ltr'>ιιατὰ</span> <span class='ocrx_word' id='word_1_22' title='bbox 1186 687 1218 747; x_wconf 85' lang='grc' dir='ltr'>δέ</span> <span class='ocrx_word' id='word_1_23' title='bbox 1241 687 1314 747; x_wconf 77' lang='grc' dir='ltr'>δύσιν</span> <span class='ocrx_word' id='word_1_24' title='bbox 1337 687 1478 768; x_wconf 76' lang='grc' dir='ltr'>χωραηίσυ</span> <span class='ocrx_word' id='word_1_25' title='bbox 1501 691 1554 747; x_wconf 76' lang='grc' dir='ltr'>τοῦ</span> 
     </span>
     <span class='ocr_line' id='line_1_4' title="bbox 245 802 1551 888; baseline 0.002 -22"><span class='ocrx_word' id='word_1_26' title='bbox 245 811 322 866; x_wconf 80' lang='grc' dir='ltr'>παπαί</span> <span class='ocrx_word' id='word_1_27' title='bbox 344 805 500 886; x_wconf 84' lang='grc' dir='ltr'>Κυπριανοῡ</span> <span class='ocrx_word' id='word_1_28' title='bbox 516 802 555 888; x_wconf 81' lang='grc' dir='ltr'>(ί)</span> <span class='ocrx_word' id='word_1_29' title='bbox 579 803 681 881; x_wconf 85' lang='grc' dir='ltr'>μοδίων</span> <span class='ocrx_word' id='word_1_30' title='bbox 698 802 737 877; x_wconf 82' lang='grc' dir='ltr'>ἐξ.</span> <span class='ocrx_word' id='word_1_31' title='bbox 763 807 854 886; x_wconf 80' lang='grc' dir='ltr'>ἕτερον</span> <span class='ocrx_word' id='word_1_32' title='bbox 877 808 908 866; x_wconf 93' lang='grc' dir='ltr'>ιδ</span> <span class='ocrx_word' id='word_1_33' title='bbox 930 808 1084 887; x_wconf 82' lang='grc' dir='ltr'>λεγόμενον</span> <span class='ocrx_word' id='word_1_34' title='bbox 1106 814 1153 869; x_wconf 79' lang='grc' dir='ltr'>τοῦ</span> <span class='ocrx_word' id='word_1_35' title='bbox 1172 815 1250 870; x_wconf 85' lang='grc' dir='ltr'>παπᾶ</span> <span class='ocrx_word' id='word_1_36' title='bbox 1266 809 1362 884; x_wconf 83' lang='grc' dir='ltr'>Σάββα</span> <span class='ocrx_word' id='word_1_37' title='bbox 1386 808 1492 884; x_wconf 87' lang='grc' dir='ltr'>μοδίων</span> <span class='ocrx_word' id='word_1_38' title='bbox 1508 807 1551 886; x_wconf 87' lang='grc' dir='ltr'>γ’.</span> 
     </span>
     <span class='ocr_line' id='line_1_5' title="bbox 245 923 1553 1012; baseline 0.002 -25"><span class='ocrx_word' id='word_1_39' title='bbox 245 929 347 1010; x_wconf 83' lang='grc' dir='ltr'>άρμοίιιι</span> <span class='ocrx_word' id='word_1_40' title='bbox 369 930 400 988; x_wconf 87' lang='grc' dir='ltr'>ιδ</span> <span class='ocrx_word' id='word_1_41' title='bbox 424 928 514 988; x_wconf 86' lang='grc' dir='ltr'>ἐπάνω</span> <span class='ocrx_word' id='word_1_42' title='bbox 537 932 583 988; x_wconf 79' lang='grc' dir='ltr'>τοῦ</span> <span class='ocrx_word' id='word_1_43' title='bbox 605 933 684 987; x_wconf 85' lang='grc' dir='ltr'>παπᾶ</span> <span class='ocrx_word' id='word_1_44' title='bbox 698 927 797 1002; x_wconf 80' lang='grc' dir='ltr'>Σάββα</span> <span class='ocrx_word' id='word_1_45' title='bbox 816 923 917 1004; x_wconf 80' lang='grc' dir='ltr'>μοδίων</span> <span class='ocrx_word' id='word_1_46' title='bbox 933 927 959 990; x_wconf 88' lang='grc' dir='ltr'>α’</span> <span class='ocrx_word' id='word_1_47' title='bbox 972 925 1022 1004; x_wconf 84' lang='grc' dir='ltr'>ς”.</span> <span class='ocrx_word' id='word_1_48' title='bbox 1047 931 1138 1012; x_wconf 85' lang='grc' dir='ltr'>ἕτερον</span> <span class='ocrx_word' id='word_1_49' title='bbox 1153 932 1184 990; x_wconf 90' lang='grc' dir='ltr'>ιδ</span> <span class='ocrx_word' id='word_1_50' title='bbox 1198 931 1270 990; x_wconf 76' lang='grc' dir='ltr'>κατὰ</span> <span class='ocrx_word' id='word_1_51' title='bbox 1285 931 1357 992; x_wconf 82' lang='grc' dir='ltr'>δύσιν</span> <span class='ocrx_word' id='word_1_52' title='bbox 1371 936 1422 1006; x_wconf 78' lang='grc' dir='ltr'>τῆς</span> <span class='ocrx_word' id='word_1_53' title='bbox 1439 931 1553 1012; x_wconf 88' lang='grc' dir='ltr'>Πετρδς</span> 
     </span>
     <span class='ocr_line' id='line_1_6' title="bbox 244 1047 1552 1134; baseline 0.003 -25"><span class='ocrx_word' id='word_1_54' title='bbox 244 1047 338 1122; x_wconf 84' lang='grc' dir='ltr'>ἀπέξω</span> <span class='ocrx_word' id='word_1_55' title='bbox 365 1049 458 1125; x_wconf 83' lang='grc' dir='ltr'>μοδίου</span> <span class='ocrx_word' id='word_1_56' title='bbox 474 1048 510 1108; x_wconf 89' lang='grc' dir='ltr'>α’.</span> <span class='ocrx_word' id='word_1_57' title='bbox 544 1051 636 1130; x_wconf 83' lang='grc' dir='ltr'>ἕτερον</span> <span class='ocrx_word' id='word_1_58' title='bbox 657 1052 794 1130; x_wconf 83' lang='grc' dir='ltr'>χωράηιον</span> <span class='ocrx_word' id='word_1_59' title='bbox 816 1051 847 1110; x_wconf 88' lang='grc' dir='ltr'>ιδ</span> <span class='ocrx_word' id='word_1_60' title='bbox 871 1052 962 1111; x_wconf 84' lang='grc' dir='ltr'>ἐπάνω</span> <span class='ocrx_word' id='word_1_61' title='bbox 984 1056 1030 1111; x_wconf 86' lang='grc' dir='ltr'>ιιίι</span> <span class='ocrx_word' id='word_1_62' title='bbox 1051 1051 1193 1113; x_wconf 86' lang='grc' dir='ltr'>Φουσάτσυ</span> <span class='ocrx_word' id='word_1_63' title='bbox 1215 1055 1246 1113; x_wconf 87' lang='grc' dir='ltr'>τδ</span> <span class='ocrx_word' id='word_1_64' title='bbox 1267 1051 1384 1129; x_wconf 78' lang='grc' dir='ltr'>πλησίον</span> <span class='ocrx_word' id='word_1_65' title='bbox 1406 1053 1436 1112; x_wconf 82' lang='grc' dir='ltr'>ἓν</span> <span class='ocrx_word' id='word_1_66' title='bbox 1457 1055 1552 1134; x_wconf 80' lang='grc' dir='ltr'>μέρος</span> 
     </span>
     <span class='ocr_line' id='line_1_7' title="bbox 243 1171 1550 1256; baseline 0.001 -24"><span class='ocrx_word' id='word_1_67' title='bbox 243 1171 382 1252; x_wconf 80' lang='grc' dir='ltr'>χωραρίου</span> <span class='ocrx_word' id='word_1_68' title='bbox 404 1177 450 1232; x_wconf 83' lang='grc' dir='ltr'>τοῦ</span> <span class='ocrx_word' id='word_1_69' title='bbox 471 1177 549 1232; x_wconf 82' lang='grc' dir='ltr'>παπαί</span> <span class='ocrx_word' id='word_1_70' title='bbox 564 1173 728 1253; x_wconf 81' lang='grc' dir='ltr'>Κυπριαιοῦ,</span> <span class='ocrx_word' id='word_1_71' title='bbox 752 1175 781 1233; x_wconf 88' lang='grc' dir='ltr'>ἐν</span> <span class='ocrx_word' id='word_1_72' title='bbox 805 1173 836 1233; x_wconf 84' lang='grc' dir='ltr'>δὲ</span> <span class='ocrx_word' id='word_1_73' title='bbox 859 1176 889 1234; x_wconf 88' lang='grc' dir='ltr'>τδ</span> <span class='ocrx_word' id='word_1_74' title='bbox 913 1177 1004 1254; x_wconf 90' lang='grc' dir='ltr'>έτερσν</span> <span class='ocrx_word' id='word_1_75' title='bbox 1027 1175 1166 1256; x_wconf 80' lang='grc' dir='ltr'>χωραρίου</span> <span class='ocrx_word' id='word_1_76' title='bbox 1188 1179 1234 1234; x_wconf 81' lang='grc' dir='ltr'>τοῦ</span> <span class='ocrx_word' id='word_1_77' title='bbox 1250 1175 1424 1251; x_wconf 82' lang='grc' dir='ltr'>Ἀλειμματᾶ</span> <span class='ocrx_word' id='word_1_78' title='bbox 1439 1174 1550 1250; x_wconf 88' lang='grc' dir='ltr'>μοδίων</span> 
     </span>
     <span class='ocr_line' id='line_1_8' title="bbox 245 1294 1551 1375; baseline 0.002 -22"><span class='ocrx_word' id='word_1_79' title='bbox 245 1294 333 1369; x_wconf 87' lang='grc' dir='ltr'>α’ς”.</span> <span class='ocrx_word' id='word_1_80' title='bbox 366 1297 458 1375; x_wconf 83' lang='grc' dir='ltr'>ἕτερον</span> <span class='ocrx_word' id='word_1_81' title='bbox 484 1297 622 1375; x_wconf 83' lang='grc' dir='ltr'>χωράηιον</span> <span class='ocrx_word' id='word_1_82' title='bbox 649 1295 679 1354; x_wconf 89' lang='grc' dir='ltr'>ιδ</span> <span class='ocrx_word' id='word_1_83' title='bbox 705 1295 821 1372; x_wconf 82' lang='grc' dir='ltr'>πλησίον</span> <span class='ocrx_word' id='word_1_84' title='bbox 848 1301 901 1356; x_wconf 86' lang='grc' dir='ltr'>τῶν</span> <span class='ocrx_word' id='word_1_85' title='bbox 925 1297 1075 1356; x_wconf 85' lang='grc' dir='ltr'>Φουσάιων</span> <span class='ocrx_word' id='word_1_86' title='bbox 1101 1298 1132 1357; x_wconf 93' lang='grc' dir='ltr'>ιδ</span> <span class='ocrx_word' id='word_1_87' title='bbox 1154 1296 1271 1373; x_wconf 89' lang='grc' dir='ltr'>πλησίον</span> <span class='ocrx_word' id='word_1_88' title='bbox 1300 1296 1372 1356; x_wconf 78' lang='grc' dir='ltr'>κατὰ</span> <span class='ocrx_word' id='word_1_89' title='bbox 1403 1295 1551 1368; x_wconf 80' lang='grc' dir='ltr'>ἀνατολὰς</span> 
     </span>
     <span class='ocr_line' id='line_1_9' title="bbox 243 1415 1550 1500; baseline -0.002 -23"><span class='ocrx_word' id='word_1_90' title='bbox 243 1421 289 1477; x_wconf 79' lang='grc' dir='ltr'>τοῦ</span> <span class='ocrx_word' id='word_1_91' title='bbox 311 1423 389 1476; x_wconf 83' lang='grc' dir='ltr'>παπᾱ</span> <span class='ocrx_word' id='word_1_92' title='bbox 412 1415 549 1497; x_wconf 89' lang='grc' dir='ltr'>Γεωργίσυ</span> <span class='ocrx_word' id='word_1_93' title='bbox 572 1416 666 1491; x_wconf 83' lang='grc' dir='ltr'>μοδίου</span> <span class='ocrx_word' id='word_1_94' title='bbox 682 1416 718 1477; x_wconf 85' lang='grc' dir='ltr'>α’.</span> <span class='ocrx_word' id='word_1_95' title='bbox 750 1419 842 1498; x_wconf 79' lang='grc' dir='ltr'>ἕτερον</span> <span class='ocrx_word' id='word_1_96' title='bbox 863 1421 1002 1498; x_wconf 84' lang='grc' dir='ltr'>χωράηιον</span> <span class='ocrx_word' id='word_1_97' title='bbox 1024 1423 1070 1479; x_wconf 79' lang='grc' dir='ltr'>τοῦ</span> <span class='ocrx_word' id='word_1_98' title='bbox 1092 1417 1206 1500; x_wconf 81' lang='grc' dir='ltr'>Τριπόδι</span> <span class='ocrx_word' id='word_1_99' title='bbox 1228 1419 1402 1492; x_wconf 75' lang='grc' dir='ltr'>καλούμενον</span> <span class='ocrx_word' id='word_1_100' title='bbox 1424 1417 1550 1493; x_wconf 81' lang='grc' dir='ltr'>πλησίον</span> 
     </span>
     <span class='ocr_line' id='line_1_10' title="bbox 242 1536 1550 1620; baseline 0 -22"><span class='ocrx_word' id='word_1_101' title='bbox 242 1538 380 1620; x_wconf 83' lang='grc' dir='ltr'>χωραφίου</span> <span class='ocrx_word' id='word_1_102' title='bbox 395 1542 441 1598; x_wconf 82' lang='grc' dir='ltr'>τοῦ</span> <span class='ocrx_word' id='word_1_103' title='bbox 457 1539 566 1610; x_wconf 85' lang='grc' dir='ltr'>Ῥοίιζου</span> <span class='ocrx_word' id='word_1_104' title='bbox 590 1537 690 1613; x_wconf 88' lang='grc' dir='ltr'>μοδίων</span> <span class='ocrx_word' id='word_1_105' title='bbox 707 1536 746 1611; x_wconf 82' lang='grc' dir='ltr'>ἐξ.</span> <span class='ocrx_word' id='word_1_106' title='bbox 771 1541 863 1620; x_wconf 79' lang='grc' dir='ltr'>ἕτερον</span> <span class='ocrx_word' id='word_1_107' title='bbox 886 1544 1023 1620; x_wconf 82' lang='grc' dir='ltr'>χωράηιον</span> <span class='ocrx_word' id='word_1_108' title='bbox 1046 1541 1077 1600; x_wconf 86' lang='grc' dir='ltr'>ιδ</span> <span class='ocrx_word' id='word_1_109' title='bbox 1101 1540 1192 1601; x_wconf 84' lang='grc' dir='ltr'>ἐπάνω</span> <span class='ocrx_word' id='word_1_110' title='bbox 1215 1541 1307 1600; x_wconf 83' lang='grc' dir='ltr'>τούτου</span> <span class='ocrx_word' id='word_1_111' title='bbox 1330 1537 1432 1614; x_wconf 88' lang='grc' dir='ltr'>μοδίων</span> <span class='ocrx_word' id='word_1_112' title='bbox 1449 1537 1489 1613; x_wconf 86' lang='grc' dir='ltr'>β’.</span> <span class='ocrx_word' id='word_1_113' title='bbox 1515 1541 1550 1598; x_wconf 90' lang='grc' dir='ltr'>ιδ</span> 
     </span>
     <span class='ocr_line' id='line_1_11' title="bbox 241 1657 1549 1742; baseline -0.001 -20"><span class='ocrx_word' id='word_1_114' title='bbox 241 1661 357 1738; x_wconf 85' lang='grc' dir='ltr'>πλησίον</span> <span class='ocrx_word' id='word_1_115' title='bbox 380 1660 518 1742; x_wconf 81' lang='grc' dir='ltr'>χωραφίσυ</span> <span class='ocrx_word' id='word_1_116' title='bbox 541 1665 586 1720; x_wconf 77' lang='grc' dir='ltr'>τοῦ</span> <span class='ocrx_word' id='word_1_117' title='bbox 601 1661 768 1741; x_wconf 86' lang='grc' dir='ltr'>Κολοιέρου.</span> <span class='ocrx_word' id='word_1_118' title='bbox 794 1663 885 1742; x_wconf 87' lang='grc' dir='ltr'>ἕτερον</span> <span class='ocrx_word' id='word_1_119' title='bbox 908 1663 938 1721; x_wconf 88' lang='grc' dir='ltr'>ιδ</span> <span class='ocrx_word' id='word_1_120' title='bbox 961 1661 1077 1736; x_wconf 89' lang='grc' dir='ltr'>πλησίον</span> <span class='ocrx_word' id='word_1_121' title='bbox 1099 1663 1192 1722; x_wconf 86' lang='grc' dir='ltr'>τοίιιου</span> <span class='ocrx_word' id='word_1_122' title='bbox 1213 1663 1244 1722; x_wconf 90' lang='grc' dir='ltr'>ιδ</span> <span class='ocrx_word' id='word_1_123' title='bbox 1267 1657 1338 1720; x_wconf 80' lang='grc' dir='ltr'>κατὰ</span> <span class='ocrx_word' id='word_1_124' title='bbox 1355 1660 1428 1721; x_wconf 83' lang='grc' dir='ltr'>δύσιν</span> <span class='ocrx_word' id='word_1_125' title='bbox 1444 1661 1549 1736; x_wconf 87' lang='grc' dir='ltr'>μοδίου</span> 
     </span>
     <span class='ocr_line' id='line_1_12' title="bbox 242 1782 1547 1864; baseline 0 -20"><span class='ocrx_word' id='word_1_126' title='bbox 242 1783 279 1844; x_wconf 89' lang='grc' dir='ltr'>α’.</span> <span class='ocrx_word' id='word_1_127' title='bbox 308 1786 401 1863; x_wconf 87' lang='grc' dir='ltr'>έιερον</span> <span class='ocrx_word' id='word_1_128' title='bbox 427 1785 565 1862; x_wconf 77' lang='grc' dir='ltr'>χωράριον</span> <span class='ocrx_word' id='word_1_129' title='bbox 588 1784 618 1842; x_wconf 88' lang='grc' dir='ltr'>ιδ</span> <span class='ocrx_word' id='word_1_130' title='bbox 641 1784 762 1858; x_wconf 74' lang='grc' dir='ltr'>κλεῑσμα</span> <span class='ocrx_word' id='word_1_131' title='bbox 784 1788 830 1843; x_wconf 80' lang='grc' dir='ltr'>τοῦ</span> <span class='ocrx_word' id='word_1_132' title='bbox 853 1783 931 1862; x_wconf 90' lang='grc' dir='ltr'>οίγίσυ</span> <span class='ocrx_word' id='word_1_133' title='bbox 954 1783 1113 1864; x_wconf 82' lang='grc' dir='ltr'>Γρηγσρίου,</span> <span class='ocrx_word' id='word_1_134' title='bbox 1144 1785 1210 1844; x_wconf 82' lang='grc' dir='ltr'>ἔνθα</span> <span class='ocrx_word' id='word_1_135' title='bbox 1231 1782 1278 1844; x_wconf 76' lang='grc' dir='ltr'>καί</span> <span class='ocrx_word' id='word_1_136' title='bbox 1301 1783 1316 1843; x_wconf 83' lang='grc' dir='ltr'>δ</span> <span class='ocrx_word' id='word_1_137' title='bbox 1337 1784 1403 1855; x_wconf 81' lang='grc' dir='ltr'>ναδς</span> <span class='ocrx_word' id='word_1_138' title='bbox 1425 1783 1547 1864; x_wconf 78' lang='grc' dir='ltr'>ἵδρυται,</span> 
     </span>
     <span class='ocr_line' id='line_1_13' title="bbox 242 1903 1548 1986; baseline 0 -21"><span class='ocrx_word' id='word_1_139' title='bbox 242 1904 343 1982; x_wconf 85' lang='grc' dir='ltr'>μοδίων</span> <span class='ocrx_word' id='word_1_140' title='bbox 358 1903 394 1982; x_wconf 90' lang='grc' dir='ltr'>η’.</span> <span class='ocrx_word' id='word_1_141' title='bbox 423 1907 515 1985; x_wconf 84' lang='grc' dir='ltr'>ἕτερον</span> <span class='ocrx_word' id='word_1_142' title='bbox 543 1907 681 1986; x_wconf 82' lang='grc' dir='ltr'>χωράριον</span> <span class='ocrx_word' id='word_1_143' title='bbox 711 1908 757 1964; x_wconf 85' lang='grc' dir='ltr'>τοῦ</span> <span class='ocrx_word' id='word_1_144' title='bbox 780 1905 876 1964; x_wconf 83' lang='grc' dir='ltr'>Σιιίνου</span> <span class='ocrx_word' id='word_1_145' title='bbox 904 1907 936 1964; x_wconf 84' lang='grc' dir='ltr'>ιδ</span> <span class='ocrx_word' id='word_1_146' title='bbox 957 1904 1073 1981; x_wconf 88' lang='grc' dir='ltr'>πλησίον</span> <span class='ocrx_word' id='word_1_147' title='bbox 1103 1903 1242 1984; x_wconf 81' lang='grc' dir='ltr'>χωραρίου</span> <span class='ocrx_word' id='word_1_148' title='bbox 1264 1909 1311 1964; x_wconf 81' lang='grc' dir='ltr'>τοῦ</span> <span class='ocrx_word' id='word_1_149' title='bbox 1333 1905 1491 1984; x_wconf 86' lang='grc' dir='ltr'>Σιοιγιάνου</span> <span class='ocrx_word' id='word_1_150' title='bbox 1514 1908 1548 1966; x_wconf 87' lang='grc' dir='ltr'>ιδ</span> 
     </span>
     <span class='ocr_line' id='line_1_14' title="bbox 240 2023 1548 2107; baseline 0 -20"><span class='ocrx_word' id='word_1_151' title='bbox 240 2023 312 2087; x_wconf 79' lang='grc' dir='ltr'>κατὰ</span> <span class='ocrx_word' id='word_1_152' title='bbox 331 2027 470 2098; x_wconf 84' lang='grc' dir='ltr'>ἀνατολὰς</span> <span class='ocrx_word' id='word_1_153' title='bbox 490 2024 592 2101; x_wconf 91' lang='grc' dir='ltr'>μοδίων</span> <span class='ocrx_word' id='word_1_154' title='bbox 607 2024 644 2105; x_wconf 90' lang='grc' dir='ltr'>γ’.</span> <span class='ocrx_word' id='word_1_155' title='bbox 669 2025 709 2098; x_wconf 85' lang='grc' dir='ltr'>είς</span> <span class='ocrx_word' id='word_1_156' title='bbox 730 2030 775 2086; x_wconf 85' lang='grc' dir='ltr'>τὸν</span> <span class='ocrx_word' id='word_1_157' title='bbox 798 2028 876 2087; x_wconf 76' lang='grc' dir='ltr'>οιότδν</span> <span class='ocrx_word' id='word_1_158' title='bbox 899 2029 981 2086; x_wconf 84' lang='grc' dir='ltr'>τόπον</span> <span class='ocrx_word' id='word_1_159' title='bbox 1004 2029 1096 2107; x_wconf 81' lang='grc' dir='ltr'>ἕτερον</span> <span class='ocrx_word' id='word_1_160' title='bbox 1118 2027 1149 2086; x_wconf 91' lang='grc' dir='ltr'>ιδ</span> <span class='ocrx_word' id='word_1_161' title='bbox 1171 2025 1325 2106; x_wconf 77' lang='grc' dir='ltr'>λεγόμενον</span> <span class='ocrx_word' id='word_1_162' title='bbox 1347 2031 1393 2086; x_wconf 79' lang='grc' dir='ltr'>τοῦ</span> <span class='ocrx_word' id='word_1_163' title='bbox 1409 2027 1548 2105; x_wconf 86' lang='grc' dir='ltr'>Προνέως</span> 
     </span>
     <span class='ocr_line' id='line_1_15' title="bbox 240 2143 1546 2228; baseline 0 -20"><span class='ocrx_word' id='word_1_164' title='bbox 240 2151 270 2210; x_wconf 84' lang='grc' dir='ltr'>ιδ</span> <span class='ocrx_word' id='word_1_165' title='bbox 293 2146 397 2208; x_wconf 79' lang='grc' dir='ltr'>ἄνωθεν</span> <span class='ocrx_word' id='word_1_166' title='bbox 424 2143 564 2208; x_wconf 75' lang='grc' dir='ltr'>καὶκατὰ</span> <span class='ocrx_word' id='word_1_167' title='bbox 588 2148 660 2207; x_wconf 83' lang='grc' dir='ltr'>διἰσιν</span> <span class='ocrx_word' id='word_1_168' title='bbox 682 2149 819 2228; x_wconf 82' lang='grc' dir='ltr'>χωραρίου</span> <span class='ocrx_word' id='word_1_169' title='bbox 841 2153 887 2208; x_wconf 77' lang='grc' dir='ltr'>τοῦ</span> <span class='ocrx_word' id='word_1_170' title='bbox 910 2149 1005 2220; x_wconf 79' lang='grc' dir='ltr'>Ῥάζου</span> <span class='ocrx_word' id='word_1_171' title='bbox 1028 2146 1131 2224; x_wconf 81' lang='grc' dir='ltr'>μοδίων</span> <span class='ocrx_word' id='word_1_172' title='bbox 1147 2147 1184 2227; x_wconf 87' lang='grc' dir='ltr'>γ’.</span> <span class='ocrx_word' id='word_1_173' title='bbox 1216 2149 1308 2228; x_wconf 82' lang='grc' dir='ltr'>ἕτερον</span> <span class='ocrx_word' id='word_1_174' title='bbox 1330 2151 1471 2227; x_wconf 81' lang='grc' dir='ltr'>χωράριον</span> <span class='ocrx_word' id='word_1_175' title='bbox 1497 2155 1546 2209; x_wconf 74' lang='grc' dir='ltr'>τοῦ</span> 
     </span>
     <span class='ocr_line' id='line_1_16' title="bbox 241 2267 1546 2351; baseline 0 -20"><span class='ocrx_word' id='word_1_176' title='bbox 241 2271 318 2351; x_wconf 80' lang='grc' dir='ltr'>ἁγίου</span> <span class='ocrx_word' id='word_1_177' title='bbox 346 2269 472 2349; x_wconf 76' lang='grc' dir='ltr'>Ἀνδρέου</span> <span class='ocrx_word' id='word_1_178' title='bbox 500 2271 582 2348; x_wconf 86' lang='grc' dir='ltr'>μέχρι</span> <span class='ocrx_word' id='word_1_179' title='bbox 608 2273 654 2329; x_wconf 77' lang='grc' dir='ltr'>τοῦ</span> <span class='ocrx_word' id='word_1_180' title='bbox 682 2267 808 2348; x_wconf 79' lang='grc' dir='ltr'>αἰγιαλοῦ</span> <span class='ocrx_word' id='word_1_181' title='bbox 836 2269 936 2346; x_wconf 87' lang='grc' dir='ltr'>μοδίων</span> <span class='ocrx_word' id='word_1_182' title='bbox 956 2268 993 2346; x_wconf 92' lang='grc' dir='ltr'>η’.</span> <span class='ocrx_word' id='word_1_183' title='bbox 1026 2271 1117 2350; x_wconf 80' lang='grc' dir='ltr'>ἕτερον</span> <span class='ocrx_word' id='word_1_184' title='bbox 1143 2271 1173 2329; x_wconf 89' lang='grc' dir='ltr'>ιδ</span> <span class='ocrx_word' id='word_1_185' title='bbox 1201 2269 1293 2328; x_wconf 88' lang='grc' dir='ltr'>ἐπάνω</span> <span class='ocrx_word' id='word_1_186' title='bbox 1319 2273 1365 2328; x_wconf 78' lang='grc' dir='ltr'>τοῦ</span> <span class='ocrx_word' id='word_1_187' title='bbox 1393 2271 1546 2350; x_wconf 86' lang='grc' dir='ltr'>Βασιοίγου</span> 
     </span>
     <span class='ocr_line' id='line_1_17' title="bbox 239 2389 1546 2472; baseline 0.002 -21"><span class='ocrx_word' id='word_1_188' title='bbox 239 2389 376 2471; x_wconf 86' lang='grc' dir='ltr'>χωροὶφιον</span> <span class='ocrx_word' id='word_1_189' title='bbox 397 2396 443 2451; x_wconf 76' lang='grc' dir='ltr'>τοῦ</span> <span class='ocrx_word' id='word_1_190' title='bbox 459 2390 582 2466; x_wconf 89' lang='grc' dir='ltr'>Γσυδέλη</span> <span class='ocrx_word' id='word_1_191' title='bbox 607 2391 707 2467; x_wconf 85' lang='grc' dir='ltr'>μοδίων</span> <span class='ocrx_word' id='word_1_192' title='bbox 724 2390 760 2464; x_wconf 87' lang='grc' dir='ltr'>β’.</span> <span class='ocrx_word' id='word_1_193' title='bbox 785 2393 921 2472; x_wconf 81' lang='grc' dir='ltr'>χωροίριον</span> <span class='ocrx_word' id='word_1_194' title='bbox 936 2393 966 2452; x_wconf 89' lang='grc' dir='ltr'>τδ</span> <span class='ocrx_word' id='word_1_195' title='bbox 982 2392 1103 2466; x_wconf 85' lang='grc' dir='ltr'>ιιλεϊσμα</span> <span class='ocrx_word' id='word_1_196' title='bbox 1118 2391 1148 2450; x_wconf 90' lang='grc' dir='ltr'>ιδ</span> <span class='ocrx_word' id='word_1_197' title='bbox 1163 2391 1318 2468; x_wconf 75' lang='grc' dir='ltr'>λεγόμενον</span> <span class='ocrx_word' id='word_1_198' title='bbox 1332 2397 1379 2450; x_wconf 82' lang='grc' dir='ltr'>τοῦ</span> <span class='ocrx_word' id='word_1_199' title='bbox 1394 2393 1546 2471; x_wconf 85' lang='grc' dir='ltr'>Μάγηλσυ</span> 
     </span>
     <span class='ocr_line' id='line_1_18' title="bbox 238 2511 1545 2597; baseline 0.002 -24"><span class='ocrx_word' id='word_1_200' title='bbox 238 2512 339 2589; x_wconf 88' lang='grc' dir='ltr'>μοδίων</span> <span class='ocrx_word' id='word_1_201' title='bbox 355 2511 389 2574; x_wconf 80' lang='grc' dir='ltr'>δ’.</span> <span class='ocrx_word' id='word_1_202' title='bbox 414 2515 505 2592; x_wconf 82' lang='grc' dir='ltr'>ἕτερον</span> <span class='ocrx_word' id='word_1_203' title='bbox 527 2515 666 2593; x_wconf 83' lang='grc' dir='ltr'>χωράριον</span> <span class='ocrx_word' id='word_1_204' title='bbox 688 2516 734 2572; x_wconf 79' lang='grc' dir='ltr'>τοῦ</span> <span class='ocrx_word' id='word_1_205' title='bbox 755 2518 834 2572; x_wconf 83' lang='grc' dir='ltr'>παπᾶ</span> <span class='ocrx_word' id='word_1_206' title='bbox 850 2515 938 2575; x_wconf 80' lang='grc' dir='ltr'>Πότου</span> <span class='ocrx_word' id='word_1_207' title='bbox 954 2511 994 2597; x_wconf 80' lang='grc' dir='ltr'>(ί)</span> <span class='ocrx_word' id='word_1_208' title='bbox 1016 2516 1047 2573; x_wconf 89' lang='grc' dir='ltr'>τδ</span> <span class='ocrx_word' id='word_1_209' title='bbox 1069 2513 1184 2590; x_wconf 87' lang='grc' dir='ltr'>πλησίον</span> <span class='ocrx_word' id='word_1_210' title='bbox 1209 2513 1237 2573; x_wconf 94' lang='grc' dir='ltr'>ἐν</span> <span class='ocrx_word' id='word_1_211' title='bbox 1262 2511 1312 2588; x_wconf 84' lang='grc' dir='ltr'>μὲν</span> <span class='ocrx_word' id='word_1_212' title='bbox 1334 2513 1374 2592; x_wconf 83' lang='grc' dir='ltr'><strong>ιῷ</strong></span> <span class='ocrx_word' id='word_1_213' title='bbox 1397 2511 1437 2572; x_wconf 87' lang='grc' dir='ltr'>ένὶ</span> <span class='ocrx_word' id='word_1_214' title='bbox 1459 2517 1545 2596; x_wconf 82' lang='grc' dir='ltr'>μέρει</span> 
     </span>
     <span class='ocr_line' id='line_1_19' title="bbox 236 2631 1542 2716; baseline 0.001 -23"><span class='ocrx_word' id='word_1_215' title='bbox 236 2636 374 2714; x_wconf 78' lang='grc' dir='ltr'>χωραηίου</span> <span class='ocrx_word' id='word_1_216' title='bbox 396 2639 442 2695; x_wconf 80' lang='grc' dir='ltr'>τοῦ</span> <span class='ocrx_word' id='word_1_217' title='bbox 465 2641 543 2694; x_wconf 84' lang='grc' dir='ltr'>παπᾶ</span> <span class='ocrx_word' id='word_1_218' title='bbox 558 2635 702 2715; x_wconf 78' lang='grc' dir='ltr'>Γεωργίου,</span> <span class='ocrx_word' id='word_1_219' title='bbox 727 2635 755 2694; x_wconf 92' lang='grc' dir='ltr'>ἐν</span> <span class='ocrx_word' id='word_1_220' title='bbox 779 2634 811 2694; x_wconf 87' lang='grc' dir='ltr'>δέ</span> <span class='ocrx_word' id='word_1_221' title='bbox 833 2635 871 2715; x_wconf 82' lang='grc' dir='ltr'>τῷ</span> <span class='ocrx_word' id='word_1_222' title='bbox 895 2637 979 2715; x_wconf 84' lang='grc' dir='ltr'>ἑτέρῳ</span> <span class='ocrx_word' id='word_1_223' title='bbox 1001 2635 1139 2716; x_wconf 82' lang='grc' dir='ltr'>χωραρίου</span> <span class='ocrx_word' id='word_1_224' title='bbox 1162 2639 1207 2695; x_wconf 85' lang='grc' dir='ltr'>τοῦ</span> <span class='ocrx_word' id='word_1_225' title='bbox 1224 2631 1350 2712; x_wconf 83' lang='grc' dir='ltr'>Μηνιοίτη</span> <span class='ocrx_word' id='word_1_226' title='bbox 1372 2632 1470 2710; x_wconf 89' lang='grc' dir='ltr'>μοδίου</span> <span class='ocrx_word' id='word_1_227' title='bbox 1487 2634 1542 2711; x_wconf 82' lang='grc' dir='ltr'>ς”.</span> 
     </span>
     <span class='ocr_line' id='line_1_20' title="bbox 237 2755 1544 2837; baseline 0.001 -21"><span class='ocrx_word' id='word_1_228' title='bbox 237 2759 330 2837; x_wconf 81' lang='grc' dir='ltr'>ἕτερον</span> <span class='ocrx_word' id='word_1_229' title='bbox 351 2759 490 2837; x_wconf 81' lang='grc' dir='ltr'>χωροίριον</span> <span class='ocrx_word' id='word_1_230' title='bbox 512 2757 628 2831; x_wconf 87' lang='grc' dir='ltr'>πλησίον</span> <span class='ocrx_word' id='word_1_231' title='bbox 650 2758 742 2816; x_wconf 89' lang='grc' dir='ltr'>ιοίιιου</span> <span class='ocrx_word' id='word_1_232' title='bbox 765 2758 795 2816; x_wconf 89' lang='grc' dir='ltr'>ιδ</span> <span class='ocrx_word' id='word_1_233' title='bbox 819 2757 996 2817; x_wconf 81' lang='grc' dir='ltr'>ἀποκάτωθεν</span> <span class='ocrx_word' id='word_1_234' title='bbox 1019 2761 1064 2816; x_wconf 80' lang='grc' dir='ltr'>τοῦ</span> <span class='ocrx_word' id='word_1_235' title='bbox 1081 2759 1204 2833; x_wconf 76' lang='grc' dir='ltr'>ποταμοῦ</span> <span class='ocrx_word' id='word_1_236' title='bbox 1219 2757 1250 2815; x_wconf 90' lang='grc' dir='ltr'>ιδ</span> <span class='ocrx_word' id='word_1_237' title='bbox 1264 2755 1380 2830; x_wconf 89' lang='grc' dir='ltr'>πλησίον</span> <span class='ocrx_word' id='word_1_238' title='bbox 1395 2758 1544 2837; x_wconf 75' lang='grc' dir='ltr'>χωραφίου</span> 
     </span>
     <span class='ocr_line' id='line_1_21' title="bbox 236 2876 1544 2959; baseline -0.001 -21"><span class='ocrx_word' id='word_1_239' title='bbox 236 2883 281 2938; x_wconf 78' lang='grc' dir='ltr'>τοῦ</span> <span class='ocrx_word' id='word_1_240' title='bbox 304 2879 419 2959; x_wconf 82' lang='grc' dir='ltr'>Χαζαρᾶ</span> <span class='ocrx_word' id='word_1_241' title='bbox 445 2877 492 2938; x_wconf 74' lang='grc' dir='ltr'>καὶ</span> <span class='ocrx_word' id='word_1_242' title='bbox 518 2883 564 2938; x_wconf 80' lang='grc' dir='ltr'>τοῦ</span> <span class='ocrx_word' id='word_1_243' title='bbox 587 2879 715 2938; x_wconf 76' lang='grc' dir='ltr'>Λοίππου</span> <span class='ocrx_word' id='word_1_244' title='bbox 743 2878 844 2953; x_wconf 88' lang='grc' dir='ltr'>μοδίων</span> <span class='ocrx_word' id='word_1_245' title='bbox 861 2877 894 2938; x_wconf 86' lang='grc' dir='ltr'>δ’.</span> <span class='ocrx_word' id='word_1_246' title='bbox 926 2880 1065 2958; x_wconf 81' lang='grc' dir='ltr'>χωροίηιον</span> <span class='ocrx_word' id='word_1_247' title='bbox 1087 2883 1134 2938; x_wconf 74' lang='grc' dir='ltr'>τοῦ</span> <span class='ocrx_word' id='word_1_248' title='bbox 1157 2879 1211 2958; x_wconf 65' lang='lat' dir='ltr'>Apu</span> <span class='ocrx_word' id='word_1_249' title='bbox 1233 2883 1286 2937; x_wconf 85' lang='grc' dir='ltr'>τῶν</span> <span class='ocrx_word' id='word_1_250' title='bbox 1308 2876 1487 2956; x_wconf 82' lang='grc' dir='ltr'>Κυριιζάδων</span> <span class='ocrx_word' id='word_1_251' title='bbox 1513 2881 1544 2938; x_wconf 98' lang='grc' dir='ltr'>ιδ</span> 
     </span>
    </p>
   </div>
   <div class='ocr_carea' id='block_1_3' title="bbox 237 2998 1544 3081">
    <p class='ocr_par' dir='ltr' id='par_1_3' title="bbox 237 2998 1544 3081">
     <span class='ocr_line' id='line_1_22' title="bbox 237 2998 1544 3081; baseline 0 -21"><span class='ocrx_word' id='word_1_252' title='bbox 237 3001 365 3061; x_wconf 74' lang='grc' dir='ltr'>ἀπαντάτω</span> <span class='ocrx_word' id='word_1_253' title='bbox 388 3005 433 3060; x_wconf 83' lang='grc' dir='ltr'>τοῦ</span> <span class='ocrx_word' id='word_1_254' title='bbox 449 3001 605 3080; x_wconf 89' lang='grc' dir='ltr'>Μελιγγέρι</span> <span class='ocrx_word' id='word_1_255' title='bbox 628 2999 723 3076; x_wconf 88' lang='grc' dir='ltr'>μοδίου</span> <span class='ocrx_word' id='word_1_256' title='bbox 737 2999 788 3074; x_wconf 79' lang='grc' dir='ltr'>ς”.</span> <span class='ocrx_word' id='word_1_257' title='bbox 814 3002 905 3081; x_wconf 82' lang='grc' dir='ltr'>ἕτερον</span> <span class='ocrx_word' id='word_1_258' title='bbox 928 3003 1068 3079; x_wconf 83' lang='grc' dir='ltr'>χωράηιον</span> <span class='ocrx_word' id='word_1_259' title='bbox 1090 3003 1136 3060; x_wconf 81' lang='grc' dir='ltr'>τοῦ</span> <span class='ocrx_word' id='word_1_260' title='bbox 1151 3001 1242 3079; x_wconf 83' lang='grc' dir='ltr'>Πάρου</span> <span class='ocrx_word' id='word_1_261' title='bbox 1265 3003 1311 3058; x_wconf 78' lang='grc' dir='ltr'>τοῦ</span> <span class='ocrx_word' id='word_1_262' title='bbox 1327 2998 1418 3074; x_wconf 83' lang='grc' dir='ltr'>Ληνοῦ</span> <span class='ocrx_word' id='word_1_263' title='bbox 1442 2999 1544 3074; x_wconf 79' lang='grc' dir='ltr'>μοδίου</span> 
     </span>
    </p>
   </div>
   <div class='ocr_carea' id='block_1_4' title="bbox 237 3116 1543 3204">
    <p class='ocr_par' dir='ltr' id='par_1_4' title="bbox 237 3116 1543 3204">
     <span class='ocr_line' id='line_1_23' title="bbox 237 3116 1543 3204; baseline -0.001 -22"><span class='ocrx_word' id='word_1_264' title='bbox 237 3124 307 3196; x_wconf 76' lang='grc' dir='ltr'>ἑνός.</span> <span class='ocrx_word' id='word_1_265' title='bbox 331 3126 423 3204; x_wconf 81' lang='grc' dir='ltr'>ἕτερον</span> <span class='ocrx_word' id='word_1_266' title='bbox 445 3125 584 3203; x_wconf 78' lang='grc' dir='ltr'>χωράριον</span> <span class='ocrx_word' id='word_1_267' title='bbox 606 3123 636 3182; x_wconf 84' lang='grc' dir='ltr'>ιδ</span> <span class='ocrx_word' id='word_1_268' title='bbox 660 3122 751 3181; x_wconf 83' lang='grc' dir='ltr'>ἐπάνω</span> <span class='ocrx_word' id='word_1_269' title='bbox 776 3121 894 3182; x_wconf 89' lang='grc' dir='ltr'>σίλωνίου</span> <span class='ocrx_word' id='word_1_270' title='bbox 920 3126 965 3180; x_wconf 77' lang='grc' dir='ltr'>τοῦ</span> <span class='ocrx_word' id='word_1_271' title='bbox 987 3127 1065 3180; x_wconf 85' lang='grc' dir='ltr'>παπᾱ</span> <span class='ocrx_word' id='word_1_272' title='bbox 1081 3123 1197 3202; x_wconf 85' lang='grc' dir='ltr'>Κυριάιιι</span> <span class='ocrx_word' id='word_1_273' title='bbox 1213 3119 1307 3196; x_wconf 89' lang='grc' dir='ltr'>μοδίου</span> <span class='ocrx_word' id='word_1_274' title='bbox 1320 3116 1370 3194; x_wconf 83' lang='grc' dir='ltr'>ς”.</span> <span class='ocrx_word' id='word_1_275' title='bbox 1395 3123 1543 3200; x_wconf 78' lang='grc' dir='ltr'>χωράριον</span> 
     </span>
    </p>
   </div>
   <div class='ocr_carea' id='block_1_5' title="bbox 231 3239 1542 4664">
    <p class='ocr_par' dir='ltr' id='par_1_5' title="bbox 231 3239 1542 4664">
     <span class='ocr_line' id='line_1_24' title="bbox 235 3239 1541 3323; baseline -0.002 -19"><span class='ocrx_word' id='word_1_276' title='bbox 235 3250 281 3304; x_wconf 80' lang='grc' dir='ltr'>τοῦ</span> <span class='ocrx_word' id='word_1_277' title='bbox 305 3243 439 3322; x_wconf 83' lang='grc' dir='ltr'>Αἰγιαλοῦ</span> <span class='ocrx_word' id='word_1_278' title='bbox 467 3248 512 3304; x_wconf 77' lang='grc' dir='ltr'>τοῦ</span> <span class='ocrx_word' id='word_1_279' title='bbox 536 3245 675 3304; x_wconf 81' lang='grc' dir='ltr'>Φουιιένιε</span> <span class='ocrx_word' id='word_1_280' title='bbox 704 3241 805 3318; x_wconf 86' lang='grc' dir='ltr'>μοδίων</span> <span class='ocrx_word' id='word_1_281' title='bbox 822 3241 858 3318; x_wconf 87' lang='grc' dir='ltr'>β’.</span> <span class='ocrx_word' id='word_1_282' title='bbox 891 3245 983 3323; x_wconf 82' lang='grc' dir='ltr'>ἕτερον</span> <span class='ocrx_word' id='word_1_283' title='bbox 1007 3244 1038 3302; x_wconf 89' lang='grc' dir='ltr'>ιδ</span> <span class='ocrx_word' id='word_1_284' title='bbox 1060 3243 1183 3302; x_wconf 82' lang='grc' dir='ltr'>κάτωθεν</span> <span class='ocrx_word' id='word_1_285' title='bbox 1205 3249 1255 3318; x_wconf 79' lang='grc' dir='ltr'>τῆς</span> <span class='ocrx_word' id='word_1_286' title='bbox 1279 3239 1361 3318; x_wconf 82' lang='grc' dir='ltr'>ἁγίας</span> <span class='ocrx_word' id='word_1_287' title='bbox 1385 3241 1541 3322; x_wconf 75' lang='grc' dir='ltr'>Κυριαιιῆς,</span> 
     </span>
     <span class='ocr_line' id='line_1_25' title="bbox 237 3361 1542 3446; baseline -0.001 -21"><span class='ocrx_word' id='word_1_288' title='bbox 237 3365 265 3426; x_wconf 88' lang='grc' dir='ltr'>ἐν</span> <span class='ocrx_word' id='word_1_289' title='bbox 293 3361 315 3446; x_wconf 84' lang='grc' dir='ltr'>ᾧ</span> <span class='ocrx_word' id='word_1_290' title='bbox 341 3364 388 3425; x_wconf 79' lang='grc' dir='ltr'>καὶ</span> <span class='ocrx_word' id='word_1_291' title='bbox 415 3366 429 3423; x_wconf 82' lang='grc' dir='ltr'>δ</span> <span class='ocrx_word' id='word_1_292' title='bbox 455 3366 520 3437; x_wconf 87' lang='grc' dir='ltr'>ναδς</span> <span class='ocrx_word' id='word_1_293' title='bbox 543 3365 654 3425; x_wconf 79' lang='grc' dir='ltr'>ἵσταται.</span> <span class='ocrx_word' id='word_1_294' title='bbox 688 3365 722 3422; x_wconf 83' lang='grc' dir='ltr'>τὰ</span> <span class='ocrx_word' id='word_1_295' title='bbox 744 3365 888 3443; x_wconf 73' lang='grc' dir='ltr'>λεγόμενα</span> <span class='ocrx_word' id='word_1_296' title='bbox 912 3365 1101 3442; x_wconf 84' lang='grc' dir='ltr'>Ἀσχελευοίτα</span> <span class='ocrx_word' id='word_1_297' title='bbox 1128 3365 1161 3424; x_wconf 80' lang='grc' dir='ltr'>τὰ</span> <span class='ocrx_word' id='word_1_298' title='bbox 1183 3361 1298 3438; x_wconf 89' lang='grc' dir='ltr'>πλησίον</span> <span class='ocrx_word' id='word_1_299' title='bbox 1325 3363 1467 3443; x_wconf 79' lang='grc' dir='ltr'>χωραηίου</span> <span class='ocrx_word' id='word_1_300' title='bbox 1492 3371 1542 3424; x_wconf 77' lang='grc' dir='ltr'>τοῦ</span> 
     </span>
     <span class='ocr_line' id='line_1_26' title="bbox 236 3484 1540 3568; baseline 0 -22"><span class='ocrx_word' id='word_1_301' title='bbox 236 3489 352 3567; x_wconf 82' lang='grc' dir='ltr'>Λαζαρά</span> <span class='ocrx_word' id='word_1_302' title='bbox 381 3487 482 3562; x_wconf 82' lang='grc' dir='ltr'>μοδίων</span> <span class='ocrx_word' id='word_1_303' title='bbox 499 3485 532 3547; x_wconf 90' lang='grc' dir='ltr'>ε’.</span> <span class='ocrx_word' id='word_1_304' title='bbox 568 3489 659 3568; x_wconf 78' lang='grc' dir='ltr'>ἕτερον</span> <span class='ocrx_word' id='word_1_305' title='bbox 689 3490 827 3568; x_wconf 79' lang='grc' dir='ltr'>χωροίηιον</span> <span class='ocrx_word' id='word_1_306' title='bbox 859 3486 899 3559; x_wconf 89' lang='grc' dir='ltr'>είς</span> <span class='ocrx_word' id='word_1_307' title='bbox 929 3487 959 3546; x_wconf 88' lang='grc' dir='ltr'>ιδ</span> <span class='ocrx_word' id='word_1_308' title='bbox 983 3488 1101 3568; x_wconf 85' lang='grc' dir='ltr'>Ιίέραμα</span> <span class='ocrx_word' id='word_1_309' title='bbox 1132 3491 1177 3546; x_wconf 82' lang='grc' dir='ltr'>τοῦ</span> <span class='ocrx_word' id='word_1_310' title='bbox 1205 3485 1283 3564; x_wconf 86' lang='grc' dir='ltr'>ἁγίου</span> <span class='ocrx_word' id='word_1_311' title='bbox 1307 3484 1456 3566; x_wconf 80' lang='grc' dir='ltr'>Θεοδώρου</span> <span class='ocrx_word' id='word_1_312' title='bbox 1481 3509 1540 3562; x_wconf 83' lang='grc' dir='ltr'>μο-</span> 
     </span>
     <span class='ocr_line' id='line_1_27' title="bbox 235 3607 1540 3689; baseline 0.001 -21"><span class='ocrx_word' id='word_1_313' title='bbox 235 3608 290 3668; x_wconf 81' lang='grc' dir='ltr'>δίου</span> <span class='ocrx_word' id='word_1_314' title='bbox 305 3607 356 3684; x_wconf 77' lang='grc' dir='ltr'>ς”.</span> <span class='ocrx_word' id='word_1_315' title='bbox 389 3611 480 3689; x_wconf 79' lang='grc' dir='ltr'>ἕτερον</span> <span class='ocrx_word' id='word_1_316' title='bbox 508 3607 548 3681; x_wconf 81' lang='grc' dir='ltr'>είς</span> <span class='ocrx_word' id='word_1_317' title='bbox 574 3611 623 3684; x_wconf 75' lang='grc' dir='ltr'>τὴν</span> <span class='ocrx_word' id='word_1_318' title='bbox 651 3609 811 3670; x_wconf 82' lang='grc' dir='ltr'>ιοποθεσίαν</span> <span class='ocrx_word' id='word_1_319' title='bbox 834 3615 888 3669; x_wconf 86' lang='grc' dir='ltr'>τῶν</span> <span class='ocrx_word' id='word_1_320' title='bbox 911 3609 1061 3685; x_wconf 86' lang='grc' dir='ltr'>Σπηλαίων</span> <span class='ocrx_word' id='word_1_321' title='bbox 1083 3611 1114 3668; x_wconf 88' lang='grc' dir='ltr'>ιδ</span> <span class='ocrx_word' id='word_1_322' title='bbox 1136 3607 1292 3686; x_wconf 77' lang='grc' dir='ltr'>λεγόμενον</span> <span class='ocrx_word' id='word_1_323' title='bbox 1314 3610 1361 3666; x_wconf 80' lang='grc' dir='ltr'>τοῦ</span> <span class='ocrx_word' id='word_1_324' title='bbox 1385 3607 1540 3688; x_wconf 82' lang='grc' dir='ltr'>Ἀζογυρέιι</span> 
     </span>
     <span class='ocr_line' id='line_1_28' title="bbox 233 3725 1540 3811; baseline 0 -21"><span class='ocrx_word' id='word_1_325' title='bbox 233 3733 264 3790; x_wconf 88' lang='grc' dir='ltr'>ιδ</span> <span class='ocrx_word' id='word_1_326' title='bbox 292 3733 375 3806; x_wconf 86' lang='grc' dir='ltr'>μέσον</span> <span class='ocrx_word' id='word_1_327' title='bbox 401 3731 528 3806; x_wconf 78' lang='grc' dir='ltr'>κείμενον</span> <span class='ocrx_word' id='word_1_328' title='bbox 555 3731 694 3810; x_wconf 79' lang='grc' dir='ltr'>χωραηίου</span> <span class='ocrx_word' id='word_1_329' title='bbox 720 3736 766 3791; x_wconf 84' lang='grc' dir='ltr'>τοῦ</span> <span class='ocrx_word' id='word_1_330' title='bbox 789 3732 929 3811; x_wconf 85' lang='grc' dir='ltr'>Δρεπάνου</span> <span class='ocrx_word' id='word_1_331' title='bbox 952 3730 1067 3791; x_wconf 79' lang='grc' dir='ltr'>καὶτοῦ</span> <span class='ocrx_word' id='word_1_332' title='bbox 1089 3731 1184 3801; x_wconf 80' lang='grc' dir='ltr'>Ῥόζου</span> <span class='ocrx_word' id='word_1_333' title='bbox 1208 3727 1302 3805; x_wconf 85' lang='grc' dir='ltr'>μοδίου</span> <span class='ocrx_word' id='word_1_334' title='bbox 1318 3725 1353 3788; x_wconf 89' lang='grc' dir='ltr'>α’.</span> <span class='ocrx_word' id='word_1_335' title='bbox 1385 3730 1482 3810; x_wconf 82' lang='grc' dir='ltr'>ἕτερον</span> <span class='ocrx_word' id='word_1_336' title='bbox 1507 3733 1540 3790; x_wconf 83' lang='grc' dir='ltr'>ιδ</span> 
     </span>
     <span class='ocr_line' id='line_1_29' title="bbox 233 3849 1539 3932; baseline 0 -20"><span class='ocrx_word' id='word_1_337' title='bbox 233 3853 348 3930; x_wconf 86' lang='grc' dir='ltr'>πλησίον</span> <span class='ocrx_word' id='word_1_338' title='bbox 374 3857 419 3913; x_wconf 80' lang='grc' dir='ltr'>τοῦ</span> <span class='ocrx_word' id='word_1_339' title='bbox 446 3851 584 3932; x_wconf 81' lang='grc' dir='ltr'>χωρορίου</span> <span class='ocrx_word' id='word_1_340' title='bbox 610 3855 640 3912; x_wconf 90' lang='grc' dir='ltr'>ιδ</span> <span class='ocrx_word' id='word_1_341' title='bbox 663 3853 835 3928; x_wconf 75' lang='grc' dir='ltr'>καλοίμενον</span> <span class='ocrx_word' id='word_1_342' title='bbox 857 3857 903 3913; x_wconf 82' lang='grc' dir='ltr'>τοῦ</span> <span class='ocrx_word' id='word_1_343' title='bbox 927 3853 1102 3913; x_wconf 73' lang='grc' dir='ltr'>Κοιόπουλου</span> <span class='ocrx_word' id='word_1_344' title='bbox 1125 3851 1179 3932; x_wconf 82' lang='grc' dir='ltr'>Δρῦ</span> <span class='ocrx_word' id='word_1_345' title='bbox 1201 3852 1231 3911; x_wconf 89' lang='grc' dir='ltr'>ιδ</span> <span class='ocrx_word' id='word_1_346' title='bbox 1254 3849 1370 3926; x_wconf 89' lang='grc' dir='ltr'>πλησίον</span> <span class='ocrx_word' id='word_1_347' title='bbox 1392 3852 1539 3931; x_wconf 81' lang='grc' dir='ltr'>χωραηίου</span> 
     </span>
     <span class='ocr_line' id='line_1_30' title="bbox 232 3973 1538 4056; baseline 0 -21"><span class='ocrx_word' id='word_1_348' title='bbox 232 3980 278 4036; x_wconf 82' lang='grc' dir='ltr'>τοῦ</span> <span class='ocrx_word' id='word_1_349' title='bbox 302 3977 397 4046; x_wconf 82' lang='grc' dir='ltr'>Ῥάζου</span> <span class='ocrx_word' id='word_1_350' title='bbox 425 3975 521 4050; x_wconf 84' lang='grc' dir='ltr'>μοδίου</span> <span class='ocrx_word' id='word_1_351' title='bbox 537 3973 573 4033; x_wconf 77' lang='grc' dir='ltr'>α’.</span> <span class='ocrx_word' id='word_1_352' title='bbox 607 3977 698 4055; x_wconf 80' lang='grc' dir='ltr'>ἕτερον</span> <span class='ocrx_word' id='word_1_353' title='bbox 726 3977 756 4034; x_wconf 87' lang='grc' dir='ltr'>ιδ</span> <span class='ocrx_word' id='word_1_354' title='bbox 783 3975 936 4053; x_wconf 72' lang='grc' dir='ltr'>λεγόμενον</span> <span class='ocrx_word' id='word_1_355' title='bbox 964 3981 1017 4034; x_wconf 89' lang='grc' dir='ltr'>τῶν</span> <span class='ocrx_word' id='word_1_356' title='bbox 1041 3977 1134 4056; x_wconf 83' lang='grc' dir='ltr'>Δρυῶν</span> <span class='ocrx_word' id='word_1_357' title='bbox 1161 3975 1192 4033; x_wconf 87' lang='grc' dir='ltr'>ιδ</span> <span class='ocrx_word' id='word_1_358' title='bbox 1219 3973 1272 4033; x_wconf 84' lang='grc' dir='ltr'>άπδ</span> <span class='ocrx_word' id='word_1_359' title='bbox 1293 3975 1369 4032; x_wconf 85' lang='grc' dir='ltr'>ιιοίιω</span> <span class='ocrx_word' id='word_1_360' title='bbox 1391 3974 1538 4053; x_wconf 73' lang='grc' dir='ltr'>χωραφίσυ</span> 
     </span>
     <span class='ocr_line' id='line_1_31' title="bbox 233 4093 1538 4177; baseline 0.002 -22"><span class='ocrx_word' id='word_1_361' title='bbox 233 4105 282 4173; x_wconf 71' lang='grc' dir='ltr'>τῆς</span> <span class='ocrx_word' id='word_1_362' title='bbox 310 4097 391 4174; x_wconf 85' lang='grc' dir='ltr'>ἁγίας</span> <span class='ocrx_word' id='word_1_363' title='bbox 414 4095 531 4174; x_wconf 84' lang='grc' dir='ltr'>Τριάδος</span> <span class='ocrx_word' id='word_1_364' title='bbox 559 4095 652 4171; x_wconf 84' lang='grc' dir='ltr'>μοδίου</span> <span class='ocrx_word' id='word_1_365' title='bbox 667 4094 718 4170; x_wconf 83' lang='grc' dir='ltr'>ς”.</span> <span class='ocrx_word' id='word_1_366' title='bbox 752 4099 843 4177; x_wconf 84' lang='grc' dir='ltr'>ἕτερον</span> <span class='ocrx_word' id='word_1_367' title='bbox 866 4099 1005 4177; x_wconf 80' lang='grc' dir='ltr'>χωράριον</span> <span class='ocrx_word' id='word_1_368' title='bbox 1027 4100 1073 4155; x_wconf 81' lang='grc' dir='ltr'>τοῦ</span> <span class='ocrx_word' id='word_1_369' title='bbox 1096 4095 1256 4174; x_wconf 83' lang='grc' dir='ltr'>Λαγιιαδίου</span> <span class='ocrx_word' id='word_1_370' title='bbox 1278 4095 1309 4154; x_wconf 91' lang='grc' dir='ltr'>ιδ</span> <span class='ocrx_word' id='word_1_371' title='bbox 1333 4093 1538 4171; x_wconf 81' lang='grc' dir='ltr'>ἐπιλεγόμενον</span> 
     </span>
     <span class='ocr_line' id='line_1_32' title="bbox 232 4215 1537 4300; baseline -0.001 -21"><span class='ocrx_word' id='word_1_372' title='bbox 232 4225 277 4279; x_wconf 76' lang='grc' dir='ltr'>τοῦ</span> <span class='ocrx_word' id='word_1_373' title='bbox 301 4219 518 4300; x_wconf 78' lang='grc' dir='ltr'>Κοπιοσθηρέως</span> <span class='ocrx_word' id='word_1_374' title='bbox 540 4221 571 4278; x_wconf 87' lang='grc' dir='ltr'>ιδ</span> <span class='ocrx_word' id='word_1_375' title='bbox 593 4217 709 4294; x_wconf 89' lang='grc' dir='ltr'>πλησίον</span> <span class='ocrx_word' id='word_1_376' title='bbox 732 4218 870 4298; x_wconf 76' lang='grc' dir='ltr'>χωραηίου</span> <span class='ocrx_word' id='word_1_377' title='bbox 892 4223 938 4277; x_wconf 80' lang='grc' dir='ltr'>τοῦ</span> <span class='ocrx_word' id='word_1_378' title='bbox 961 4217 1074 4293; x_wconf 80' lang='grc' dir='ltr'>Συμεὼν</span> <span class='ocrx_word' id='word_1_379' title='bbox 1097 4217 1199 4293; x_wconf 77' lang='grc' dir='ltr'>μοδίων</span> <span class='ocrx_word' id='word_1_380' title='bbox 1216 4215 1250 4288; x_wconf 89' lang='grc' dir='ltr'>β’.</span> <span class='ocrx_word' id='word_1_381' title='bbox 1278 4218 1369 4296; x_wconf 83' lang='grc' dir='ltr'>ἕτερον</span> <span class='ocrx_word' id='word_1_382' title='bbox 1391 4219 1537 4297; x_wconf 81' lang='grc' dir='ltr'>χωράηιον</span> 
     </span>
     <span class='ocr_line' id='line_1_33' title="bbox 231 4335 1536 4420; baseline -0.002 -19"><span class='ocrx_word' id='word_1_383' title='bbox 231 4345 278 4401; x_wconf 84' lang='grc' dir='ltr'>τοῦ</span> <span class='ocrx_word' id='word_1_384' title='bbox 295 4339 468 4400; x_wconf 84' lang='grc' dir='ltr'>Χοιλωπέδου</span> <span class='ocrx_word' id='word_1_385' title='bbox 491 4341 521 4400; x_wconf 88' lang='grc' dir='ltr'>ιδ</span> <span class='ocrx_word' id='word_1_386' title='bbox 543 4339 658 4416; x_wconf 89' lang='grc' dir='ltr'>πλησίον</span> <span class='ocrx_word' id='word_1_387' title='bbox 681 4339 820 4420; x_wconf 82' lang='grc' dir='ltr'>χωραφίου</span> <span class='ocrx_word' id='word_1_388' title='bbox 837 4339 1039 4399; x_wconf 84' lang='grc' dir='ltr'>Κωνοιαντίνου</span> <span class='ocrx_word' id='word_1_389' title='bbox 1061 4343 1107 4398; x_wconf 83' lang='grc' dir='ltr'>τοῦ</span> <span class='ocrx_word' id='word_1_390' title='bbox 1123 4337 1236 4415; x_wconf 84' lang='grc' dir='ltr'>Συμεὼν</span> <span class='ocrx_word' id='word_1_391' title='bbox 1257 4335 1358 4414; x_wconf 87' lang='grc' dir='ltr'>μοδίων</span> <span class='ocrx_word' id='word_1_392' title='bbox 1376 4336 1413 4412; x_wconf 88' lang='grc' dir='ltr'>β’.</span> <span class='ocrx_word' id='word_1_393' title='bbox 1438 4341 1536 4420; x_wconf 81' lang='grc' dir='ltr'>ἕτερον</span> 
     </span>
     <span class='ocr_line' id='line_1_34' title="bbox 232 4458 1534 4543; baseline 0.002 -21"><span class='ocrx_word' id='word_1_394' title='bbox 232 4465 371 4543; x_wconf 80' lang='grc' dir='ltr'>χωράριον</span> <span class='ocrx_word' id='word_1_395' title='bbox 401 4465 431 4522; x_wconf 88' lang='grc' dir='ltr'>ιδ</span> <span class='ocrx_word' id='word_1_396' title='bbox 461 4463 582 4537; x_wconf 81' lang='grc' dir='ltr'>ιιλεῑσμα</span> <span class='ocrx_word' id='word_1_397' title='bbox 611 4463 641 4521; x_wconf 86' lang='grc' dir='ltr'>ιδ</span> <span class='ocrx_word' id='word_1_398' title='bbox 671 4461 786 4538; x_wconf 89' lang='grc' dir='ltr'>πλησίον</span> <span class='ocrx_word' id='word_1_399' title='bbox 817 4467 871 4520; x_wconf 83' lang='grc' dir='ltr'>τῶν</span> <span class='ocrx_word' id='word_1_400' title='bbox 894 4460 1051 4537; x_wconf 83' lang='grc' dir='ltr'>οίιιημοίιων</span> <span class='ocrx_word' id='word_1_401' title='bbox 1073 4467 1122 4537; x_wconf 80' lang='grc' dir='ltr'>τῆς</span> <span class='ocrx_word' id='word_1_402' title='bbox 1145 4462 1354 4540; x_wconf 82' lang='grc' dir='ltr'>Ματζιφάρενας</span> <span class='ocrx_word' id='word_1_403' title='bbox 1376 4458 1481 4535; x_wconf 91' lang='grc' dir='ltr'>μοδίων</span> <span class='ocrx_word' id='word_1_404' title='bbox 1496 4463 1534 4538; x_wconf 87' lang='grc' dir='ltr'>β’.</span> 
     </span>
     <span class='ocr_line' id='line_1_35' title="bbox 231 4577 1535 4664; baseline 0.001 -20"><span class='ocrx_word' id='word_1_405' title='bbox 231 4587 368 4664; x_wconf 77' lang='grc' dir='ltr'>χωράηιον</span> <span class='ocrx_word' id='word_1_406' title='bbox 391 4585 421 4644; x_wconf 88' lang='grc' dir='ltr'>τδ</span> <span class='ocrx_word' id='word_1_407' title='bbox 445 4581 537 4656; x_wconf 81' lang='grc' dir='ltr'>ἀπέξω</span> <span class='ocrx_word' id='word_1_408' title='bbox 560 4589 609 4658; x_wconf 82' lang='grc' dir='ltr'>τῆς</span> <span class='ocrx_word' id='word_1_409' title='bbox 624 4584 817 4662; x_wconf 76' lang='grc' dir='ltr'>Ἀεταρωλέας</span> <span class='ocrx_word' id='word_1_410' title='bbox 840 4577 942 4659; x_wconf 88' lang='grc' dir='ltr'>μοδίων</span> <span class='ocrx_word' id='word_1_411' title='bbox 957 4583 994 4662; x_wconf 89' lang='grc' dir='ltr'>γ’.</span> <span class='ocrx_word' id='word_1_412' title='bbox 1020 4586 1112 4662; x_wconf 81' lang='grc' dir='ltr'>ἕτερον</span> <span class='ocrx_word' id='word_1_413' title='bbox 1134 4585 1272 4664; x_wconf 81' lang='grc' dir='ltr'>χωράριον</span> <span class='ocrx_word' id='word_1_414' title='bbox 1292 4583 1322 4642; x_wconf 80' lang='grc' dir='ltr'>ιδ</span> <span class='ocrx_word' id='word_1_415' title='bbox 1338 4581 1470 4642; x_wconf 73' lang='grc' dir='ltr'>ἀποκάτω</span> <span class='ocrx_word' id='word_1_416' title='bbox 1486 4589 1535 4645; x_wconf 80' lang='grc' dir='ltr'>τοῦ</span> 
     </span>
    </p>
   </div>
   <div class='ocr_carea' id='block_1_6' title="bbox 232 4704 1534 4785">
    <p class='ocr_par' dir='ltr' id='par_1_6' title="bbox 232 4704 1534 4785">
     <span class='ocr_line' id='line_1_36' title="bbox 232 4704 1534 4785; baseline 0 -19"><span class='ocrx_word' id='word_1_417' title='bbox 232 4707 350 4783; x_wconf 80' lang='grc' dir='ltr'>Βαλαροί</span> <span class='ocrx_word' id='word_1_418' title='bbox 371 4708 401 4766; x_wconf 86' lang='grc' dir='ltr'>τδ</span> <span class='ocrx_word' id='word_1_419' title='bbox 425 4707 578 4784; x_wconf 79' lang='grc' dir='ltr'>λεγόμενον</span> <span class='ocrx_word' id='word_1_420' title='bbox 600 4707 630 4763; x_wconf 89' lang='grc' dir='ltr'>ιδ</span> <span class='ocrx_word' id='word_1_421' title='bbox 647 4707 823 4783; x_wconf 82' lang='grc' dir='ltr'>Βαοιαγάιον</span> <span class='ocrx_word' id='word_1_422' title='bbox 847 4705 948 4781; x_wconf 89' lang='grc' dir='ltr'>μοδίων</span> <span class='ocrx_word' id='word_1_423' title='bbox 965 4704 997 4762; x_wconf 87' lang='grc' dir='ltr'>ε’.</span> <span class='ocrx_word' id='word_1_424' title='bbox 1023 4705 1115 4785; x_wconf 82' lang='grc' dir='ltr'>ἕτερον</span> <span class='ocrx_word' id='word_1_425' title='bbox 1138 4705 1168 4762; x_wconf 91' lang='grc' dir='ltr'>ιδ</span> <span class='ocrx_word' id='word_1_426' title='bbox 1191 4705 1323 4764; x_wconf 72' lang='grc' dir='ltr'>ἀπαντάτω</span> <span class='ocrx_word' id='word_1_427' title='bbox 1345 4711 1394 4779; x_wconf 78' lang='grc' dir='ltr'>τῆς</span> <span class='ocrx_word' id='word_1_428' title='bbox 1410 4705 1534 4785; x_wconf 84' lang='grc' dir='ltr'>Στρατδς</span> 
     </span>
    </p>
   </div>
   <div class='ocr_carea' id='block_1_7' title="bbox 0 0 1608 5310">
    <p class='ocr_par' dir='ltr' id='par_1_7' title="bbox 0 0 1608 5310">
     <span class='ocr_line' id='line_1_37' title="bbox 0 0 1608 5310; baseline 0 6"><span class='ocrx_word' id='word_1_429' title='bbox 0 0 1608 5310; x_wconf 95' lang='lat' dir='ltr'> </span> 
     </span>
    </p>
   </div>
  </div>
 </body>
</html>
