3246 5288
1302 377 1366 442 463

31 575 226 656 Σάλπιγγα
241 582 293 636 τῶν
308 586 347 637 15
360 574 505 655 ἀπριλλίου
520 579 566 634 τοῦ
579 585 664 637 1838
677 577 753 647 ἔτους
767 573 957 654 κατεχωρίοθη
969 574 1175 654 χρυσόβουλλον
1191 571 1231 644 είς
1243 570 1366 644 Ἀλέξων

31 699 100 756 τδν
126 701 280 774 Κομιηνδν
305 699 553 778 ἐπιγεγραμμένον,
575 700 606 757 τδ
628 700 719 758 όποῑον
741 698 858 778 παρέχει
881 697 1005 775 ίιποψίαν,
1029 699 1068 756 ότι
1084 690 1153 756 εἶναι
1169 695 1366 769 ὑποβολιμαῖον

35 819 105 877 διὰ
138 821 206 892 τοὺς
229 820 344 880 ἐνταῦθα
366 819 597 896 ἐκτεθηοομένους
620 821 732 898 λόγους,
755 819 851 889 οἵτινες
866 819 967 893 ἤθελον
983 819 1043 896 ἔχει
1058 819 1220 898 τελειοτέραν
1234 817 1366 896 σύστασιν,

38 942 109 1000 ἐὰν
147 941 254 1002 ἐδίδετο
277 940 317 1012 είς
339 944 413 1016 ἡμᾶς
436 941 470 999 νά
492 941 676 1016 ὑποβάλωμεν
700 940 739 1013 είς
761 938 923 1016 δοκιμασίαν
945 941 975 999 τδ
997 939 1118 1020 χαρτίον,
1142 937 1185 998 ἐπὶ
1207 942 1252 1000 τοῦ
1274 937 1367 998 ότοίου

39 1058 144 1124 εἶναι
166 1066 340 1143 γεγραμένον
362 1062 408 1122 καί
430 1065 479 1138 τὴν
502 1065 703 1139 ἐπιτεθειμένην
727 1063 870 1144 σφραγῖδα.
908 1061 944 1122 α’.
969 1062 1016 1120 Ἐν
1037 1067 1071 1144 τῇ
1094 1061 1221 1140 κεφαλίδι
1243 1058 1366 1132 Ἀλέξιος

39 1186 220 1261 Κομνηνδς
243 1184 307 1264 θείῳ
330 1185 405 1244 ἐλέει
429 1184 558 1258 βασιλεὺς
579 1183 625 1244 καί
649 1186 820 1264 οίιτοκροίτωρ
843 1170 986 1258 Ῥωμαίων
1008 1182 1201 1261 καταφαίνεται
1223 1183 1238 1240 ό
1261 1183 1366 1254 δυτικδς

41 1308 155 1380 τόπος
171 1353 180 1368 .
197 1355 204 1366 .
224 1355 229 1368 .
247 1305 278 1378 ἐξ
301 1307 423 1378 ἐναντίας
445 1306 470 1366 οἱ
491 1309 620 1386 ἡμέτεροι
643 1309 840 1386 αυτοκράτορες
863 1307 971 1366 ἔταττον
994 1305 1114 1380 συνηθως
1137 1305 1207 1380 μετά
1230 1306 1260 1362 τδ
1279 1304 1367 1378 ὄνομα

42 1429 134 1501 τοὺς
159 1427 224 1504 ἑξῆς
246 1429 356 1506 λόγους,
381 1428 442 1498 τοὺς
456 1427 564 1498 ἀποίους
579 1430 626 1487 καί
647 1429 874 1504 ἐπανελοίμβανον
891 1429 919 1486 ἐν
934 1434 969 1508 τῇ
984 1429 1137 1508 ὑπογραφῇ·
1163 1427 1191 1485 ἐν
1208 1425 1313 1506 Χριστῷ
1328 1423 1366 1503 τῷ

45 1553 126 1630 θεῷ
152 1552 245 1622 πιστός
267 1550 398 1624 βασιλεὺς
419 1549 466 1610 καί
490 1553 662 1631 αὐτοκράτωρ
680 1550 833 1626 Ῥωμαίων.
865 1549 901 1625 β’.
927 1549 955 1610 αἱ
969 1552 1091 1630 φράσεις·
1115 1549 1231 1628 διόπερ
1246 1546 1302 1608 καί
1318 1546 1366 1618 εἰς

48 1673 293 1752 ἁνατίρρητον
316 1679 375 1750 τῆς
398 1674 561 1748 ἀληθείας
586 1671 727 1746 ἔνδειξιν
749 1671 994 1752 χρυσοβοίιλλῳ
1014 1672 1166 1752 ἡμετέρῳ
1181 1670 1366 1751 καιταρικῷ

48 1795 333 1874 ησφαλισοίμεθα
355 1797 390 1854 τδ
414 1796 569 1872 ἀνάθημα
591 1795 651 1854 καὶ·
684 1795 820 1855 δέδοται
844 1795 877 1853 ἐν
900 1793 943 1872 τῷ
972 1795 1120 1873 ἡμετέρῳ
1142 1793 1293 1873 παλατίῳ
1317 1791 1366 1864 εἰς

53 1914 230 1996 ἔνδειξιν,
263 1917 310 1976 δέν
338 1917 519 1976 ἀνακαλοῦσιν
549 1914 602 1996 ἀραί
624 1939 658 1996 γε
682 1916 720 1988 είς
742 1918 790 1991 τὴν
820 1919 930 1992 μνήμην
952 1913 998 1976 τοί·
1030 1940 1062 1976 en
1078 1923 1125 1990 foi
1145 1923 1178 1976 de
1200 1923 1265 1993 quoi
1291 1917 1365 1994 κτλ.,

54 2046 159 2098 dmm&
182 2063 213 2098 ιιι
242 2053 317 2099 notre
342 2046 438 2114 μαίαίε
460 2041 522 2100 κτλ.
571 2040 652 2100 ίίοῐον
682 2039 778 2098 λοιπόν
809 2035 859 2115 ἦτα
888 2038 986 2117 κυρίως
1008 2039 1038 2098 τδ
1067 2038 1179 2113 σύνηθες
1207 2039 1291 2109 τέλος
1312 2043 1366 2098 τῶν

53 2160 352 2238 χρυσοβοὺλλων;
374 2159 421 2231 είς
437 2161 499 2240 γὰρ
514 2162 572 2235 τὴν
586 2160 660 2239 περὶ
675 2162 797 2220 τοίιτων
814 2162 966 2220 ἁπάντων
982 2159 1162 2233 βεβαίωσιν
1182 2159 1366 2240 ἀσφαλείας

60 2279 102 2364 (ἢ
131 2282 244 2352 ἄλλους’
269 2281 317 2352 είς
333 2282 388 2342 οὖν
411 2285 550 2359 μόνιμον
572 2282 629 2342 καί
649 2283 786 2359 διηνεκῆ
802 2284 860 2358 τὴν
877 2283 1062 2360 ἀσφάλειαν
1077 2279 1212 2365 τούτων)
1229 2282 1366 2360 ἐγένετο

58 2402 127 2461 καί
152 2404 167 2460 δ
189 2405 300 2484 παρὼν
329 2405 586 2485 χρυσόβουλλος
616 2407 719 2483 λόγος
740 2412 797 2480 τῆς
828 2403 1006 2484 βασιλείας
1033 2425 1103 2478 μου.
1148 2393 1185 2482 γ”.
1208 2403 1244 2462 Ἡ
1265 2423 1366 2482 χρονο-

59 2521 158 2603 λογία
182 2520 249 2586 εἶναι
279 2529 436 2606 χωρισμὲνη
460 2528 513 2587 ἀπό
534 2531 580 2586 τοῦ
610 2529 737 2602 κειμένου
758 2525 806 2586 καί
835 2529 909 2607 φέρει
939 2525 1050 2596 ἁπλῶς·
1081 2524 1157 2607 ‘apg'
1188 2525 1319 2586 ίνδικτιὼν
1342 2523 1367 2586 δ’

64 2647 101 2704 ἐν
126 2647 191 2721 μηνί
214 2647 385 2728 σεπτεμβρίῳ
410 2645 424 2707 ι’
448 2650 519 2708 κατὰ
540 2650 586 2708 τόν
609 2651 705 2728 τρόπον
727 2654 780 2708 τῶν
804 2647 925 2730 δυτικῶν,
950 2649 979 2706 ἐν
1002 2642 1024 2726 ᾧ
1046 2647 1080 2706 τά
1102 2647 1244 2722 βυζαντινδι
1265 2649 1367 2728 χρυσό·

66 2767 185 2839 βουλλα
208 2772 381 2830 συνάπτουσιν
405 2771 486 2846 αὐτὴν
510 2769 580 2844 μετά
595 2776 640 2830 τοῦ
663 2773 789 2845 κειμένου
814 2771 971 2850 ἐπιφέροντα
988 2767 1027 2840 είς
1045 2772 1089 2828 τό·
1113 2767 1368 2848 χρυσόβουλλος

65 2889 181 2966 λόγος
202 2897 262 2966 τῆς
292 2889 471 2963 βασιλείας
495 2915 555 2966 μου
585 2894 661 2963 ευθδς
683 2895 727 2950 τό·
759 2891 942 2962 ἀπολυθείς
963 2891 1046 2950 κατά
1076 2897 1162 2967 μῆνα
1186 2891 1287 2969 (δεῖνα)
1310 2897 1368 2966 τῆς

69 3011 296 3086 ἐνισταμένης
319 3010 529 3084 ίνδικτιῶνος
554 3013 669 3095 (δεῖνος)
693 3019 747 3073 τοῦ
770 3059 776 3071 .
795 3059 826 3072 ..
845 3013 947 3090 ἔτους,
973 3012 1005 3070 ἐν
1029 3035 1051 3072 ω
1070 3010 1125 3070 καί
1144 3013 1180 3070 τό
1202 3014 1366 3092 ἡμέτερον

69 3128 240 3218 [ευσεβὲς]
262 3131 319 3194 καὶ
342 3135 598 3214 θεοπρόβλητον.
617 3135 851 3210 ὑπεσημηνατο
873 3138 1009 3214 κροίτος·
1035 3133 1090 3194 ἰδοὺ
1113 3133 1138 3194 οἱ
1159 3136 1264 3212 γνήσιοι
1281 3135 1365 3194 τίιποι.

70 3253 108 3314 δ’.
134 3256 148 3313 ό
163 3275 188 3314 τι
211 3254 242 3314 δὲ
264 3259 418 3316 παντοίπασι
434 3252 582 3334 ἐξελέγχει
596 3257 646 3332 τὴν
661 3259 834 3332 πλαττότητα
850 3263 896 3317 τοῦ
910 3255 1126 3336 χρυσοβοίιλλου,
1148 3252 1217 3316 εἶναι
1231 3258 1250 3330 ἡ
1264 3277 1366 3336 χρονο·

69 3375 167 3454 λογία.
212 3377 243 3434 τό
265 3373 318 3437 ἀπδ
341 3379 456 3458 Χριστοῦ
482 3382 611 3456 σωτήριον
635 3381 704 3456 ἔτος,
734 3381 762 3437 τό
786 3380 877 3438 όποῖον
901 3378 1121 3458 μετεχειρίζοντο
1144 3377 1183 3450 είς
1205 3378 1254 3450 ’.ἀς
1276 3379 1367 3454 δημο-

72 3497 135 3568 σίας
164 3495 274 3576 πρσίξεις
296 3505 345 3574 τῆς
376 3500 478 3572 δόσεως
507 3503 575 3579 πρός
596 3503 642 3559 τὀν
672 3500 791 3574 ἕβδομον
822 3499 917 3580 αἰῶνα,
952 3500 1080 3559 ουδέποτε
1109 3500 1320 3581 παρεδέχθησαν
1342 3501 1368 3560 οἱ

73 3619 237 3688 Βυζαντινοί.
269 3621 314 3678 ὅτε
337 3623 417 3680 Λέων
440 3623 455 3679 ό
477 3622 565 3699 Σσφδς
586 3625 743 3701 κατηργησε
765 3623 795 3680 τδ
818 3623 946 3682 ὑπατικόν
970 3623 1039 3700 ἔτος,
1063 3622 1238 3697 ἀντικατέστη
1261 3624 1291 3680 τό
1314 3619 1367 3680 ἀττδ

74 3739 190 3810 κτίσεως
220 3741 324 3815 κόσμου
353 3743 424 3801 κατά
445 3743 491 3800 τδν
522 3744 705 3821 ίιπολογιομδι
727 3750 777 3814 τῆς
808 3746 891 3819 ἕκτης
922 3742 1110 3819 οίκουμενικῆς
1141 3743 1260 3823 συνόδου,
1290 3747 1367 3804 τοῦτο

76 3860 108 3920 δὲ
131 3861 161 3919 τδ
184 3861 230 3920 καὶ
253 3863 312 3933 ἐτος
335 3864 650 3935 Κωνοταντινουπόλεως
672 3866 843 3940 καλούμενον
866 3862 936 3926 είναι
957 3868 987 3924 τό
1010 3869 1101 3946 μόνον,
1132 3869 1161 3924 τό
1183 3868 1275 3926 όποῖον
1298 3887 1366 3940 μετ-

76 3981 240 4061 εχειρίζοντο
263 3981 303 4054 εἰς
325 3987 374 4056 τάς
404 3985 538 4060 δημοσίας
560 3993 610 4060 τῆς
637 3987 845 4067 αὐτοκρατορίας
866 3985 987 4067 πράξεις.
1032 3991 1064 4048 τό
1086 3988 1290 4066 χρυσόβουλλον
1313 3985 1367 4066 ἀρα

77 4105 176 4178 ἔπρεπε
199 4105 233 4162 νά
255 4107 324 4188 φέρῃ
346 4109 529 4186 χρονολογίαν
552 4108 597 4184 όχι
622 4117 716 4187 1106,
740 4109 817 4170 ἀλλὰ
842 4117 925 4170 6614
947 4117 1037 4184 (immo
1055 4116 1158 4185 6515),
1182 4110 1229 4170 καί
1250 4113 1367 4170 τοιοῦτον

77 4225 136 4294 ἐτος
160 4225 205 4284 δέν
227 4222 278 4302 ἧτο
302 4226 402 4300 βέβαια
424 4229 453 4286 τό
478 4226 513 4307 δ’,
536 4229 614 4288 ἀλλὰ
635 4231 665 4287 τό
690 4227 723 4288 ιδ’
747 4236 796 4304 της
820 4230 997 4306 ἐνισταμένης
1019 4229 1193 4311 ίνδικτιῶνος,
1217 4231 1295 4303 ἐκτός
1319 4231 1367 4292 ἐὰν

76 4347 91 4402 ό
117 4345 293 4426 ἀντιγραφεὺς
325 4348 497 4424 ἐλησμόνησε
529 4351 559 4407 τό
582 4349 608 4410 ι’.
656 4357 714 4412 ΙΙΙ.
741 4376 774 4428 p.
792 4361 863 4427 255,
893 4359 912 4412 ί.
934 4356 991 4412 7ἀ
1020 4351 1051 4412 δὲ
1081 4353 1147 4428 αὓτη
1169 4360 1205 4414 L.
1244 4379 1277 4432 p.
1296 4362 1367 4426 256,

77 4475 96 4527 ί.
120 4476 160 4528 20
190 4475 245 4545 leffe
277 4474 422 4546 δορατίου.
471 4478 567 4546 Gonfer
592 4480 793 4548 praefationem
823 4482 939 4535 Lambri
967 4483 1005 4536 ad
1033 4481 1144 4550 θυίίαιιι,
1174 4474 1288 4536 Δελτίον
1318 4489 1365 4538 etc.

77 4615 103 4666 φ.
122 4598 300 4652 112-116.
327 4617 359 4668 ρ.
378 4601 449 4669 255,
474 4601 491 4652 ί.
510 4602 550 4654 25
572 4602 658 4656 scribe
681 4603 815 4657 [mis.
847 4601 957 4674 θίφίίίία
979 4605 1052 4658 edita
1074 4622 1130 4660 εοοε
1150 4605 1276 4660 υίάοιιίυτ
1297 4605 1368 4660 inter

80 4719 285 4774 1204-1261
319 4739 337 4774 α
364 4721 499 4778 modom
522 4724 643 4778 Laacare
670 4731 719 4778 αυί
741 4725 844 4780 Ioanne
866 4726 989 4781 Βαίαίτο.
1029 4743 1062 4796 p.
1080 4727 1152 4796 257,
1183 4726 1202 4781 ί.
1223 4728 1266 4780 17
1296 4745 1366 4782 corr.
