3246 5288
251 377 316 443 402

250 573 316 648 ἡμῖν
338 569 465 650 εὔχεσθαι
485 571 551 651 ὔπέρ
567 573 664 650 αὔτῶν,
687 569 754 650 ὑπὲρ
770 577 823 630 τῶν
839 569 1065 646 ἀπολειπομένων
1080 570 1204 649 πατέρων
1219 566 1265 628 καὶ
1281 565 1411 647 ἀδελφῶν
1425 563 1548 648 ἡμῶνί),

250 693 318 774 ὑπὲρ
340 693 394 753 τῶν
418 693 448 752 έν
471 692 596 776 θαλάσση
626 693 777 771 πλεόντων,
809 693 875 772 ὑπὲρ
897 695 953 752 τῶν
975 691 1004 751 ἐν
1027 685 1154 775 ἀσθενείᾳ
1175 691 1392 768 κατακειμένων,
1423 687 1548 762 εὔξασθε.Ι

252 814 421 894 μακαρίσατε
441 815 504 887 τοὺς
525 817 669 894 κτήτορας,
694 814 863 895 μακαρίσατε
885 813 947 884 τοὺς
969 814 1090 892 πατέρας
1111 810 1158 872 καί
1181 811 1317 891 ἀδελφοῖς
1339 811 1428 890 ήμῶν,
1451 830 1549 886 μακα-

252 937 344 1017 ρίσατε
370 937 431 1009 τοῖς
453 940 545 1014 γονεῖς
574 935 686 1014 ήμῶνίί,
715 934 763 997 καὶ
784 939 888 1008 πάντας
910 936 978 1011 ὁμοῦ
1001 935 1230 1016 ἀποκρινομένους
1260 937 1386 1014 φάσκειν·
1419 933 1454 1011 ,,ό
1482 933 1549 1000 θεὸς
1606 945 1607 950 ’

251 1061 427 1138 συγχωρήσαι
454 1057 502 1118 καὶ
530 1059 615 1118 σιόσαι
645 1057 772 1135 αὔτοῦςίί,
803 1057 873 1132 μετὰ
896 1056 1034 1117 δὲταῦτα
1064 1058 1129 1135 γόνυ
1159 1055 1306 1126 κλίναντας
1335 1055 1456 1126 ἅπαντας
1476 1053 1549 1126 ὁμοῦ
1606 1055 1607 1076 ¹

252 1181 348 1260 λέγειν
370 1177 409 1260 τῷ
440 1184 601 1259 προεστῶτι·
633 1179 817 1259 ,,εὔλόγησον,
849 1175 924 1251 εὔξαι
946 1175 995 1238 καὶ
1024 1178 1203 1257 συγχώρησον
1232 1177 1308 1253 ήμῖν,
1338 1177 1424 1254 πάτερ
1454 1175 1550 1252 ὔγιεέέ,
1606 1153 1607 1188 ³

253 1306 300 1362 τοῦ
330 1300 361 1360 δὲ
390 1301 439 1378 τήν
470 1302 569 1376 συνήθη
599 1301 697 1376 ταύτην
729 1302 812 1378 εὔχὴν
845 1301 1010 1378 εὐχομένου·
1047 1299 1131 1378 ,,ήμῖν
1161 1299 1176 1357 ό
1205 1299 1268 1368 θεός
1298 1299 1472 1376 συγχωρήσαι
1503 1293 1551 1355 καὶ
1606 1295 1607 1360 ι

253 1410 369 1503 σώσατέ)
392 1425 497 1494 πάντας
518 1421 613 1496 ήμάςίί
629 1420 676 1481 καί
695 1425 741 1482 τδν
764 1421 855 1500 στίχον
880 1420 956 1492 εὔθῦς
978 1424 1023 1480 τοῦ
1045 1419 1178 1498 λέγοντος
1199 1420 1230 1478 τδ
1253 1419 1369 1498 ,,άμὴνέί
1394 1419 1551 1486 ἐπειπόντος
1606 1413 1607 1418 ’

252 1547 356 1615 πάντας
376 1544 533 1604 ἀνίστασθαι
549 1545 747 1617 συνεπομένους
769 1542 808 1621 τῷ
822 1539 903 1622 πατρί
920 1543 974 1614 ἕως
992 1545 1039 1601 τοῦ
1061 1541 1224 1619 ήγουμενίου
1238 1541 1396 1620 παραίνεσιν
1411 1541 1552 1614 λαβόντας

254 1666 283 1726 έν
305 1669 362 1738 τοῖς
384 1665 511 1736 κελλίοις
532 1665 638 1725 ἀπιέναι
661 1665 710 1739 τὴν
740 1664 895 1744 νυκτερινὴν
926 1662 1089 1724 ἀκολουθίαν
1112 1662 1182 1722 κατά
1205 1665 1235 1722 τδ
1258 1661 1338 1722 δοθὲν
1361 1662 1473 1737 τῦπωμα
1498 1661 1550 1719 έκ-

253 1789 418 1861 τελέσαντες
440 1785 487 1846 καί
510 1788 593 1859 οὔτως
616 1785 698 1857 ὅλους
722 1784 895 1866 εὐχαρίστους
924 1786 1084 1863 γινομένους
1108 1783 1168 1860 μετ’
1184 1785 1345 1865 εὔφροσῦνης
1367 1788 1552 1858 πνευματικῆς

256 1912 388 1990 ἐφ’ὔπνον
417 1911 571 1990 τρέπεσθαι.
618 1909 698 1989 ἀχρις
727 1911 760 1968 ἀν
792 1910 807 1967 ὅ
834 1929 863 1967 τε
893 1907 1091 1984 κανδηλάπτης
1119 1905 1204 1966 καίό
1234 1905 1472 1984 ἐπιστημανάρχης
1501 1905 1551 1978 τὴν
1606 1889 1607 1934 3

253 2036 443 2114 προσήκουσαν
459 2033 532 2112 ὥραν
556 2030 589 2090 ἐκ
610 2034 656 2090 τοῦ
680 2030 883 2110 έκκλησιάρχου
906 2031 1039 2105 μαθόντες
1061 2027 1100 2107 τῷ
1122 2033 1270 2108 προεστῶτι
1292 2026 1480 2108 προσέλθοιεν,
1504 2025 1552 2084 καί
1606 2031 1607 2084 3

254 2157 304 2230 τὴν
327 2155 427 2230 συνήθη
456 2153 593 2229 λαβόντες
617 2150 647 2226 ἐξ
672 2152 776 2213 ἐκείνου
800 2151 894 2230 εὔχήν,
925 2153 940 2210 ό
964 2149 1015 2228 μέν
1039 2148 1147 2232 ἀπέλθῃ
1177 2150 1297 2230 κροῦσων
1320 2149 1370 2221 τάς
1394 2147 1506 2228 βαρέας,
1538 2149 1552 2205 ό

256 2277 287 2336 δέ
310 2277 340 2336 τό
364 2277 546 2356 ,,εῐιλόγησον,
576 2278 661 2354 πάτερ
685 2275 767 2352 ἀγιειι
790 2275 820 2334 τῦ
851 2274 1042 2349 μεσονυκτικδν
1068 2275 1198 2352 προσηνεῖ
1223 2270 1270 2332 καὶ
1299 2271 1368 2353 ήπίᾳ
1397 2277 1470 2354 φωνῇ
1501 2268 1551 2342 ἑξ-

256 2399 339 2458 ειπὼν
361 2399 523 2479 παροδεῦσει
545 2397 579 2456 τά
600 2396 704 2457 κελλία
725 2403 779 2456 τῶν
802 2395 929 2474 ἀδελφῶν
951 2394 997 2455 καὶ
1021 2395 1062 2474 ἐφ’
1075 2395 1181 2473 ἑκάστῳ
1195 2395 1225 2454 τδ
1249 2394 1434 2473 ,,εὔλόγησον,
1455 2395 1551 2473 πάτερ,
1606 2413 1607 2418 “

255 2522 286 2580 τδ
310 2521 522 2594 μεσονυκτικδνίί
545 2520 672 2590 ὡσαῦτως
687 2519 780 2598 λέγων
804 2514 928 2596 ἐξεγερεῖ
941 2519 1009 2597 πρδς
1030 2515 1202 2596 λειτουργίαν
1224 2518 1299 2590 ήμοῖς
1314 2520 1364 2592 τῆς
1380 2514 1553 2591 μεσονυκτίου

258 2637 433 2720 ἀκολουθίας,
462 2644 496 2716 ήν
519 2641 554 2715 δὴ
577 2640 623 2700 καί
655 2641 734 2710 αὔτδς
762 2640 892 2717 ψαλεῖται
922 2641 1031 2709 πάντως
1053 2635 1099 2697 καί
1122 2639 1137 2697 ό
1163 2637 1370 2714 κανδηλάπιης.
1418 2637 1552 2713 ἐντούτῳ
1606 2623 1607 2690 ζ

256 2764 306 2836 τάς
329 2761 432 2842 βαρέας
454 2763 544 2843 κροῦει
567 2761 638 2821 κατά
656 2763 686 2821 τδ
702 2762 825 2838 σῦνηθες,
848 2759 897 2820 καί
918 2761 987 2820 οὔτω
1011 2765 1057 2820 τοῦ
1080 2760 1189 2840 σιδήρου
1212 2757 1460 2834 διασημαινομένου
1482 2777 1552 2832 συμ-
1606 2813 1607 2816 ,

259 2885 345 2960 βόλου
365 2884 532 2964 ἀθροίζονται
551 2886 652 2955 πάντες
676 2883 704 2942 ἐν
726 2883 765 2961 τῷ
787 2881 855 2961 ναῷ,
879 2880 925 2941 καί
950 2882 1151 2960 εὔλογίγσαντος
1172 2883 1218 2940 τοῦ
1241 2880 1339 2960 ίερέως
1361 2879 1502 2958 ψάλλεται
1524 2880 1552 2936 σῖ

258 3010 460 3084 μεσονυκτικόν,
476 3004 523 3065 καὶ
538 3005 608 3081 μετὰ
624 3005 673 3080 τὴν
690 3003 883 3084 συμπλήρωσιν
899 3005 992 3063 τούτου
1008 3003 1136 3080 έπιφωνεῖ
1150 3003 1165 3060 ὁ
1179 3005 1333 3081 προεστώς·
1359 2997 1494 3080 ,,εὔξασθε
1509 2997 1553 3058 καί

259 3129 427 3210 μακαρίσατε
450 3128 512 3200 τοὺς
534 3125 628 3206 άγίους
650 3129 770 3207 πατέρας
793 3126 882 3202 ήμῶν,
906 3123 1020 3197 εὔξασθε
1035 3124 1067 3184 δέ
1083 3121 1130 3183 καί
1145 3123 1210 3204 ὑπέρ
1227 3123 1294 3198 έμοῦ
1310 3127 1356 3183 τοῦ
1379 3122 1552 3203 άμαρτωλοῦ,

256 3251 301 3312 ίνα
331 3251 418 3331 ῥυσθῶ
449 3250 482 3310 ἐκ
511 3255 565 3309 τῶν
594 3251 688 3308 παθῶν
716 3246 762 3308 καί
794 3245 958 3308 σκανδάλων
980 3250 1027 3306 τοῦ
1056 3247 1204 3326 πονηροῦίί,
1235 3243 1282 3305 καὶ
1312 3246 1392 3320 ήμῶν
1418 3243 1461 3304 ἐπὶ
1490 3247 1553 3322 γὲνυ

258 3373 430 3447 κλινομένων
454 3369 670 3452 ἀποκρινόμεθα·
702 3370 738 3449 ,,ό
760 3371 823 3441 θεδς
853 3369 1000 3448 μακαρίσαι
1008 3367 1033 3450 ³)
1057 3369 1107 3443 μέν
1129 3368 1190 3439 τοῦς
1213 3368 1295 3444 ἁγίας
1323 3367 1446 3446 πατέρας
1467 3367 1552 3440 ήμῶν,
1606 3363 1607 3368 ’

259 3497 435 3573 συγχωρήσαι
458 3491 489 3552 δὲ
505 3489 552 3551 καί
568 3493 607 3554 σέ.
640 3489 715 3564 εὔξαι
731 3491 763 3550 δὲ
783 3489 829 3549 καί
850 3491 930 3562 αὔτδς
952 3489 1019 3570 ὔπέρ
1040 3490 1130 3567 ήμῶν,
1152 3489 1224 3564 τίμιε
1238 3491 1333 3567 πάτερ,
1356 3487 1402 3546 ἵνα
1418 3487 1553 3566 ῥυσθῶμεν

261 3617 294 3675 ἐκ
322 3621 376 3674 τῶν
403 3615 497 3673 παθῶν
525 3611 572 3673 καί
596 3612 760 3673 σκανδάλων
782 3615 829 3672 τοῦ
850 3611 1001 3692 πονηρσῦῖί,
1031 3609 1078 3670 καὶ
1102 3610 1274 3691 ἀποκρίνεται
1296 3611 1311 3669 ό
1333 3611 1489 3688 προεστώς·
1520 3609 1552 3686 ,,ό

260 3739 322 3810 θεός
345 3739 521 3816 συγχωρήσαι
529 3733 553 3817 ⁴)
576 3737 679 3808 πάντας
701 3735 771 3809 ὑμᾶς
795 3734 830 3794 δι’
844 3735 932 3811 εὔχῶν
955 3738 1008 3792 τῶν
1031 3731 1117 3810 ἁγίων
1138 3733 1262 3812 πατέρων
1285 3730 1398 3809 ήμῶνῖῖ,
1422 3733 1503 3806 ήμῶν
1525 3729 1552 3788 δέ

260 3860 481 3940 ἀποκρινομένων
503 3859 547 3917 τό·
580 3857 705 3936 ,,ἀμήνῖί,
737 3855 854 3927 ἀναστάς
877 3855 892 3912 ό
913 3853 1110 3930 κανδηλάππης
1132 3851 1180 3912 καὶ
1207 3851 1302 3926 βαλὼν
1331 3854 1479 3927 μετάνοιαν
1501 3852 1552 3910 άτ-

261 3983 371 4061 έρχεται
394 3979 441 4040 καί
464 3980 591 4056 σημαίνει
613 3981 644 4039 τδ
667 3980 742 4057 μέγα
764 3979 957 4057 σημαντήριον.
1002 3973 1048 4036 καὶ
1071 3975 1156 4047 οὔτως
1183 3974 1327 4054 ἀρχόμεθα
1347 3977 1394 4034 τοῦ
1421 3974 1552 4055 τρισαγίου

260 4107 307 4163 τοῦ
328 4104 457 4184 κραταιοῦ
478 4102 558 4176 ήμῶν
582 4099 719 4176 βασιλέως
742 4097 813 4175 μετά
834 4097 985 4178 τροπαρίων
1009 4095 1055 4156 καί
1079 4095 1192 4172 έκτενῆς
1213 4095 1287 4175 παρὰ
1305 4099 1352 4154 τοῦ
1368 4095 1476 4175 ἱερέως,
1499 4095 1552 4172 ,,έτι

261 4223 381 4298 δεόμεθα
403 4223 469 4302 ὔπέρ
490 4227 544 4281 τῶν
568 4220 768 4294 εὔσεβεοτάτων
791 4217 838 4278 καὶ
860 4217 1051 4297 θεοφυλάκτων
1066 4217 1146 4294 ήμῶν
1169 4213 1307 4290 βασιλέων
1321 4217 1450 4296 κράτους,
1472 4215 1552 4290 νίκης,

261 4345 404 4424 διαμονῆς,
428 4343 547 4424 εἰρήνης,
571 4343 664 4422 ὑγείας
686 4339 733 4402 καὶ
756 4340 889 4421 σωτηρίας
912 4341 999 4399 οὔτῶν
1021 4337 1067 4398 καί
1083 4341 1129 4398 τοῦ
1150 4339 1241 4417 κόριον
1263 4338 1309 4396 τδν
1332 4337 1395 4396 θεδν
1418 4339 1498 4413 ἡμῶν
1514 4333 1552 4395 έπί

261 4467 348 4528 πλέον
372 4471 532 4546 συνεργῆσαι
554 4463 601 4524 καὶ
624 4463 809 4550 κατευοδῶσαι
833 4462 929 4533 αθτοῦς
952 4461 982 4520 έν
1004 4466 1070 4520 ποῖαι
1092 4457 1139 4518 καὶ
1161 4457 1293 4530 ὑποτάξαι
1314 4459 1365 4517 {ab
1388 4458 1451 4530 τοθς
1473 4435 1551 4526 πόδας

368 4728 387 4793 ¹)
402 4722 471 4794 ὑμῶν
484 4725 515 4775 Ε.
594 4723 614 4789 ²)
628 4721 786 4791 συγχωρήσει
799 4719 839 4770 καὶ
852 4720 928 4770 σώσει
940 4719 971 4770 E.
1042 4717 1064 4784 ³)
1077 4716 1205 4786 μακαρίσιι
1218 4716 1249 4767 E.
1320 4713 1551 4785 έ)συγχωρήσειδὶ
