3208 5310
1364 354 1385 418 5

177 545 196 614 γ
223 541 484 613 Κωνσταντῖνος
511 542 543 600 ἐν
567 541 698 622 Χριστῷ
725 543 768 620 τῷ
796 542 860 622 θεῷ
886 545 999 616 πιστδς
1027 543 1189 617 βασιλεὺς
1210 544 1266 604 καί
1288 546 1384 606 αύτο-

69 663 208 741 κράτωρ
232 661 411 738 Ῥωμαίων
433 664 448 721 ὁ
474 665 679 740 Μονομιίχος
701 669 727 740 γ.

341 955 401 1020 ΠΙ.
426 955 670 1044 (6554-1046)
695 980 806 1024 mense
829 959 914 1021 maio
936 957 1004 1022 ind.
1028 957 1120 1022 XIV.

66 1156 233 1224 Imperator
244 1157 435 1210 ίύιιιιίαιιίίιιυσ
443 1157 637 1212 Μοκοτιιασίικε
646 1158 763 1212 coneedit
771 1159 916 1226 ιιιοτιαοίιίιι,
927 1165 957 1212 ut
969 1158 1201 1228 θοιιιιαιιιίιιομοίί
1207 1159 1380 1212 deversentur

67 1259 94 1312 εἰι
114 1260 242 1330 hospitio
264 1261 338 1331 κυρία
359 1261 495 1316 τιιυινασίιιίν
515 1261 659 1332 Olympii&
674 1263 813 1332 αεείρααίο
829 1263 963 1334 donatque
983 1263 1144 1317 monasterio
1160 1263 1303 1333 quotannis
1313 1262 1376 1331 fm-

570 1372 687 1420 mentum
703 1372 728 1421 σί
738 1367 893 1436 pecuniam.

67 1565 341 1644 Χρυσοβσυλλον
369 1571 424 1628 τού
451 1570 548 1628 αύτού
575 1565 650 1647 περὶ
675 1571 730 1627 τοῦ
757 1567 965 1644 ἀπληκεύειν
991 1566 1065 1638 τούς
1089 1567 1258 1644 μοναχούς
1282 1567 1314 1626 έν
1337 1567 1380 1646 τῷ

215 1688 384 1767 βασιλικῷ
407 1689 498 1769 οἴκῳ,
523 1690 600 1748 ἔνθα
623 1686 678 1748 καὶ
701 1689 730 1748 οί
753 1690 957 1765 Ὀλυμπῑται
981 1689 1240 1764 ἀπληκεύονται.

179 1883 197 1954 †
220 1877 296 1954 Ἅμα
316 1880 367 1954 μέν
382 1881 428 1940 καί
444 1880 543 1960 ἀρετὴν
559 1879 640 1940 ὁσίων
656 1877 702 1938 καὶ
718 1879 851 1958 ριλοθέων
868 1880 974 1960 ἀνδρῶν
990 1885 1095 1954 τιμῶσα
1110 1883 1128 1956 ἡ
1145 1879 1275 1954 βασιλεία
1289 1882 1378 1960 ἡμῶν,

72 2001 130 2074 ἅμα
147 2001 182 2059 δὲ
197 1998 246 2059 καί
261 2002 292 2059 τδ
308 2003 380 2060 θεῖον
397 2001 426 2060 ἐν
440 2001 519 2061 παντί
533 2003 608 2081 τύπῳ
623 2006 672 2076 τῆς
688 1999 847 2072 δεσποτείας
863 2001 943 2060 αύτού
959 2002 1083 2079 εὐλογεῖν
1100 2000 1266 2076 βουλομένη,
1283 2000 1378 2060 καὶτὰ

70 2122 118 2182 δύο
141 2126 229 2182 ταῦτα
251 2122 360 2202 χρηστά
382 2122 428 2182 καὶ
450 2121 488 2201 τῷ
513 2123 566 2182 ἕντι
589 2121 720 2196 βασιλικά
743 2121 959 2202 διαπραττομένιγ
983 2121 1039 2180 δεῖν
1063 2116 1139 2202 ᾠήθη
1156 2123 1207 2182 κάν
1222 2129 1256 2204 τῇ
1273 2122 1301 2181 ἐν
1317 2125 1377 2202 Χίῳ

70 2252 121 2319 τῆς
144 2243 300 2324 ύτεραγίας
322 2245 451 2304 θεοτύκου
465 2245 528 2328 Νέᾳ
544 2247 625 2326 Μονῇ
647 2244 681 2304 τὰ
704 2249 753 2322 τῆς
776 2243 936 2324 εὐεργεσίας
953 2241 1132 2324 ἐνδείξασθαι,
1157 2245 1196 2316 ὠς
1219 2248 1251 2303 ἂν
1267 2245 1306 2320 μὴ
1323 2249 1377 2320 μέ-

70 2387 116 2425 νον
142 2367 174 2425 έν
195 2366 322 2446 ἠπείροις
343 2387 373 2425 τε
396 2365 443 2426 καί
466 2366 626 2448 θαλάσσαις,
650 2367 728 2426 ἀλλὰ
750 2365 797 2426 καὶ
813 2366 842 2424 ἐν
859 2367 951 2438 αὐταῖς
966 2369 1025 2437 ταῖς
1040 2369 1131 2442 νήσοις
1146 2367 1177 2426 τδ
1192 2367 1291 2442 ταύτης
1307 2367 1376 2446 ἐρα-

70 2489 182 2547 πλῶται
205 2489 363 2566 ρελάτιμον·
386 2488 474 2548 πολύν
483 2487 506 2569 ¹)
529 2489 583 2568 γὰρ
605 2489 631 2548 οἱ
653 2488 744 2548 ἐκεῖσε
766 2485 884 2566 μοναχοί
898 2492 944 2547 τού
959 2487 1029 2547 κατὰ
1045 2489 1107 2546 θέον
1124 2487 1183 2562 βίου
1197 2491 1377 2564 ποιησάμενοι

72 2611 161 2686 λόγον
184 2607 234 2668 καὶ
259 2609 367 2692 ἀρετῆς,
392 2608 468 2690 εἴπερ
490 2611 562 2680 τινδς
577 2609 670 2690 ἑτέρου
684 2608 879 2690 φροντίσαντες,
903 2610 1051 2685 ἀναλόγως
1065 2607 1103 2688 τῷ
1119 2607 1170 2689 βίῳ
1185 2608 1232 2669 καί
1246 2612 1292 2669 τδν
1302 2611 1377 2691 παρὰ

71 2740 120 2806 τῇς
148 2730 296 2804 βασιλείας
323 2733 402 2807 ἡμῶν
430 2732 617 2790 ἐπεσπάσαντο
645 2731 734 2792 έλεον.
764 2731 840 2790 ἔνθεν
866 2751 905 2791 τοι
933 2728 981 2790 καί
1006 2730 1046 2810 τῷ
1072 2729 1134 2812 περὶ
1156 2731 1205 2805 τὴν
1227 2733 1376 2812 ύπεραγίαν

71 2851 216 2912 δέσποιναν
238 2853 319 2927 ἡμῶν
342 2853 469 2912 θεοτόκον
493 2851 613 2932 διαπύρῳ
634 2853 711 2931 πόθῳ
732 2851 781 2926 τὴν
803 2849 865 2931 περὶ
887 2851 948 2924 τούς
969 2852 1129 2932 ριλαρέτους
1151 2853 1259 2924 τούτους
1276 2853 1376 2934 ἄνδρας

69 2975 236 3054 προσθέντες
259 2973 376 3052 στοργὴν
398 2972 444 3033 καὶ
468 2973 571 3052 ἀγαθον
595 2972 691 3051 ἀγαθῷ
710 2969 937 3053 παραζεύξαντες,
961 2975 991 3032 τδ
1006 2975 1093 3054 παρδν
1107 2972 1314 3053 χρυσόβουλλον
1331 2997 1375 3033 σι-

71 3094 184 3172 γιλλιον
208 3091 361 3170 ἐξεθέμεθα
384 3095 565 3176 διορισάμενοι
589 3097 618 3154 ἐν
640 3093 679 3174 τῷ
695 3094 861 3173 ἀρορισθέντι
875 3097 932 3164 τοῖς
949 3095 1131 3170 Ὀλυμπίταις
1147 3098 1278 3172 μοναγοῖς
1294 3094 1374 3167 ξενο-

73 3215 177 3295 δοχείῳ
200 3215 277 3296 παρὰ
298 3221 348 3290 τῆς
371 3215 516 3291 βασιλείας
538 3219 617 3292 ἡμῶν
640 3213 686 3276 καί
708 3215 803 3286 αύτούς
825 3217 980 3294 καταλύειν,
1005 3217 1080 3293 έχειν
1102 3237 1132 3276 τε
1155 3213 1195 3288 είς
1208 3217 1374 3294 καταγωγὴν

73 3338 317 3416 ἀνωγειυκάτωγον
343 3341 374 3398 τύ
400 3337 463 3418 περὶ
489 3345 543 3398 τῶν
570 3339 695 3398 τοιούτων
723 3335 897 3414 ξενοδοχεῖον
923 3335 969 3396 καὶ
994 3337 1022 3396 ἐν
1046 3337 1118 3416 αύτῷ
1140 3339 1314 3418 καταμένειν,
1342 3340 1374 3398 δ-

71 3458 172 3533 πηνίκα
199 3459 283 3541 χρεία
309 3481 349 3533 τις
376 3461 471 3531 αύτούς
499 3463 537 3531 ὡς
563 3459 598 3518 τὰ
625 3459 738 3518 ἐνταῦθα
764 3463 811 3517 τού
838 3457 1017 3538 μοναστςρίου
1045 3459 1156 3538 ἀπάγοι,
1164 3457 1190 3542 ²)
1221 3461 1375 3535 λαμβάνειν

75 3579 224 3657 δ’έτησίιυς
248 3579 295 3640 καί
316 3581 396 3661 λόγῳ
419 3581 569 3660 τιτηρεοίου
593 3579 663 3638 σίτου
686 3577 797 3654 μοδίους
822 3582 968 3658 τριάκοντα
990 3579 1037 3640 καί
1059 3581 1197 3656 νουμμίων
1222 3581 1374 3662 μιλιαρίσια

74 3706 222 3782 τριάκοντα,
251 3703 322 3762 κατὰ
345 3704 390 3762 τδν
413 3705 506 3784 καιρδν
531 3704 667 3785 δηλονότι,
695 3703 757 3762 καθ’
773 3702 803 3760 δν
826 3699 873 3762 καί
896 3701 921 3761 οἱ
943 3703 996 3761 ὰπδ
1019 3706 1065 3762 τού
1089 3701 1233 3776 Ὀλύμπου
1256 3702 1374 3781 μοναχοὶ

77 3819 160 3909 βὰν)
189 3827 348 3884 τυπωθέντα
379 3824 553 3900 λαμβάνουσι
580 3827 727 3906 σιτηρέσια,
758 3827 877 3904 ὑστερεῖν
904 3823 935 3882 δέ
959 3825 1048 3893 αύτοῖς
1071 3825 1101 3882 τύ
1123 3828 1240 3883 τοιοῦτον
1265 3825 1372 3900 ἐτήσιον

75 3949 222 4026 σιτηρέσιον
246 3945 377 4006 ούδέποτε
400 3945 569 4028 βουλόμεθα,
593 3945 653 4005 ούτε
677 3949 730 4022 μὴν
752 3952 802 4021 τῆς
825 3945 854 4004 ἐν
877 3945 915 4023 τῷ
935 3944 1198 4024 ἀνσιγεισκατωγείῳ
1213 3953 1373 4022 καταμσνῆς

74 4068 129 4140 τούς
150 4068 290 4139 τοιούτους
313 4066 461 4149 ἐκπίπτειν,
483 4069 577 4139 καθὼς
599 4067 646 4127 καί
669 4070 699 4127 τδ
722 4070 790 4146 πρδς
810 4069 840 4128 τδ
856 4069 984 4147 σέκρετον
1000 4071 1046 4126 τοῦ
1063 4067 1188 4145 μεγάλου
1203 4065 1372 4143 οἰκονομείου

73 4195 114 4250 τού
141 4189 222 4268 ἁγίου
247 4189 385 4270 Γεωργίου
411 4195 458 4250 τού
480 4191 683 4270 Τροπαιορύρου
705 4189 898 4269 καταπεμρθὲν
919 4192 1058 4249 πιττάκιον
1081 4193 1131 4264 τῆς
1154 4187 1297 4262 βασιλείας
1320 4211 1372 4265 μου

73 4311 265 4390 διαλαμβάνει,
289 4310 442 4386 ἀλήθεσθαί
463 4332 499 4389 γε
522 4313 576 4388 μὴν
598 4311 645 4371 καί
667 4311 729 4383 τούς
751 4311 813 4370 καθ’
830 4313 945 4370 ἕκαστον
966 4312 1066 4391 χρόνον
1087 4312 1295 4390 παρεχομένους
1315 4313 1372 4384 τοῖς

72 4438 201 4512 μοναχοῖς
231 4434 377 4514 τριάκοντα
407 4433 478 4494 σίτου
508 4433 619 4510 μοδίους
645 4431 693 4492 καὶ
720 4434 866 4508 ζυμοῦσθαι
893 4431 940 4491 καὶ
969 4430 1008 4504 είς
1036 4433 1115 4511 άρτον
1144 4427 1371 4492 ἀποκαθίστασθαι

171 4695 192 4762 ι)
212 4689 278 4756 μὴν
297 4691 359 4744 εει.
434 4693 455 4757 ²)
473 4690 587 4760 ἀπάγοιεν
606 4693 667 4743 εει.
740 4693 760 4756 ³)
779 4693 861 4742 Addit
880 4692 943 4743 ενι.
