3222 5284
237 341 303 406 332

239 536 322 609 μέσον
344 537 362 608 ἠ
385 536 416 592 τό
438 540 491 592 τῶν
513 539 655 608 κοσμικῶν
675 517 845 614 πραγμοίτων
868 533 980 611 κέντρον
1003 533 1185 610 στρεφόμενον
1209 531 1356 608 ἀμήχανον
1378 533 1396 604 η
1419 525 1480 588 καὶ
1505 546 1554 584 τε-

238 655 314 727 λέως
337 651 467 715 ἀδύνατον
490 657 528 730 μὴ
552 655 700 734 φλέγεσθαι
717 655 760 714 ἐπ’
770 649 912 734 ἁνθροίκων
928 653 1074 728 βαδίζοντα
1089 655 1107 728 ἢ
1125 652 1169 712 ἐπ’
1178 652 1303 711 ἀκανθῶν
1320 651 1360 728 μὴ
1377 649 1555 727 ἀμύττεσθσι

237 779 255 850 ἢ
280 775 323 835 ἐπί
345 773 427 854 ξιφῶν
451 777 490 854 μὴ
518 775 702 852 αἱμόττεσθαι.
749 779 820 836 κατά
841 797 872 835 τε
899 779 964 854 γοῦν
986 777 1032 834 τόν
1058 776 1180 852 παρόντα
1207 773 1266 849 βίον
1288 775 1335 833 τόν
1357 771 1555 846 πολυκίνητσν

237 895 285 957 καί
307 897 539 977 φιλομετοίβολον,
570 898 640 958 οίπω
664 897 698 972 δή
722 918 754 956 σε
775 897 824 972 τὴν
847 896 990 971 καλλονὴν
1015 893 1117 970 Ἰακὼβ
1140 896 1299 976 ὑπέρμαχον
1323 895 1398 972 ἔχειν
1419 895 1499 970 ἡμῖν
1526 893 1554 950 ἐν
1600 895 1601 970 J

236 1024 317 1078 πᾶσιν
351 1019 530 1098 ἀπρόσμαχον
560 1021 676 1098 γένοιτο,
708 1019 756 1090 τὰς
782 1025 836 1077 τῶν
862 1019 997 1098 σφετέρων
1031 1016 1150 1077 ἐλπίδων
1181 1017 1302 1097 ἐγείρας
1324 1017 1394 1088 όλας
1414 1021 1477 1092 τῆς
1502 1020 1554 1088 σῆς

236 1141 420 1220 χρηστότητος
444 1138 616 1219 ἐξαρτήσασι,
639 1143 710 1200 κατά
732 1159 762 1199 τε
785 1135 866 1214 λῆξιν
887 1139 937 1215 την
960 1137 1120 1212 μέλλουσαν
1143 1139 1231 1218 εὑρεῖν
1255 1159 1286 1197 σε
1308 1137 1394 1198 πάλιν
1415 1157 1553 1216 προστα-

236 1261 299 1320 τίδα
320 1259 382 1341 περὶ
403 1263 433 1322 τό
456 1265 562 1341 φρικτόν
585 1282 614 1320 τε
637 1259 684 1321 καί
707 1263 781 1338 μέγα
802 1264 849 1320 τοῦ
872 1259 928 1320 υἱοῦ
951 1279 997 1318 σου
1017 1257 1064 1319 καὶ
1087 1258 1225 1333 βασιλέως
1250 1262 1396 1339 κριτήριον,
1419 1261 1435 1319 ό
1460 1259 1551 1332 τεδὴ

237 1380 285 1442 καί
310 1383 372 1454 τους
402 1384 503 1461 λόγους
531 1388 585 1442 τῶν
613 1383 642 1442 ἐν
668 1389 702 1464 τῇ
732 1383 809 1462 καλῇ
836 1381 965 1461 Ναζαρὲτ
995 1381 1129 1459 μεγάλων
1161 1380 1333 1460 εὐαγγελίων
1360 1385 1410 1456 τῆς
1440 1378 1481 1440 ἐν’
1509 1377 1552 1438 σαί

237 1506 409 1584 παναρρητου
430 1508 476 1564 τοῦ
499 1503 585 1581 λόγου
608 1507 772 1583 σαρκῶσεως
794 1499 917 1562 καὶτῶν
940 1502 1011 1562 κατὰ
1032 1503 1082 1578 τἠν
1105 1502 1180 1582 ίεράν
1195 1501 1328 1578 Βηθλεέμ
1353 1502 1382 1561 ἐν
1403 1507 1436 1583 τῇ
1454 1503 1551 1582 φοίπιη

238 1627 401 1704 σπαργάνων
424 1625 449 1685 σί
470 1631 519 1700 τῆς
542 1625 642 1704 ἀρετ-ης
662 1623 775 1704 ἐργάται
796 1625 935 1699 συνήσουσι
950 1624 1111 1703 τρανότερον
1126 1643 1156 1682 τε
1171 1620 1218 1682 καί
1234 1625 1435 1703 καθαρώτερον.
1464 1621 1550 1680 ἀλλὰ

237 1749 347 1806 τοιαῦτα
374 1746 425 1822 μὲν
453 1745 487 1821 δὴ
515 1751 548 1828 τῇ
576 1745 763 1826 όπερλοίμπρῳ
790 1743 838 1804 καί
865 1744 925 1827 θείᾳ
951 1743 1061 1823 κιβωτῷ
1083 1764 1125 1803 σοι
1147 1747 1194 1804 τοῦ
1223 1745 1394 1822 ἀγαὶσματος
1416 1743 1451 1802 τά
1477 1742 1548 1820 παρ’

236 1869 316 1942 ἡμῶν
339 1868 531 1948 είιχαρισιηριοί
553 1888 583 1926 τε
604 1865 650 1926 καί
673 1866 806 1946 ίκετήρια,
831 1869 848 1924 ἀ
871 1866 902 1926 δέ
926 1866 960 1940 δίη
982 1865 1045 1944 περί
1063 1885 1094 1924 τε
1113 1871 1163 1940 τῆς
1179 1864 1254 1944 ἱερᾶς
1277 1885 1318 1924 σοι
1341 1863 1469 1944 μάνδρας
1496 1861 1547 1922 καί

237 1994 287 2064 τῆς
308 1993 361 2048 τῶν
384 1988 446 2047 κατ’
460 1988 542 2062 αὐτὴν
564 1988 629 2062 ἡμῖν
654 1985 848 2047 διατεπόπωται
870 1989 1063 2058 καταπόσεως
1085 1987 1169 2045 ταθτοί
1192 1985 1256 2044 ἐστι.

341 2110 418 2186 Κεφ.
444 2106 481 2169 α’.
518 2105 599 2188 Περὶ
626 2112 682 2168 τοῦ
711 2107 894 2188 ἐλευθέραν
921 2105 977 2167 καί
1005 2106 1250 2166 αὐτοδέσποτον
1279 2101 1367 2166 εἶναι
1395 2107 1453 2181 τὴν
1482 2111 1546 2180 τῆς

238 2230 530 2310 Κεχαριτωμένης
558 2227 614 2288 καί
641 2231 812 2306 πανσίγνου
842 2229 1049 2306 θεομήτορος
1080 2231 1193 2302 μονήν.
1240 2227 1383 2302 Βούλομαι
1413 2228 1463 2302 τὴν
1496 2228 1544 2286 ἀπ’

240 2351 307 2426 ἐμοῦ
330 2357 463 2411 συστᾶσαν
485 2355 535 2426 τῆς
558 2351 791 2430 Κεχαριτωμένης
815 2349 959 2426 δεσποίνης
982 2371 1033 2426 μου
1056 2351 1183 2410 θεατόκου
1207 2353 1303 2429 μονήν,
1327 2351 1410 2428 μέχρι
1433 2349 1487 2424 μὲν
1511 2351 1545 2406 ἂν

238 2471 296 2551 ἐγὼ
317 2477 367 2546 τῆς
391 2474 474 2546 σίντης
499 2471 602 2531 ἐκτενεῖ
624 2471 755 2554 πρεσβείᾳ
777 2471 823 2530 καί
844 2473 936 2551 χοίριτι
959 2471 988 2530 έν
1007 2471 1177 2552 τῇπαροάση
1194 2470 1365 2548 διατηρῶμαι
1381 2473 1449 2550 ζωῇ,
1474 2471 1542 2529 καθ’

237 2595 266 2652 δν
290 2597 323 2652 ἀν
345 2594 412 2668 αθτη
435 2593 511 2652 θέλω
538 2594 635 2671 τρόπον
664 2592 821 2652 διοικεῖσθαι
843 2590 890 2652 καί
919 2590 1102 2672 διεξόγεσθαι,
1133 2591 1205 2666 μετὰ
1236 2591 1267 2652 δέ
1297 2593 1359 2667 τὴν·
1370 2593 1440 2667 ἐμὴν
1464 2595 1542 2650 οἰπο-

237 2715 330 2790 βίωοιν
362 2711 518 2798 (ἅνθρωπος
540 2713 594 2794 γάρ
617 2712 684 2774 οὖσα
706 2715 795 2773 θανεῖν
824 2713 1014 2792 ἀπεκδέχομαι
1037 2711 1084 2772 καὶ
1106 2715 1136 2774 τό
1162 2715 1252 2774 κοινόν
1283 2714 1429 2792 ἐπιγνῶναι
1451 2715 1543 2792 χρέος

237 2842 287 2911 τῆς
309 2834 425 2916 φύσεως)
451 2836 599 2916 ἐλευθέραν
622 2829 691 2894 εἶναι
714 2834 761 2895 καί
787 2835 983 2896 αὺτοδέσποτον
1005 2833 1053 2894 καί
1074 2837 1164 2912 πάσης
1190 2837 1284 2915 χειρός
1306 2834 1353 2894 καὶ
1376 2833 1542 2905 δεσποτείας

240 2953 451 3032 ἀπεξενωμένην
475 2955 521 3016 καί
544 2955 642 3032 μηδενὶ
664 2962 716 3016 τῶν
741 2959 865 3017 ἁπάντων
890 2958 932 3016 ἐπ’
946 2959 1012 3038 αυτῄ
1035 2958 1173 3038 προσεῖναι
1197 2957 1282 3017 ότιοῦν
1306 2955 1409 3016 δίκαιον
1431 2959 1540 3035 ὴττρο-

238 3081 340 3158 νόμιον,
370 3078 448 3138 ἀλλά
468 3081 637 3138 παντάπασιν
661 3073 741 3137 οὖσαν
765 3077 912 3157 ἐλευθέραν
936 3079 1026 3152 μένειν
1049 3079 1112 3136 καθ’
1126 3077 1224 3152 ἑαυτὴν
1246 3077 1293 3136 καὶ
1315 3077 1356 3156 ἐφ’
1370 3079 1467 3154 ἑαυτῆς
1494 3077 1539 3138 δι-

238 3202 368 3261 οικεῖσθαι
391 3203 462 3260 κατὰ
484 3200 518 3259 τὰ
539 3201 604 3280 παρ’
618 3201 684 3276 ἐμοῦ
708 3201 796 3280 ῥητῶς
821 3201 935 3260 ἐνταῦθα
958 3199 1227 3278 διατυπωθησόμενα,
1251 3202 1320 3274 μήτε
1344 3199 1501 3272 βασιλικοῖς
1521 3203 1538 3272 ἢ

239 3323 474 3398 ἐκκλησιαστικοίς
495 3325 514 3396 ἢ
537 3324 718 3402 προσωπικοίς
734 3320 884 3396 ότεδήποτε
899 3323 1094 3396 Ιἱποτιθεμένην
1110 3321 1233 3403 δικαίοις,
1256 3324 1326 3397 μήτε
1341 3321 1413 3380 κατὰ
1428 3321 1539 3400 δωρεὰν

236 3446 254 3516 ἢ
279 3443 397 3504 ἐπίδοσιν
419 3447 436 3518 ἢ
461 3444 570 3523 ἐφορίαν
593 3447 610 3518 ἢ
635 3442 789 3518 οἰκονομίαν
811 3447 829 3518 ὴ
854 3444 1008 3522 ἐπιτήρηοιν
1031 3444 1161 3522 ηέτέραν
1176 3443 1235 3502 τινὰ
1249 3444 1381 3523 πρόφασιν
1396 3444 1538 3521 προσώπῳ

238 3564 374 3644 οίῳδητινι
396 3569 414 3639 ἢ
439 3570 509 3646 μονῇ
532 3567 550 3638 ἠ
574 3565 668 3641 εὐαγεῖ
690 3563 757 3641 οίκῳ
779 3567 797 3638 ἢ
819 3564 858 3642 τῷ
882 3563 1096 3644 όρφανοτροφείῳ
1119 3569 1137 3639 ἢ
1160 3565 1245 3644 ἑτέρῳ
1268 3565 1389 3643 σεκρέτῳ
1404 3567 1422 3637 ἡ
1440 3560 1538 3635 ξενῶνί

237 3708 287 3746 τινι
309 3687 514 3762 ἀνατιθεμένην,
542 3686 608 3745 ἀλλ’
623 3685 672 3744 ἀπό
694 3686 742 3760 τὴν
771 3685 893 3758 ἐξουσίαν
924 3689 1010 3762 μόνης
1032 3693 1081 3762 τῆς
1109 3687 1334 3764 κεχαριτωμένης
1355 3686 1536 3763 παρθενομη-

236 3828 324 3888 τορος,
352 3803 370 3890 ᾖ
394 3808 428 3883 δὴ
451 3805 498 3866 καὶ
525 3807 704 3885 ἀνατέθειται,
732 3808 838 3868 κεῖσθαι
865 3813 998 3883 μένουσαν
1023 3809 1052 3880 ἐς
1075 3809 1127 3884 ἀεί,
1155 3806 1202 3866 καί
1224 3807 1299 3886 παρὰ
1320 3811 1370 3882 τῆς
1393 3807 1467 3866 κατὰ
1487 3809 1537 3881 τὴν

236 3931 342 4010 ἡμέραν
364 3930 600 4008 ήγουμενευοόσης
623 3929 651 3988 ἐν
675 3930 742 4010 αὐτῄ
765 3929 946 4008 κυβερνᾶσθαί
969 3928 1060 3988 τεκαὶ
1086 3927 1261 4006 διεξέγεσθαι
1280 3929 1351 3988 κατά
1366 3929 1401 3986 τάι
1415 3932 1538 4008 παρόντα

236 4053 315 4130 ἡμῶν
338 4051 526 4130 διατάγματα·
550 4052 565 4109 ό
581 4051 632 4127 μὲν
648 4051 702 4132 γάρ
721 4053 862 4132 κράτιστός
878 4071 929 4126 μου
946 4052 1085 4130 βασιλεὺς,
1109 4055 1184 4129 κθρις
1199 4047 1325 4121 Ἀλέξιος
1347 4049 1535 4128 ὁΚομνηνός,

236 4173 266 4232 όν
289 4168 345 4253 δῴη
373 4175 464 4254 κύριος
487 4175 502 4232 ό
524 4175 587 4245 θεός
614 4173 776 4254 μακραίωνα
804 4174 945 4248 διαβιῶναι
973 4175 1046 4248 ζωὴν
1068 4171 1116 4231 καί
1144 4171 1183 4243 εἰς
1210 4178 1299 4252 γῆρας
1327 4171 1429 4232 ἐλᾶοαι
1457 4172 1534 4248 βαθό,

236 4295 360 4370 τοιαότην
383 4293 440 4368 ἕξει
461 4297 509 4371 τὴν
534 4294 578 4355 ἐπὶ
599 4302 633 4376 τῇ
657 4302 726 4377 μονῇ
751 4293 883 4375 ἐξουσίαν,
908 4296 1003 4354 ότοίαν
1027 4295 1062 4372 δὴ
1084 4294 1132 4354 καί
1156 4295 1222 4372 ἐγώ.
1268 4293 1339 4368 μετὰ
1363 4293 1466 4368 δὲτὴν
1489 4298 1535 4352 τοῦ

236 4417 375 4496 κρατίστου
399 4439 450 4491 μου
473 4417 611 4491 βασιλέως
633 4421 686 4475 τῶν
711 4417 834 4476 ἐντεῦθεν
857 4417 991 4491 ἐκδημίαν
1015 4419 1045 4476 οὺ
1068 4417 1204 4492 βούλομαι
1227 4417 1347 4490 τἠντῆς
1367 4415 1533 4494 Κεχαριτω-

236 4539 321 4614 μένης
345 4559 396 4613 μου
423 4539 551 4598 θεοτόκου
579 4537 665 4613 μονὴν
692 4537 742 4598 ὑπό
764 4557 835 4608 τινος
856 4544 910 4597 τῶν
939 4539 1065 4598 ἁπάντων
1093 4537 1251 4596 διοικεῖσθαι
1273 4533 1320 4595 καὶ
1349 4533 1532 4614 διεξάγεσθαι,

237 4659 385 4740 ἐλευθέραν
408 4657 456 4718 καί
479 4659 676 4719 αθτοδέσποτον
701 4659 729 4730 ἐς
746 4658 789 4718 ἀεὶ
810 4657 1000 4738 διαμένουσαν,
1023 4659 1116 4731 καθὼς
1139 4659 1267 4737 ἀνωτέρω
1283 4659 1531 4738 λεπτομερέστερον
