3222 5284
1299 362 1363 427 309

60 558 147 613 πᾶσαι
169 560 223 614 τῶν
246 557 393 630 κτημάτων
417 577 478 636 μου,
501 555 546 614 ἵνα
567 555 694 633 γίνωνται
719 557 748 614 ἐν
770 555 859 636 λεπτῇ
883 551 1027 636 ἀπογραφῇ
1042 553 1090 614 καί
1106 553 1309 626 εἰσσδιάζωνται
1326 555 1366 628 εἰς

61 675 106 732 τὀν
132 677 219 754 εύαγῆ
243 672 319 738 οἷκον
341 681 387 736 τού
409 677 627 756 πτωχοτρορείου
651 699 703 752 μου
724 683 774 752 τῆς
796 677 952 736 Ῥαιδεστού
974 675 1022 736 καὶ
1044 678 1179 736 τελῶνται
1201 677 1252 752 μὲν
1275 677 1365 736 ἐκεῖσε

61 791 96 853 τότ
129 796 294 876 διωρισμένα
316 797 472 878 παρ’ἐμοῦ,
503 799 537 856 τά
560 797 592 858 δὲ
614 798 698 858 λοιπά
721 797 883 877 εἰσάγωνται
906 799 1010 857 ἐκεῖθεν
1034 799 1063 857 ἐν
1085 805 1118 880 τῆ
1141 799 1232 876 πόλει,
1262 795 1310 856 καὶ
1334 795 1365 870 ἐξ

64 917 153 976 αὐτῶν
174 918 289 994 τελῆται
311 919 329 992 ἡ
352 923 405 976 τῶν
428 923 550 996 ψυχικῶν
573 918 703 997 διάδοσις,
731 917 778 978 καὶ
802 919 830 977 αἱ
851 917 946 978 λοιπαὶ
970 917 1061 991 ἔξοδοι
1083 918 1157 998 παρὰ
1178 925 1232 978 τῶν
1255 919 1364 998 κληρο-

64 1039 156 1112 νόμων
178 1057 238 1114 μου,
263 1037 453 1118 συνεργοῦντος
474 1039 522 1098 καὶ
544 1043 590 1099 τού
613 1038 757 1114 οἰκονόμου
779 1045 829 1114 τῆς
852 1047 947 1118 μονῆς,
972 1039 1048 1119 εἴπερ
1065 1040 1094 1098 ού
1110 1041 1223 1114 θελήσει
1240 1043 1362 1122 προστή-

65 1162 163 1219 σαοθαι
184 1161 338 1238 ἡγούμενος
359 1161 374 1219 ό
396 1161 572 1240 κληρονόμος
594 1182 655 1239 μου,
680 1159 782 1235 εἰδήσει
805 1159 853 1220 καὶ
867 1167 921 1220 τῶν
936 1163 1042 1221 λοιπῶν
1059 1167 1199 1239 μοναχῶν.
1230 1163 1362 1242 λογάριον

67 1279 97 1337 δὲ
122 1283 169 1340 ούκ
198 1282 301 1360 όηείλει
323 1303 364 1354 τις
392 1283 589 1362 ἐγχειρίζεσθαι
612 1289 665 1341 τῶν
694 1288 825 1360 μοναχῶν
847 1286 865 1356 ῆ
888 1289 941 1341 τῶν
968 1285 1146 1363 προεστώτων
1170 1284 1253 1361 ὅλως,
1286 1283 1363 1342 ἀλλά

65 1405 214 1478 γινομένων
235 1409 290 1463 τῶν
311 1409 427 1464 τοπικῶν
450 1401 565 1484 ἐξόδων,
588 1407 633 1463 τού
656 1405 770 1480 ἔχοντος
791 1407 959 1482 περιττεύσαι
982 1406 1012 1464 τό
1036 1404 1087 1480 μὲν
1109 1404 1207 1484 τρίτον,
1230 1405 1275 1464 ἵνα
1290 1402 1361 1464 ἀπο-

65 1523 197 1606 τῖθηταιί)
220 1523 260 1598 εἰς
281 1526 312 1584 τθ
336 1525 455 1604 δοχέίον,
478 1527 508 1584 τό
533 1524 564 1584 δὲ
587 1523 718 1605 δίμοιρον,
741 1524 785 1582 ἵνα
808 1525 917 1606 Ιἷιπάρχῃ
941 1525 1109 1597 δεσποτικῶς
1131 1523 1169 1602 τῷ
1192 1525 1295 1604 γνησίῳ
1316 1523 1362 1584 καί

66 1649 233 1726 περιποθήτω
256 1667 309 1722 μου
331 1647 389 1727 υἱῷ,
412 1648 451 1726 τῲ
475 1649 654 1727 μυοτογροίρῳ
676 1645 750 1726 κυρῷ
774 1645 924 1726 Θεοδώρῳ,
956 1648 985 1704 όν
1009 1647 1079 1720 μετά
1102 1649 1147 1705 τόν
1170 1649 1259 1726 κύριον
1282 1649 1361 1721 ήμῶν

68 1767 169 1843 Ἰησοῦν
184 1769 297 1848 Χριστόν
320 1767 367 1826 καὶ
390 1770 452 1826 θεόν
474 1766 521 1827 καὶ
544 1767 592 1844 τήν
617 1769 752 1847 ἄχραντον
776 1769 855 1827 αύτού
878 1769 984 1846 μητέρα
1006 1768 1180 1849 κληρονόμον
1204 1767 1249 1827 καὶ
1271 1769 1361 1846 κύριον

68 1889 115 1950 καὶ
137 1889 270 1966 διοικητὴν
294 1890 496 1968 ἀλογοθέτητον
512 1888 558 1950 καὶ
574 1885 785 1968 ἀνεξερεύνητον
799 1896 849 1966 τῆς
865 1889 941 1962 θείας
956 1889 1143 1970 κληρονομίας
1157 1889 1257 1962 ταύτης
1271 1908 1360 1946 κατα-

69 2012 202 2091 λιμπάνω,
231 2008 278 2071 καὶ
300 2009 422 2086 καθεξῆς
443 2013 500 2082 τοῖς
522 2011 705 2090 κληρονόμοις
729 2011 818 2084 αὐτοῦ,
851 2016 903 2070 τῶν
926 2013 1132 2092 περιπευόντων
1156 2016 1267 2089 καρπῶν
1291 2009 1361 2084 μετὰ

70 2133 117 2202 τὰς
145 2131 288 2214 εἰρημένας
320 2130 431 2205 ἐξόδους
462 2134 673 2211 ἀλογσθετήτως
703 2131 921 2208 είσσικιζομένων
949 2135 1039 2204 αὺτοῖς
1061 2131 1108 2191 καὶ
1130 2131 1358 2211 κερδαινομένων.

70 2255 139 2328 πλήν
161 2255 210 2333 ούχ
233 2253 289 2326 ἕξει
313 2254 436 2328 ἐξουσίαι
459 2255 534 2326 όλως
555 2259 778 2334 παρακατασχεῖν
800 2259 818 2330 ῆ
842 2253 990 2314 είοοδιάσοιι
1014 2253 1066 2312 ἀπό
1089 2253 1143 2312 τών
1167 2254 1359 2332 ἀφωρισμένων

72 2380 209 2452 κτημάτων
232 2379 261 2437 ἐν
283 2380 340 2449 τοῖς
362 2377 490 2448 τοιούτοις
512 2377 595 2455 ἱεροῖς
617 2375 711 2454 οἴκοις,
735 2375 758 2436 εἰ
775 2379 813 2451 μὴ
828 2379 958 2456 πρότερον
974 2375 1001 2434 αἱ
1018 2375 1154 2447 διαδόσεις
1167 2380 1222 2434 τῶν
1237 2378 1360 2452 ψυχικῶν

70 2499 113 2558 καί
139 2501 239 2560 λοιπῶν
270 2500 412 2578 γένωνται,
444 2499 536 2570 καθώς
559 2495 606 2556 καὶ
626 2497 691 2577 παρ’
705 2497 771 2572 ἐμοῦ
802 2476 987 2571 ότυπώθησαν.
1032 2498 1063 2555 τό
1094 2498 1158 2556 αύτ-ὀ
1180 2496 1225 2555 ἵνα
1247 2501 1360 2574 τηρῆται

71 2620 113 2678 καὶ
134 2621 175 2680 ἐπὶ
195 2627 249 2681 τῶν
270 2621 392 2696 καθεξῆς
414 2621 595 2700 κληρονόμων
617 2621 707 2700 ήμῶν,
730 2622 794 2680 δταν
819 2620 852 2680 δὲ
874 2619 1058 2700 ἐπιλείψωσιν,
1081 2619 1127 2678 ἵνα
1145 2615 1196 2677 ώσι
1211 2620 1298 2676 πάντα
1313 2621 1360 2676 τοῦ

71 2743 278 2822 ττωχοτροφείου
304 2739 352 2800 καὶ
377 2747 427 2816 τῆς
458 2747 544 2817 μονῆς
570 2740 617 2800 καὶ
643 2747 697 2800 τῶν
727 2745 850 2819 ψυχικῶν
882 2741 1114 2816 ἑπεκτεινομὲνων
1142 2739 1212 2814 μετά
1237 2744 1287 2812 τῆς
1313 2742 1359 2798 τού

72 2865 126 2922 θεού
148 2863 289 2940 βοηθείας.

385 3055 421 3118 δ’.
447 3055 527 3135 Περὶ
549 3055 731 3136 προστίμου
753 3058 809 3114 τού
830 3052 1034 3134 παραβάτου.

166 3230 196 3291 Εἰ
219 3231 250 3292 δέ
273 3253 314 3304 τις
344 3230 446 3304 ἔξωθεν
467 3237 521 3292 τῶν
545 3231 620 3306 ἐμῶν
652 3229 771 3290 ἐντολῶν
795 3225 972 3308 διαπράξεταί
993 3248 1028 3304 τι,
1059 3224 1156 3300 εἰμὲν
1178 3230 1232 3284 τῶν
1257 3221 1357 3295 ἔξωθεν

74 3349 123 3410 ἐστί
142 3353 186 3412 καὶ
207 3354 365 3435 ἀλλότριος,
389 3355 455 3434 πρός
477 3353 516 3431 τῷ
539 3352 626 3429 μηδὲν
649 3352 752 3434 ἀνύσαι,
777 3351 851 3408 ἔσται
873 3347 920 3408 καὶ
942 3349 1089 3427 ἀλλότριος
1108 3352 1154 3406 τού
1170 3348 1233 3404 θεού
1248 3344 1294 3404 καὶ
1310 3351 1359 3419 τῆς

73 3477 117 3532 τῶν
138 3484 294 3555 χριοτιανῶν
317 3476 467 3550 ἀμωμήτου
489 3473 617 3553 πίστεως,
640 3471 688 3532 καὶ
711 3474 749 3544 ὡς
771 3472 900 3550 κάθαρμα
922 3469 969 3530 καὶ
990 3469 1137 3545 βδέλυγμα
1152 3469 1356 3546 λογισθήσεται,

73 3595 105 3664 ώς
124 3597 280 3676 παραβάτης
303 3595 383 3656 θείων
405 3595 452 3656 καὶ
473 3595 554 3675 ἱερῶν
576 3597 746 3674 πραγμάτων
769 3591 816 3652 καὶ
838 3597 888 3668 τῆς
910 3595 955 3651 τού
978 3592 1050 3650 θείου
1074 3591 1286 3669 εύαρεοτήσεως.
1333 3571 1371 3646 εἶ’

74 3714 133 3774 δὲό
161 3717 304 3794 οἰκονόμος
331 3722 349 3794 ῆ
372 3719 387 3776 ὁ
417 3719 532 3792 θελήσει
561 3721 607 3776 τοῦ
637 3716 812 3794 κληρονόμου
842 3735 894 3789 μου
923 3715 1109 3792 γενησόμενος
1139 3712 1356 3790 καθηγούμενος,

74 3836 240 3911 ἐκβαλλέσθω
263 3847 312 3916 τῆς
340 3838 514 3919 προστασίας,
549 3837 572 3897 εἰ
596 3837 627 3896 δὲ
650 3836 740 3906 ἀλλος
768 3837 941 3914 διακονητής,
971 3841 1020 3909 τῆς
1043 3831 1191 3911 διακονίας,
1224 3830 1248 3889 εἰ
1271 3830 1302 3889 δὲ
1325 3831 1358 3889 ἐκ

73 3964 118 4016 τῶν
138 3959 254 4039 καθεξῆς
276 3963 458 4041 κληρονόμων
482 3981 543 4039 μου,
566 3960 610 4020 ἵνα
634 3959 778 4034 ἀπαιτῆται
801 3961 848 4016 τού
869 3957 1013 4036 ὑστερῆσαι
1032 3953 1072 4025 εἰς
1088 3956 1117 4012 τό
1134 3954 1286 4030 διπλάσιον,
1310 3951 1358 4010 καὶ

75 4081 132 4151 μετόι
153 4083 278 4164 δευτέραν
300 4081 348 4143 καὶ
369 4083 459 4162 τρίτην
480 4080 673 4162 παραγγελίαν
696 4081 842 4159 γινομένην
865 4078 940 4158 παρόι
954 4081 1000 4136 τού
1015 4076 1222 4154 καθηγουμένου
1238 4071 1285 4132 καὶ
1300 4077 1353 4131 τῶν

75 4211 198 4284 μοναχῶν,
221 4205 269 4264 ἐὰν
292 4205 331 4280 μὴ
356 4204 509 4286 διορθῶται,
533 4202 577 4262 ἵνα
599 4199 764 4277 λαμβάνωσι
785 4201 820 4260 τά
834 4199 936 4277 ψυχικά
953 4197 978 4258 οἱ
994 4198 1163 4267 τυπωθέντες
1178 4199 1261 4254 ταύτα
1276 4194 1355 4268 λαμ-

76 4321 162 4404 όίίεῑν,
190 4327 283 4397 καθώς
304 4326 552 4406 προεδηλώσαμεν,
584 4326 637 4384 ἀπό
658 4329 712 4383 τῶν
735 4325 881 4397 κτημάτων
904 4326 957 4379 τῶν
980 4319 1155 4378 τυπωθέντων
1179 4314 1218 4387 είς
1242 4316 1356 4374 ἑκάστου

75 4448 173 4522 ψυχικοῦ
195 4447 314 4508 διάδοσιν
337 4445 384 4507 καὶ
407 4447 521 4518 ἄκοντος
543 4445 657 4506 ἐκείνου.
690 4445 768 4504 ἀλλὰ
790 4441 933 4502 καὶτοῦτο
953 4441 1125 4522 προστίθημι,
1148 4439 1192 4498 ἰ’να
1207 4437 1233 4496 οἱ
1247 4439 1354 4516 κληρο-

119 4741 121 4746 .
164 4707 182 4772 ¹)
201 4704 338 4758 ἀποτίθεται
356 4707 382 4757 S.
