3486 5282
1258 319 1319 384 193

37 512 190 591 ἀσραλειαν,
212 510 361 585 ἀπολυθεὶς
382 511 466 572 κατὰ
489 519 575 587 μῆνα
598 511 778 591 ἀπρίλλιον
799 518 858 588 τῆς
881 513 1064 586 ἐνεστώσης
1089 507 1221 598 [τρίτης]
1238 511 1320 574 ἰνδτ-

35 641 169 707 κτιῶνσς
189 639 245 694 τοῦ
268 632 562 713 ἐξακισχιλιοστοῦ
585 635 843 695 όκτακοσιοστοῦ
861 637 1086 710 πεντηκοστοῦ
1102 635 1196 696 ἕκτου
1213 636 1319 716 ἔτους,

36 757 64 814 ἐν
79 751 101 836 ᾧ
115 755 171 816 καί
186 759 220 816 τό
235 758 401 836 ἡμέτερον
418 757 556 832 εὐσεβὲς
571 755 627 816 καὶ
642 756 894 837 θεοπρόβλητον
910 756 1143 832 ὐπεσημήνατο
1157 759 1279 836 κράτος
1293 761 1318 834 †.

131 879 342 958 β’ίωάννης,
375 879 408 938 ἐν
430 876 559 959 Χριστῷ
585 877 629 956 τῷ
655 877 719 958 θεῷ
740 879 855 950 πιστός
884 878 1046 952 βασιλεύς
1075 877 1131 940 καὶ
1162 879 1318 960 αὐτοκρά-

35 1022 90 1080 τωρ
113 1000 299 1080 Ῥωμαίων,
321 1001 336 1058 δ
358 1001 640 1076 Καντακουζηνός
662 1004 688 1076 †.

255 1346 299 1412 II.
328 1345 553 1428 7148-1639,
576 1367 686 1410 mense
709 1344 884 1428 decembri,
907 1345 973 1412 ind.
997 1345 1090 1412 VIII.

55 1529 219 1584 Ραίτίατούα
235 1529 399 1584 Parthenius
415 1529 554 1599 wnfirmat
573 1532 765 1584 monasten'um
781 1529 991 1600 Μεραερσίαεσιι
1006 1547 1060 1584 esse
1075 1532 1291 1602 stauropeqicum

560 1635 785 1705 patriarchicum.

128 1859 145 1930 β
181 1854 374 1933 Παρθένιος,
407 1853 494 1929 ἐλέῳ
524 1855 602 1915 θεοῦ
632 1852 897 1932 ἀρχιεπίσκοπσς
920 1853 1317 1931 Κωνσταντινουπόλεως,

35 1973 116 2047 Νέας
138 1975 280 2055 Ῥώμης,
303 1972 359 2036 καί
380 1973 596 2050 οίκσμενικδς
617 1977 827 2054 πατριάρχης
849 1979 874 2052 †.

128 2097 213 2174 †‘0;
237 2097 266 2156 ἐν
288 2097 352 2180 σκιᾷ
373 2095 420 2158 καὶ
444 2098 515 2176 ζόρῳ
536 2095 791 2168 κατολισθαίνοντες
804 2097 905 2168 πάντες
920 2097 1109 2176 περιπολοῦσιν
1127 2097 1155 2156 ἐν
1170 2096 1209 2176 τῷ
1224 2099 1320 2177 κόσμῳ

36 2218 74 2276 καὶ
99 2222 189 2299 ρέρειι
217 2219 361 2298 ἀνέχονται
387 2219 483 2280 πολλὰ
508 2225 561 2280 τῶν
586 2219 691 2298 δεινῶν,
719 2220 863 2296 ἀγνοῦντες
884 2219 959 2292 όλως
981 2213 1019 2280 ιύν
1040 2239 1071 2280 τε
1092 2225 1230 2299 προσῆκον
1253 2219 1319 2280 ἀντ-

40 2342 139 2417 ιχεσθστ
161 2339 210 2402 καί
226 2341 378 2420 ἀπέχεσθαι
391 2340 487 2400 τίνων·
511 2341 600 2423 ἀφορᾷ
620 2341 651 2402 δέ
665 2362 700 2420 γε
715 2343 823 2402 πάντων
838 2341 873 2401 τά
888 2340 1055 2422 διαβηματα,
1079 2339 1134 2400 εἴτε
1155 2342 1205 2417 τὴν
1228 2337 1320 2414 δεξιὰν

36 2461 115 2540 τρίβον
138 2469 242 2542 φανῶσι
266 2461 395 2544 βαδίζειν,
419 2462 474 2522 εῖτε
495 2463 544 2537 τὴν
567 2462 665 2536 άλλως
687 2463 815 2542 ἔχουσαν,
842 2464 909 2544 πρδς
938 2464 987 2539 τὴν
1009 2467 1055 2524 τοῦ
1077 2464 1139 2526 θεοῦ
1163 2460 1321 2539 ἐξομοίωσιν

37 2582 75 2642 καί
95 2587 124 2644 τδ
145 2588 235 2659 πάντη
268 2585 412 2666 ἐλεύθερον
441 2583 488 2646 καί
511 2585 644 2666 μερίμνης
667 2586 774 2662 ἀπάσης
802 2584 989 2646 ἀνεπίδεκτον·
1011 2585 1108 2646 πολλὰ
1129 2585 1182 2665 γάρ
1204 2587 1320 2664 πάσχειν

38 2707 180 2785 στέργουσιν
207 2705 233 2766 σί
261 2707 394 2788 βασιλεῖς,
426 2707 456 2767 οὐ
485 2707 519 2768 δι’
533 2707 607 2768 ἀλλο
629 2728 654 2768 τι
674 2706 816 2783 πολέμους
837 2707 907 2768 κατὰ
929 2713 983 2768 τῶν
1007 2707 1134 2768 ἐναντίων
1157 2705 1203 2767 καὶ
1226 2709 1320 2785 μάχην

38 2825 206 2907 διεγείροντος
228 2831 247 2901 ἢ
270 2826 357 2901 δεῖξαι
381 2828 491 2901 έαυτούς
514 2829 665 2910 ἀνωτέρους
687 2830 794 2906 ἀπάσης
817 2829 956 2908 ὑποταγῆς
983 2827 1029 2890 καὶ
1057 2829 1192 2900 δουλείας.
1239 2829 1320 2910 ταθτῃ

37 2945 76 3006 καὶ
95 2947 120 3009 οἱ
141 2953 192 3024 τῆς
215 2947 366 3024 ἐκκλησίας
387 2953 534 3031 προστάται
555 2951 651 3012 παθεῖν
667 2949 819 3029 ὐρίστανται
839 2939 950 3022 πολλὰς
971 2949 1020 3020 τάς
1042 2954 1088 3010 τοῦ
1102 2953 1220 3028 πονηροῦ
1233 2971 1319 3030 προο-

39 3068 124 3150 βολιίς,
146 3072 192 3130 ἵνα
216 3077 332 3150 ρανῦσιν
354 3065 485 3152 ἀνάντεροτ
506 3069 553 3132 καὶ
568 3069 674 3148 νικηταί
695 3075 802 3132 πάντων
824 3077 878 3131 τῶν
901 3074 981 3132 αὐτοῦ
998 3071 1141 3152 ἐπηρειῶν,
1165 3077 1214 3146 τῆς
1229 3075 1319 3150 ψυχο-

39 3191 122 3272 ςθόρου
153 3193 234 3254 αὐτοῦ
264 3191 402 3273 δουλείας,
433 3193 543 3265 ἐαυτούς
571 3190 784 3266 ἀπαλλάξαντες
811 3190 859 3254 καί
880 3195 983 3264 πάντας
1005 3192 1067 3265 τούς
1089 3191 1139 3254 ὐπύ
1161 3191 1209 3269 την
1234 3191 1320 3252 αὐτῶν

40 3309 156 3390 διοίκησιν
188 3315 279 3387 αὐτοῖς
309 3315 403 3376 θεόθεν
437 3315 662 3392 ἐμπιστευθέντας
691 3311 771 3395 εἰναι,
802 3313 847 3374 διὰ
873 3315 904 3374 τδ
930 3315 979 3390 τὴν
1007 3313 1058 3389 μὲν
1085 3313 1211 3374 δουλείαν
1235 3312 1320 3374 αἰτίαν

40 3427 97 3495 εῖναι
122 3434 170 3496 καί
195 3434 328 3516 πρόξενον
350 3437 461 3518 φθοράς,
488 3439 518 3496 τό
541 3435 571 3496 δὲ
595 3437 739 3518 ἐλεύθερον
767 3435 888 3509 ἀνέσεως
915 3435 962 3496 καὶ
984 3441 1083 3517 χαράς.
1131 3435 1172 3494 δίο
1194 3435 1240 3495 καί
1262 3457 1322 3496 τινα

40 3561 82 3614 τῶν
103 3559 289 3638 μοναστηρίων
304 3557 330 3618 οἱ
343 3559 431 3619 πάλαι
447 3557 565 3634 ἀοίδιμοι
588 3559 722 3637 βασιλεῖς,
746 3558 780 3618 δι’
797 3556 883 3630 αἰτίας
898 3557 972 3630 τινάς
995 3558 1126 3636 εὐλόγους
1148 3562 1201 3618 τῶν
1224 3556 1321 3617 ἄλλων

42 3685 188 3755 προτιμῆσαι
213 3679 386 3760 βουλόμενοι,
409 3679 448 3758 τῷ
470 3685 518 3758 τῆς
541 3680 699 3761 ἐλευθερίας
722 3677 853 3760 ἐξαιρέτῳ
867 3683 960 3760 τρόπῳ
981 3677 1028 3740 καί
1043 3657 1129 3760 λόγῳ
1152 3679 1196 3739 διὰ
1217 3701 1321 3759 χρυσο-

43 3797 155 3870 βάλλων
186 3805 270 3862 ταῦτα
298 3801 458 3882 ἀχθρωοαν,
489 3807 541 3862 τῶν
572 3801 675 3862 λοιπῶν
704 3805 812 3862 πάντων
843 3803 1066 3882 εὐεργετημάτων
1093 3801 1141 3874 τὴν
1166 3800 1322 3882 ἐλευθερίαν

44 3917 104 3996 ἔχειν
124 3918 158 3982 τά
180 3928 274 4003 πρῶτα
297 3925 468 4004 κεκρικότες·
491 3923 556 4003 παρ’
569 3919 606 3984 ὧν
629 3921 676 3984 καὶ
697 3925 715 3997 ἡ
739 3923 874 3998 ἐκκλησία
895 3923 914 3996 ἡ
936 3922 998 3982 καθ’
1008 3923 1082 3998 ἡμᾶς
1103 3923 1122 3998 ἡ
1145 3920 1257 3999 μεγάλη
1273 3922 1322 3995 τὰς

44 4038 149 4121 ἐρορμάς
172 4041 298 4118 λαβοῦσα
319 4041 431 4124 πράττει
452 4045 486 4103 τὰ
509 4045 599 4120 ὅμοια.
645 4043 803 4124 εὑρίσκομεν
826 4043 912 4104 τοίνυν
941 4041 988 4103 καὶ
1019 4043 1089 4103 κατὰ
1118 4045 1166 4119 τὴν
1198 4049 1251 4121 γῆν
1273 4050 1321 4122 τῆς

45 4159 244 4240 Πελοτπονήσου
277 4166 305 4226 ἐν
332 4173 365 4248 τῇ
396 4172 511 4248 περιοχῇ
541 4173 590 4242 τῆς
622 4167 771 4241 ἐπισκοπῆς
794 4164 943 4245 Κερνίτζης
972 4167 1149 4244 μοναστηρτον
1172 4162 1212 4238 εἰς
1235 4164 1322 4242 ὄνομα

45 4288 179 4362 τιμώμενον
210 4295 259 4363 τῆς
282 4287 447 4364 Κοιμήσεως
477 4294 526 4363 τῆς
555 4287 704 4368 ὐπεραγίας
731 4289 867 4367 θεστόκου,
899 4287 964 4365 ἔχον
993 4283 1086 4346 εἰκόνα
1107 4288 1156 4361 τὴν
1179 4286 1254 4366 παρὰ
1275 4291 1321 4348 τοῦ

46 4403 109 4482 ἁγίου
135 4409 182 4470 καὶ
212 4412 387 4489 πανευρημου
417 4405 570 4470 ἀποστόλου
598 4407 645 4469 καὶ
676 4409 872 4490 εὐαγγελιστοῦ
894 4411 989 4468 Λουκᾱ
1015 4406 1208 4488 ἱστορηθεῖσαν,
1236 4409 1322 4488 Μέγα

47 4523 169 4602 Στθλαιον
192 4531 377 4612 κεκλημένον,
401 4534 468 4612 ὅπερ
491 4527 551 4609 είχε
574 4533 604 4592 τδ
626 4533 713 4606 πάντη
745 4530 889 4611 ἐλεύθερσν
919 4529 966 4589 καὶ
993 4528 1150 4590 οἰδούλωτον
1171 4529 1246 4610 παρὰ
1268 4535 1321 4589 τῶν

48 4651 94 4706 κατ’
110 4652 195 4714 ἐκεῖνο
226 4657 321 4732 καιροῦ
350 4652 480 4730 ἀοιδίμων
510 4653 648 4728 βασιλέων
678 4652 725 4714 καὶ
753 4657 943 4734 ποτριαρχῶν,
980 4652 1014 4712 δι’
1036 4654 1069 4724 ἀς
1099 4651 1124 4712 οἱ
1152 4656 1198 4711 τοῦ
1228 4655 1321 4732 καιροῦ

1083 4773 1113 4822 13
