3194 5298
250 345 311 410 174

248 539 372 598 ἔπταισεν
400 543 418 614 ή
441 538 487 600 καὶ
509 541 544 598 νά
565 541 664 625 πταίσῃ
686 540 780 614 κανεὶς
802 540 849 602 καὶ
870 542 1031 626 τροσδράμῃ
1053 542 1100 602 καί
1122 544 1263 627 καταφύγῃ
1286 543 1326 614 εἰς
1348 545 1398 619 τὴν
1425 546 1545 619 Μονεμ·
1588 547 1589 566 ²

1588 635 1589 654 ι

247 658 353 740 βασίαν,
380 660 413 718 νάι
437 660 523 738 μηδὲν
547 663 600 743 ἔχῃ
624 663 716 722 ἀδειαν
739 661 841 744 κανείς,
869 664 961 736 ὁποῖος
982 662 1030 723 καὶ
1052 664 1085 724 ἀν
1109 664 1164 745 εἴη,
1187 663 1248 724 οὔτε
1272 665 1307 724 νά
1329 665 1481 746 ἀποτρέψη
1503 667 1547 724 τόν
1588 689 1589 744 γ

246 782 385 862 ἀνθρωπον
407 782 521 862 ἐκεῖνον,
544 781 605 842 οὔτε
627 785 661 843 νά
675 804 722 844 τον
736 783 814 867 κρίνῃ
830 784 875 844 διά
889 786 919 844 τό
933 787 1055 862 πταῖσμα
1070 805 1125 865 του,
1147 786 1210 846 ουδὲ
1226 789 1260 846 νά
1274 807 1320 847 τον
1337 787 1442 870 ἐπάρῃ,
1459 784 1548 864 χωρίς
1588 781 1589 804 ³

244 902 278 961 νά
305 903 349 963 ἔνε
376 904 406 963 τό
432 905 555 980 πταῖσμά
581 925 627 965 του
653 906 775 981 πταῖσμα
802 905 986 988 δημεγερσίας
1007 911 1026 983 ή
1048 908 1119 968 κατὰ
1140 913 1190 983 τῇς
1213 907 1355 980 βασιλείας
1378 929 1435 984 μου
1459 912 1480 984 ἢ
1503 913 1547 968 τοῦ
1588 891 1589 920 ³

243 1027 326 1085 τόπου
353 1045 405 1102 μου
426 1029 445 1100 ή
467 1028 596 1104 ρουσάτου
619 1048 680 1108 μου,
712 1031 744 1086 ἀν
767 1025 814 1088 δὲν
836 1034 923 1111 κρατῇ
946 1029 961 1086 ό
982 1029 1097 1105 πταίσης
1120 1029 1225 1100 ἐκεῖνος
1246 1031 1358 1111 όρισμόν
1383 1037 1439 1107 τῆς
1465 1030 1548 1104 βασι-

244 1147 324 1220 λείοις
346 1167 398 1224 μου
420 1150 438 1222 ή
461 1150 577 1230 γράμμα
599 1149 800 1231 μητροπολίτου
822 1153 839 1224 ή
862 1151 967 1230 γραμήν
989 1155 1036 1211 τοῦ
1055 1157 1236 1229 πνευματικοῦ
1248 1159 1299 1230 τῆς
1314 1151 1468 1229 βασιλείας
1486 1174 1547 1230 μαι,
1588 1179 1589 1186 ³

243 1271 289 1330 ἵνα
311 1267 374 1330 ουδὲ
397 1269 468 1330 κατά
488 1271 537 1346 τήν
561 1270 624 1331 ὁδόν
647 1271 712 1354 εθρῃ
738 1273 754 1331 ό
775 1275 895 1346 τοιοῦτος
916 1275 998 1358 παριίΙ
1012 1293 1083 1346 τινος
1106 1273 1234 1337 ἐναντίον.
1273 1272 1334 1334 ἐπεὶ
1355 1273 1405 1334 καὶ
1430 1271 1477 1346 εἰς
1499 1275 1547 1348 τὴν

243 1389 307 1473 περὶ
332 1391 432 1452 τούτων
460 1393 573 1467 μόνιμον
599 1390 646 1452 καὶ
674 1392 787 1470 διηνεκῆ
812 1392 859 1454 καὶ
887 1393 1002 1470 βεβαίαν
1029 1395 1180 1475 ἀσφάλειαν
1204 1396 1313 1476 ἐγένετο
1336 1394 1422 1456 καὶὸ
1448 1395 1548 1475 παρὼν

245 1512 471 1593 ἀργυρόβουλλος
494 1512 604 1594 ὁρισμός
625 1519 674 1590 τῇς
697 1514 839 1590 βασιλείας
862 1537 913 1592 μου
935 1517 1002 1597 πρὸς
1024 1517 1086 1590 τοὺς
1108 1516 1266 1600 εἰρημένους
1286 1520 1392 1590 πάντας
1413 1519 1548 1587 ἐποίκους
1588 1567 1589 1570 ι

244 1640 294 1711 τῇς
317 1637 467 1696 θεοσώστου
489 1637 600 1708 πόλεως
623 1635 830 1716 Μονεμβασίας,
854 1637 1000 1710 ἀπολυθεὶς
1021 1639 1092 1698 κατά
1114 1645 1188 1716 μῆνα
1212 1686 1268 1702 ...
1292 1637 1317 1716 I.

347 1763 364 1836 †
379 1754 566 1838 Θεόδωρος,
590 1757 623 1817 ἐν
639 1757 770 1838 Χριστῷ
788 1757 832 1837 τῷ
847 1758 911 1840 θεῷ
927 1759 1068 1835 εθσεβὴς
1083 1759 1256 1844 δεσπότης,
1272 1761 1287 1819 ό
1303 1761 1546 1843 Πορφυρογέν-

183 1933 184 1938 ,
243 1901 343 1954 νητος
364 1883 391 1956 †.

347 2007 445 2062 Edidit
461 2006 509 2078 Sp.
526 2007 660 2064 Lambrus
675 2009 705 2063 ιἰι
720 2009 893 2078 Ε’φίιειιιοτίιί.
919 2003 1085 2084 Παρνασσός.
1106 2011 1226 2066 Athenis.
1249 2014 1342 2066 1883.
1369 2013 1447 2066 Τοπι.
1476 2013 1543 2067 VII.
1588 2035 1589 2096 ᾗ

237 2131 271 2183 p.
290 2114 361 2168 473.

464 2397 557 2464 VIII.
582 2397 807 2483 6951-1442,
830 2422 941 2466 mense
964 2399 1140 2483 decembri,
1163 2401 1230 2468 ind.
1254 2399 1311 2467 VI.

250 2565 373 2634 Despota
388 2565 566 2635 Peloponnesi
580 2565 749 2636 (Theodorus
765 2567 806 2622 ΙΙ.
820 2565 1011 2638 Ραάτσοίοριιι)
1026 2567 1166 2638 confimat
1181 2569 1289 2624 οιύίιαίι·
1302 2565 1537 2624 Μοιιειιιόασίειισι·

510 2672 652 2743 antiquam
667 2672 882 2726 οοαεκαίυάἰιιιιιι
897 2673 929 2726 dt
943 2673 1107 2728 συοοωείοασ
1122 2673 1260 2727 bonorum.

345 2853 456 2932 ήἘπεί
470 2855 599 2937 ἀνέφερον
613 2854 660 2917 καὶ
676 2855 809 2933 ἐζήτησαν
824 2855 871 2916 καὶ
887 2857 1083 2938 παρεκάλεσαν
1098 2858 1147 2934 τήν
1163 2859 1306 2934 βασιλείαν
1322 2881 1374 2936 μου
1390 2859 1415 2922 οἱ
1432 2862 1538 2923 ἔποικοι

240 2979 341 3050 πάντες
362 2981 408 3038 τοῦ
430 2979 546 3059 κάστρου
561 2983 610 3054 τῇς
625 2976 823 3054 Μονεμβασίας
847 2979 1056 3058 εθεργετηθῇναι
1079 2981 1184 3060 αάτοίις,
1207 2979 1251 3041 ἵνα
1272 2987 1387 3062 τηρήσαι
1409 2982 1475 3064 περὶ
1490 2985 1536 3042 τοά

241 3095 396 3174 ἀβιωτικίου
417 3104 471 3160 τῶν
493 3099 682 3161 τελευτώντων
711 3096 742 3173 ἐξ
765 3101 851 3160 αάτῶν
874 3099 1004 3182 ἀκλήρων
1026 3099 1073 3162 καὶ
1095 3102 1255 3183 ἀδιαθέτων,
1281 3101 1468 3184 καὶγίνεται,
1498 3105 1536 3176 ὡς

240 3223 386 3300 κατωτέρω
409 3221 481 3282 κατά
503 3223 588 3304 μέρος
608 3219 671 3302 περὶ
693 3221 786 3282 τοθτου
809 3221 965 3302 ῥηθήσεται,
989 3221 1131 3304 διορίζεται
1153 3225 1171 3300 ή
1194 3223 1324 3299 βασιλεία
1345 3246 1397 3302 μου
1419 3226 1467 3288 διά
1489 3228 1535 3286 τοῡ

240 3346 373 3424 παρόντος
395 3345 479 3419 αὐτῇς
500 3343 611 3425 ὁρισμοῦ
632 3341 679 3403 καὶ
706 3345 847 3424 εάεργητεῑ
872 3344 939 3424 πρός
966 3345 1069 3426 αἰτοθς,
1098 3347 1136 3418 ὡς
1163 3348 1196 3404 ἀν
1222 3347 1294 3406 κατά
1320 3347 1371 3422 τήν
1393 3346 1435 3421 είς
1458 3352 1535 3409 τοῦτο

241 3465 351 3540 ζήτησιν
373 3462 419 3524 καὶ
441 3465 614 3545 παράκλησιν
638 3466 735 3544 αἰτῶν,
757 3464 812 3547 ἵνα,
834 3465 934 3526 ὁπόταν
955 3466 1107 3549 τελευτήσῃ
1133 3467 1208 3540 τινάς
1235 3467 1288 3530 ἀπό
1313 3469 1423 3542 τούτους
1454 3471 1535 3538 ἀπαις

240 3583 288 3644 καὶ
310 3584 463 3662 ἀδιάθετος,
486 3587 717 3668 κληρονομήσωσι
737 3591 828 3648 τοῦτον
844 3585 869 3646 σί
884 3587 1004 3660 ἀνιόντες
1023 3585 1070 3648 καὶ
1089 3592 1228 3662 κατιόντες
1244 3590 1327 3656 ,αθτοῦ
1348 3590 1532 3672 κληρονόμοι·

240 3705 343 3782 ὁμοίως
365 3705 412 3766 καὶ
435 3706 460 3766 οἱ
483 3707 517 3768 ἐκ
536 3705 656 3787 πλαγίου
679 3709 758 3770 αὺτοῦ
780 3703 895 3788 ἀδελροὶ
917 3706 963 3768 καὶ
979 3707 1097 3789 ἀδελφαὶ
1111 3708 1158 3770 καὶ
1173 3709 1278 3789 ἀνεψιοὶ
1293 3710 1339 3772 καὶ
1355 3684 1467 3792 ἀνεψιαὶ
1482 3714 1533 3774 ἀπο

241 3827 360 3906 ἀδελφοῦ
387 3831 406 3904 ῇ
435 3827 558 3909 ἀδελφῆς
585 3827 713 3906 δηλονότι
739 3833 785 3890 τοῦ
806 3828 1027 3905 τελευτήσαντος.
1073 3827 1096 3890 εἰ
1120 3830 1152 3892 δὲ
1175 3831 1343 3909 ἐνδιαθήκως
1364 3833 1532 3912 τελευτήσει,

240 3952 386 4030 γενήσεται
409 3949 542 4031 νομίμως,
566 3951 628 4010 ὅσον
652 3953 684 4010 ἀν
708 3950 811 4024 ἐκεῖνος
822 3951 842 4028 ¹)
864 3949 927 4031 περὶ
948 3955 1025 4012 τοῦτο
1041 3952 1161 4034 διατεθῇ.
1187 3951 1209 4012 εἰ
1226 3953 1258 4014 δὲ
1272 3952 1319 4014 καὶ
1335 3955 1389 4016 ἀπὸ
1403 3961 1460 4016 τῶν
1475 3975 1530 4018 τοι-

241 4073 326 4132 οὑτων
348 4074 429 4133 αὺτοῦ
450 4073 630 4154 κληρονόμων
653 4075 704 4152 οὺχ
727 4073 868 4154 εὑρεθῆναι
889 4069 971 4158 [ἔχει]
990 4071 1081 4159 τινάέ)
1096 4073 1143 4135 καὶ
1157 4075 1315 4152 τελευτήσει
1330 4075 1531 4154 ἐνδιαθήκωςή

239 4193 287 4254 καὶ
309 4194 469 4274 ἀδιαθέτως,
492 4195 537 4254 ιίνα
559 4193 584 4255 οἱ
607 4194 660 4254 ἀπό
680 4195 819 4274 μακρόθεν
833 4197 973 4274 συγγενεῖς
989 4195 1069 4258 αθτοῡ
1084 4195 1207 4270 λάβωσιν
1222 4196 1276 4258 ἀπό
1290 4199 1336 4259 τόν
1351 4198 1411 4274 βίον
1427 4199 1531 4260 ἐκείνου

242 4316 274 4376 τό
303 4314 424 4397 δίμοιρον
451 4313 498 4376 καί
525 4317 607 4392 μόνον
634 4319 653 4392 ἢ
680 4317 742 4378 ὅσον
768 4314 816 4378 καὶ
840 4315 903 4398 περὶ
929 4321 1006 4378 τοῦτο
1033 4316 1145 4400 διατεθῇ
1170 4319 1306 4396 νομίμως·
1329 4321 1361 4381 τό
1387 4320 1419 4382 δὲ
1446 4321 1530 4402 τρίτον

241 4438 326 4518 μέρος
348 4442 394 4498 τοῦ
417 4437 476 4512 βίον
499 4437 605 4498 ἐκείνου
628 4434 737 4499 δίδωσιν
759 4437 826 4519 ὑπὲρ
852 4441 898 4498 τοῦ
920 4441 1045 4519 κάστρου.
1092 4437 1115 4500 εἰ
1139 4439 1240 4502 δὲκαὶ
1263 4443 1297 4502 ἐκ
1319 4445 1459 4524 μακρόθεν
1483 4447 1530 4521 οθγ

343 4699 365 4766 ¹)
384 4695 479 4757 ἐκείνως
497 4697 528 4747 L.
600 4697 622 4763 ²)
641 4695 763 4766 εθρεθῇνιιί
780 4715 833 4750 τινα
850 4699 880 4750 L.
