3194 5298
1271 358 1332 424 159

34 581 112 632 μενον
137 561 342 640 ἁρχιερατικῶς
364 565 414 636 τῆς
436 559 561 632 τοιαύτης
585 561 738 634 ἁγιωτάτης
762 557 960 636 μητροπόλεως
983 555 1181 633 Μονεμβασίας
1203 555 1334 628 καὶτοὺς

33 679 152 758 καθεξῆς
178 684 224 742 τδν
249 685 332 757 ταύτης
355 680 566 756 διαδεξομένους
587 683 682 761 θρόνον
705 681 888 740 ἐπαπολαύειν
904 687 953 755 τῆς
969 680 1121 756 ἀνηκούσης
1134 679 1174 758 τῷ
1188 683 1235 739 τοῦ
1250 679 1334 755 Σίδης

32 806 116 882 θρόνῳ
148 811 235 879 τιμῆς
263 805 292 864 ἐν
323 806 414 882 ἁπασι,
437 805 585 883 καθέδραις
607 825 637 862 τε
660 801 769 879 δηλαδὴ
792 801 839 862 καί
860 801 1069 886 προελεύσεσίί)
1092 824 1122 862 τε
1145 802 1192 862 καὶ
1214 806 1333 882 στάσεσι,

32 930 148 1006 γραφαῖς
173 949 205 986 τε
227 926 275 987 καὶ
290 927 364 998 ὅλως
379 931 435 998 τοῖς
451 925 586 1008 ἑθίμοιςέ)
607 927 699 1005 ἔργοις
714 925 916 1006 ἀρχιερατικοῖς
930 924 977 985 καὶ
992 925 1219 1006 λειτουργήματα
1235 927 1333 985 ἁπασι·
1441 967 1444 973 ,

32 1051 119 1126 ρορεῖν
145 1049 182 1108 δέ
204 1049 253 1108 καὶ
275 1053 377 1110 σάκκον
401 1051 429 1108 ἐν
452 1051 512 1121 ταῖς
534 1048 620 1120 θείαις
643 1047 860 1129 ἱερατελεστίαις,
884 1049 986 1124 ὁμοίως
1009 1049 1040 1108 δέ
1063 1047 1109 1108 καὶ
1132 1047 1333 1128 διβὰμπουλον,
1367 1115 1370 1120 ,
1394 1135 1396 1140 Ι

20 1169 75 1228 ’καὶ
99 1172 205 1242 ἁπλῶς
226 1175 314 1231 πάντα
336 1172 371 1230 τὰ
394 1171 500 1246 ἐκείνης
523 1172 657 1251 προκόμια
678 1169 725 1229 καὶ
741 1169 834 1229 δίκαια
849 1170 937 1248 ἔχειν·
964 1168 1081 1258 ἐξαρχόν
1095 1191 1125 1230 τε
1141 1168 1188 1232 καὶ
1204 1165 1272 1231 εἶναι
1288 1169 1334 1231 καί

33 1293 166 1370 λέγεσθαι
197 1295 241 1353 τ’σν
270 1298 320 1370 τῆς
346 1294 472 1368 τοιαύτης
494 1295 649 1372 ἁγιωτάτης
676 1292 827 1368 ἐκκλησίας
849 1292 1048 1374 ἀρχιερατικῶς
1069 1296 1266 1373 προϊστάμενον
1288 1291 1334 1353 καὶ

33 1421 120 1490 πάσης
154 1417 193 1491 δὴ
215 1423 265 1492 τῆς
288 1416 500 1490 Πελοποννήσου
508 1415 530 1490 ³)
553 1415 600 1474 καὶ
622 1421 672 1490 τῆς
695 1416 816 1474 ἐντεῦθεν
839 1419 919 1490 τιμῆς
940 1415 1228 1496 προσαπολοὰονταύ),
1258 1409 1276 1496 ᾖ
1300 1415 1335 1491 δὴ

34 1537 153 1611 καὶτοῖς
170 1539 274 1610 ἄλλοις
289 1539 400 1598 εἴθισται
420 1544 476 1598 τῶν
497 1537 651 1618 ἱερωτάτων
674 1538 825 1618 ἀρχιερέων
848 1539 904 1608 τοῖς
925 1535 1088 1612 ἠξιωμένοις
1104 1538 1237 1620 διαφόρων
1245 1537 1270 1622 ⁵)
1287 1538 1335 1613 ἐξ·

38 1661 163 1739 αρχεύειν
193 1661 319 1736 θεμάτων
345 1681 375 1719 τε
401 1659 448 1720 καὶ
475 1666 584 1738 χωρῶν.
617 1661 746 1732 ὡσαύτως
774 1660 805 1718 δὲ
827 1661 894 1740 πρδς
917 1663 973 1732 τοῖς
995 1661 1095 1733 σίλλοις
1117 1660 1165 1720 καί
1186 1665 1263 1720 τοῦτο
1286 1663 1336 1720 θε-

37 1781 122 1854 σπίζει
145 1781 197 1842 καὶ
219 1782 449 1862 παρακελεύεται,
471 1783 574 1853 πάντας
597 1781 706 1856 δηλαδὴ
728 1781 790 1853 τούς
812 1781 943 1869 ὑπ’,σὰιτύν
967 1783 1129 1855 ἐπισκόπους
1145 1783 1174 1842 ἐν
1189 1803 1219 1842 τε
1234 1785 1337 1862 φήμαις

38 1905 81 1963 καί
110 1907 235 1985 γραφαῖς
263 1906 471 1984 παναγιιύτατον
497 1905 709 1984 προσαγορεύειν
733 1899 786 1988 [τε]
810 1902 857 1963 καὶ
879 1905 1067 1984 ὀνομάζεσθαι,
1099 1905 1178 1966 αύτδν
1200 1905 1231 1965 δέ
1253 1906 1336 1966 πάλιν

40 2027 66 2083 ἐν
94 2030 154 2098 τοῖς
187 2021 361 2102 σημειώμασι
390 2025 438 2086 καὶ
466 2027 624 2105 γράμμασιν
654 2023 807 2086 ῖνδικτιῶνα
835 2025 973 2105 ἐμφαίνειν
995 2028 1062 2108 πρὸς
1084 2028 1180 2099 αύτούς
1201 2025 1248 2088 καί
1270 2029 1337 2108 πρὸς

40 2155 124 2208 πᾶσαν
157 2151 208 2224 τὴν
232 2151 312 2210 αθτού
336 2148 470 2230 ἐπαρχίαν
493 2149 657 2230 ἀνθ’ἑτέρας
680 2150 901 2225 ύποσημὰνσεως.
942 2149 1003 2208 ἐπεὶ
1025 2149 1057 2209 δὲ
1081 2150 1198 2230 ἔφθασαν
1219 2171 1336 2230 προστε-

43 2271 117 2346 θῆναι
136 2275 272 2353 πρότερον
286 2279 320 2354 τῇ
335 2272 445 2354 τοιαύτη
462 2273 599 2353 ἁγιωτάτῃ
616 2272 784 2351 μητροπόλει
799 2271 846 2332 καὶ
862 2271 1006 2334 ἑπισκσπαὶ
1022 2267 1109 2356 αὗται,
1132 2275 1150 2348 ἡ
1165 2279 1215 2350 τῆς
1229 2273 1338 2334 Κυνου-Ι

44 2391 98 2469 ρῖας
113 2395 149 2473 6),
181 2397 199 2468 ἡ
231 2399 278 2454 τοῦ
299 2393 411 2472 Ἕλους,
441 2396 460 2470 ἠ
488 2400 538 2470 τῆς
560 2389 671 2471 Μαΐνης
701 2394 747 2454 καὶ
769 2397 787 2470 ἡ
810 2399 857 2454 τοῦ
880 2395 1005 2466 Ῥέοντος
1027 2395 1073 2454 καὶ
1095 2397 1113 2470 η
1137 2399 1183 2456 τού
1205 2397 1337 2474 Ζεμενού,

44 2516 220 2593 προσβεβαιοῖ
242 2518 293 2592 μὲν
316 2519 530 2597 προηγουμένως
553 2515 600 2576 καί
622 2515 830 2600 προσεδρὰζειί)
854 2519 952 2590 ταύτας
974 2519 1041 2599 αὐτῇ
1063 2516 1110 2578 καί
1133 2518 1178 2578 διὰ
1199 2515 1246 2578 τού
1264 2539 1337 2598 παρ-

46 2637 115 2710 όντος
137 2639 348 2719 χρυσοβούλλου
370 2638 458 2718 λόγου
481 2637 594 2721 αὐτῆςθ)
617 2641 635 2714 ἡ
658 2639 787 2714 βασιλεία
811 2660 872 2720 μου,
895 2639 942 2699 καί
965 2639 1084 2712 θεσπίζει
1103 2639 1150 2700 καὶ
1171 2639 1337 2700 διατάττεται

45 2757 88 2816 καὶ
114 2759 156 2832 είς
183 2762 213 2821 τ“ο
237 2759 303 2837 ἑξῆς
329 2761 373 2821 ὑπ’
387 2763 468 2836 αυτὴν
497 2757 575 2842 εἶναι,
608 2762 701 2833 καθὼς
728 2762 895 2844 εὑρίσκονται
923 2765 1004 2843 μέχρι
1026 2761 1072 2822 καί
1096 2761 1135 2834 είς
1156 2765 1187 2822 τό
1209 2767 1262 2822 νύν.
1299 2763 1338 2822 ἔτι

49 2882 135 2952 μέντοι
160 2884 195 2943 δι’
209 2885 289 2944 αὐτοῦ
311 2883 345 2958 δὴ
367 2886 460 2944 τούτου
482 2885 512 2942 τὸ
535 2885 675 2962 φιλότιμον
698 2883 920 2964 προσεπαύξουσὰ
942 2907 973 2944 τε
995 2887 1077 2967 ταύτῃ
1100 2883 1147 2944 καὶ
1165 2883 1338 2965 προσεπιτεί-

50 3023 127 3064 νουσα
157 3005 266 3065 εῖιδοκεῖ
292 3003 338 3066 καὶ
364 3006 582 3084 παρακελεύεται
609 3007 652 3064 ύπ’
666 3007 747 3081 αὺτην
775 3002 845 3066 είναι
867 3006 914 3067 καὶ
937 3009 1031 3088 ἐτέρας
1056 3008 1204 3079 ἐπισκοπὰς
1225 3009 1337 3078 ταύτας·

49 3123 128 3202 ἤγουν
157 3131 207 3202 τἠν
234 3135 283 3204 τῆς
310 3125 452 3209 Κορώνης,
486 3129 533 3204 τἠν
563 3135 612 3203 τῆς
636 3130 771 3204 Μεθώνης
803 3129 849 3189 καὶ
876 3129 924 3202 τὴν
946 3135 995 3205 τῆς
1018 3130 1180 3210 Ἀνδρσύσης
1202 3127 1249 3189 καὶ
1270 3127 1338 3188 ὑπο-

52 3250 150 3308 κεῖσθαι
179 3251 281 3325 ύμοίως
307 3249 353 3310 καί
380 3252 478 3321 ταύτας
506 3257 539 3332 τῇ
568 3254 635 3334 αὐτῇ-
664 3253 802 3334 ἁγιωτάτῃ
831 3251 967 3335 ἐκκλησίᾳ
987 3259 1037 3328 τῆς
1061 3251 1267 3332 Μσνεμβασίας,
1302 3253 1341 3323 ὡς

52 3369 93 3428 καὶ
117 3375 168 3444 τὰς
194 3374 297 3453 άλλας,
333 3341 375 3444 ὡς.
399 3375 452 3454 ἄρα
479 3375 647 3454 μητρσπόλει
674 3374 829 3436 αὐτῶνκαὶ
853 3375 982 3453 δέχεσθαι
1005 3373 1044 3444 εἰς
1067 3376 1205 3455 ἀρχιερεῖς
1228 3375 1340 3454 ἑαυτῶν,

55 3493 94 3562 τῖς
116 3499 147 3554 ἐν
171 3497 186 3554 ό
210 3495 239 3554 ἐν
261 3503 294 3578 τῇ
318 3494 448 3576 εἰρημένῃ
476 3499 614 3577 ἁγιωτάτῃ
642 3498 810 3578 μητροπόλει
834 3497 1023 3577 εὑρισκόμενος
1046 3499 1190 3579 ἀρχιερεύς
1212 3517 1340 3578 χειροτο-

55 3621 124 3688 νηοαι
152 3618 283 3697 διακρίνοι
310 3618 357 3678 καὶ
389 3619 589 3696 ἐγκαταστῆσαι
619 3621 661 3678 ἐπ’
675 3623 776 3691 αὐταῖς,
815 3623 832 3694 ἡ
857 3620 888 3679 δέ
910 3627 959 3694 τῆς
984 3619 1118 3700 ἐπαρχίας
1140 3621 1238 3695 ταύτης
1260 3619 1339 3700 περί-

56 3736 120 3818 οδος,
144 3741 182 3812 ὡς
206 3739 235 3798 ἐν
258 3741 331 3819 τύπῳ
352 3743 539 3823 περιγραρικῷ
562 3743 621 3820 ἔχει
644 3723 737 3814 ούτως.
769 3749 874 3822 πρῶτον
898 3743 948 3818 μὲν
972 3742 1018 3803 οὖν
1042 3743 1205 3823 Ἐπίδαυρος
1227 3744 1340 3823 ἀρχαία,

56 3861 249 3937 ήκαλουμένη
272 3865 397 3943 Λιμηρά·
433 3865 504 3939 μετὰ
534 3867 564 3925 δέ
587 3867 683 3940 ταύτην
708 3865 751 3925 ἐπὶ
775 3862 846 3946 ἑῴαν
869 3869 985 3946 προῖόντι
1009 3866 1023 3923 ἁ
1046 3863 1153 3946 Ζάραξ·
1181 3867 1342 3944 προελθόντι

59 3979 84 4040 δὲ
105 3985 155 4045 άπό
178 3987 306 4065 Ζάρακος
327 3987 401 4065 παρὰ
423 3988 470 4064 τὴν
493 3990 631 4048 θάλατταν
654 3991 771 4047 κατιόντι
795 3984 931 4074 [καύμ-ηίθ)
954 3987 1170 4068 ηίίυπαρισσία·
1195 3983 1255 4048 εἶτα
1276 3989 1342 4058 ναδς

58 4111 95 4164 τεῦ
116 4109 194 4186 ἁγίου
211 4107 364 4168 Λεωνίδου·
390 4110 459 4182 μετὰ
482 4109 513 4168 δέ
536 4113 566 4168 τδ
589 4113 635 4169 τοῦ
651 4110 728 4187 ἁγίου
745 4113 816 4170 θεῖον
833 4112 955 4189 τέμενος,
979 4112 1009 4168 'cb
1025 4111 1197 4184 καλούμενον
1215 4109 1340 4189 Ἄστρσς·

61 4225 216 4304 ἐπαναβάντι
248 4229 278 4289 δέ
301 4233 382 4306 κώμη
409 4233 427 4306 ἡ
450 4233 609 4308 καλουμένη
634 4235 818 4304 Καστὰνιτζα·
854 4230 924 4308 μετά
947 4233 979 4292 δὲ
1001 4235 1099 4309 ταύτην
1123 4235 1273 4313 ἁπέρχεται
1295 4232 1342 4292 καὶ

154 4449 173 4512 ¹)
193 4445 366 4514 προεδρεύσεσι
383 4450 414 4498 Β.
486 4449 507 4514 ²)
528 4447 658 4516 ἐθισμένοις
678 4451 707 4500 Β,
727 4444 814 4508 ὅλοις.ἐ
886 4449 908 4515 ³)
927 4447 957 4509 ἐξ.
978 4451 1060 4500 τοῦτον
1085 4448 1156 4518 μόνον
1181 4443 1241 4499 εἷναί
1259 4466 1284 4500 τε
1302 4448 1342 4499 καὶ

61 4533 161 4606 λέγεσθαι
187 4541 265 4605 πὰσης
290 4541 348 4596 nex.
370 4539 410 4592 τὸν
438 4547 479 4606 τῆς
503 4543 612 4608 τοιαύτης
637 4541 771 4613 ἁγιωτάτης
795 4543 970 4613 ἁρχιερατικῶς
994 4543 1060 4595 ἐκκλ.
1086 4549 1182 4612 προϊστ.
1208 4546 1255 4596 alii
1279 4545 1341 4596 odit.

64 4635 80 4698 ⁴)
95 4635 244 4689 ἀπολαύοντα
262 4639 325 4688 edit.
398 4639 418 4704 ί)
438 4638 560 4706 διαφόρως
573 4641 605 4691 R.
678 4643 810 4706 ί’)8ἰσίῖ.,
829 4641 876 4691 alii
892 4643 1006 4691 editores
1021 4639 1162 4708 ίίυύουρίας.
1236 4641 1341 4707 ί)προσ·

64 4729 172 4798 ῑθρύζετοιι
190 4736 222 4786 Β.
293 4735 315 4802 8)
335 4731 408 4798 αύτῆς
427 4735 454 4786 Ζ.
527 4735 548 4802 ⁹)
567 4735 678 4804 πόλισμά
695 4753 717 4786 τι
735 4738 766 4787 Β.
