3246 5288
230 347 296 414 400

231 539 314 603 πίνων
337 562 388 618 μου
402 543 433 602 τό
449 534 528 620 αἷμα,
553 541 581 601 ἐν
606 537 668 618 ἐμοί
690 543 767 618 μένει
789 537 868 621 κάγὼ
893 540 921 620 ἐν
943 539 1054 620 αίιτῷίί·
1077 539 1124 600 καί
1145 539 1243 600 πάλιν·
1269 538 1340 619 ,ἐὰν
1362 539 1398 614 μὴ
1425 538 1559 618 φάγητε

233 683 285 741 μου
315 663 364 739 τὴν
396 666 485 744 σάρκα
514 662 561 724 καί
590 661 669 739 πίητε
701 683 753 739 μου
782 663 813 724 τ“ο
836 655 914 742 αἷμα,
938 663 987 731 οθκ
1010 663 1091 740 ἔχετε
1114 663 1186 736 ζωὴν
1210 661 1239 721 ἐν
1262 662 1397 735 έσυτοῖςίξ.
1454 659 1516 721 καί
1541 659 1557 718 ἀ
1614 705 1615 738 ,

232 786 307 858 θεῖος
323 781 489 858 ἀπόστολος·
514 787 550 865 „A
570 781 753 862 κολλώμενος
775 783 813 864 τῷ
836 783 891 863 θεῷ
913 785 943 844 ἓν
966 787 1046 860 σῶμά
1070 783 1171 862 ἑοτινίί,
1195 761 1288 864 ὥσπερ
1309 782 1356 844 καί
1377 782 1557 844 τοθναντίον
1614 741 1615 822 ί

233 907 280 988 ,οἱ
302 908 484 987 μοκρθνοντες
500 907 611 978 ἑαυτοὺς
632 906 685 967 ἀπό
709 910 767 987 τοῦ,
790 905 986 981 ἀπολοῦνταίί,
1010 903 1097 981 Δαβὶδ
1122 905 1153 966 δὲ
1176 907 1190 964 ό
1214 906 1287 976 θεῖός
1309 925 1397 985 φησιϊ
1422 905 1555 980 βουλό·
1614 983 1615 992 ,

232 1030 304 1104 μεθα
327 1029 377 1104 μὲν
393 1027 449 1108 οὖν,
472 1030 511 1102 ιῖις
526 1027 641 1110 εἴρηται,
663 1033 750 1108 τοῦτο,
774 1027 852 1088 ἀλλά
867 1027 957 1088 διὰ
933 1049 982 1102 την
1006 1027 1173 1106 ἀνθρωπίνην
1196 1026 1338 1088 ἀσθένειαν
1361 1025 1407 1088 καί
1428 1029 1470 1086 τὸ
1499 1047 1553 1086 ταο

232 1155 396 1232 πράγματος
418 1149 550 1231 δυσχερὲς
573 1171 622 1212 ουκ
646 1151 736 1231 ἐπιτρε
724 1153 839 1226 .ἰ·πομεν
865 1150 900 1230 ,,ό
923 1149 976 1228 γὰρ
997 1147 1115 1223 ἀναξίως
1132 1148 1227 1210 ἐσθίων
1242 1148 1290 1208 καὶ
1303 1148 1387 1210 πίνων
1402 1151 1432 1209 τό
1451 1153 1553 1222 σῶμα

232 1270 280 1332 καί
307 1265 376 1348 αἷμα
401 1277 448 1333 τοῦ
470 1271 561 1353 κυρίου
592 1273 690 1351 ἔνοχος
719 1273 792 1332 ἔσται
814 1277 860 1332 τοῦ
887 1267 1013 1347 σώματος
1036 1271 1115 1332 αὺτοῦ
1137 1269 1184 1330 καὶ
1205 1292 1252 1332 του
1275 1271 1420 1346 αίματοςίί,
1453 1269 1552 1349 φησίν

233 1394 248 1452 ό
271 1395 344 1466 θεῖος
372 1395 602 1474 πνευματοφητωρ
631 1392 677 1454 καὶ
700 1399 807 1474 πρῶτος
828 1398 883 1454 τῶν
907 1393 1006 1454 ἀποστό
992 1393 1067 1454 όλων
1090 1393 1290 1472 nonnemo
1293 1391 1384 1472 βερόν,
1415 1393 1552 1554 ἀδελφαί

234 1534 295 1594 μου,
318 1517 349 1576 τό
373 1515 448 1596 ῥῆμα
463 1512 547 1575 καίτ
531 1515 641 1596 τρέμειν
656 1515 705 1590 τἠν
728 1517 797 1591 μετά
799 1514 921 1592 ληψιν
899 1535 929 1574 ου
942 1535 1005 1586 τους
1021 1535 1073 1575 κατ
1096 1515 1147 1590 ἐμὲ
1170 1515 1362 1596 ἀμαρτωλοός,
1386 1514 1538 1574 άλλάκα

233 1635 295 1709 τοίις
325 1635 388 1696 λίαν
421 1636 570 1709 έαιντοϊςθ
572 1640 759 1717 αρροόντας
749 1636 896 1698 πείθει·
883 1635 1003 1709 ἐκείνους
1032 1639 1174 1716 τοιγαροῦν
1206 1634 1278 1708 ἅπαξ
1263 1634 1389 1712 ξτης
1376 1634 1547 1711 έβδομάδος

233 1881 333 1943 τούτων
355 1880 591 1959 συγκαταθέσεως,
614 1879 699 1960 όργης
721 1899 751 1938 τε
774 1879 829 1955 μὴν
852 1877 898 1940 καί
921 1883 1089 1958 γογγυσμοῦ,
1112 1879 1202 1955 λύττης
1223 1899 1253 1938 τε
1275 1880 1323 1938 καί
1345 1878 1543 1956 καταλαλιάς,

233 1999 347 2078 ψεύδους
369 1999 416 2061 καὶ
436 2000 484 2080 γέ)
483 2021 562 2073 ωτος
577 1997 704 2072 ἀτάκτου,
730 2000 768 2060 ἔτι
783 2020 813 2060 τε
830 2001 1008 2076 μνησικακίας
1024 1999 1135 2075 μάλλον
1151 2021 1197 2060 και
1189 1999 1306 2076 θυμοῦ,
1333 1998 1543 2082 αίσγρολογίας

233 2142 264 2182 τε
286 2120 334 2182 καί
355 2127 409 2182 τῶν
431 2121 540 2198 ὁμοίιον.
579 2122 640 2194 τοίις
663 2122 751 2202 δέγε
774 2123 830 2194 τοῖς
853 2119 1007 2203 εἰρημένοις
1029 2121 1237 2202 περιπίπτοντας
1259 2122 1357 2182 πάθεσι
1379 2121 1414 2181 δι
1427 2119 1544 2198 ἐξαγο-

235 2243 353 2326 ρεόσεως
374 2243 422 2304 καὶ
445 2243 590 2319 μετανοίας
611 2245 679 2323 πρός
700 2245 749 2319 τὴν
768 2244 870 2303 τούτων
891 2243 1091 2314 σπεύδοντας
1077 2244 1185 2321 αποχὴν
1202 2240 1243 2316 δὶς
1264 2246 1311 2303 τοῦ
1334 2263 1421 2320 μηνος
1442 2263 1542 2319 μετα-

1359 2364 1455 2443 ἐκεινῳ
1479 2385 1541 2444 γαρ

235 2486 404 2567 φροντιστέον
426 2483 564 2566 περὶτῶν
587 2487 722 2547 τοιούτων.
768 2486 949 2562 ἀκοινώνητον
973 2487 1005 2548 δέ
1027 2507 1085 2547 τινα
1109 2484 1219 2568 αότδνί)
1246 2481 1415 2563 ἡγεῖσθαι”
1396 2506 1460 2546 ανευ
1484 2492 1541 2561 τῆς

236 2605 341 2668 ἐκείνου
371 2604 549 2682 είδήσεως
526 2628 576 2668 ουκ
599 2608 766 2668 ἐπαινετέον·
799 2608 940 2688 όγάρ“
913 2629 982 2668 ουτω
1008 2613 1093 2670 ποιῶν
1124 2610 1162 2681 ὡς
1184 2607 1285 2668 ίδιον
1275 2607 1391 2689 πληρῶν
1422 2607 1541 2684 θέλημα

233 1757 435 1837 μεταληπτέον,
459 1759 568 1838 όσοιπερ
585 1758 694 1831 ἑαυτοὺς
714 1757 787 1818 ίσασι
808 1758 923 1818 καθα’
882 1778 1008 1837 ρευοντας
1029 1763 1083 1818 τῶν
1108 1756 1226 1838 αἰσχρῶν
1248 1759 1390 1836 λογισμῶν
1413 1755 1460 1816 καὶ
1485 1762 1547 1832 τῆς

237 2728 350 2802 δικαίως
372 2729 609 2810 κατακριθήσεται.
640 2729 701 2802 τοὺς
724 2731 816 2804 μέντοι
839 2727 1064 2806 μεταλαμβάνειν
1087 2728 1247 2810 ὀφείλοντας
1269 2729 1452 2808 ἐνδεχόμενον
1478 2729 1538 2790 ἐστί

235 2851 286 2924 τὰς
307 2851 499 2927 τετυπωμένας
522 2849 621 2932 ἐπὶιῄ
650 2851 836 2930 μεταλήψει
827 2854 1075 2932 προσεκτικωτέρον
1098 2851 1340 2932 ἀναγινώσκειν
1317 2855 1413 2931 ευχάς,
1440 2855 1538 2928 κοινήν

235 2993 266 3034 τε
296 2977 395 3044 κοινῶς
424 2971 600 3052 γονυκλισίαν
630 2971 770 3048 ἀλλήλοις
799 2976 941 3046 ποιοῦντας
971 2972 1074 3033 διδόναι
1105 2977 1276 3055 συγχώρησιν
1306 2972 1352 3034 καί
1384 2974 1453 3034 οότω
1480 2979 1537 3033 τῶν

236 3095 377 3166 ζωοποιῶν
408 3092 574 3176 εὐχαρίστως
606 3095 832 3172 μεταλαμβάνειν
862 3096 1048 3174 ἀγιασμοὶτων.
1096 3093 1200 3176 έστωθ)
1233 3094 1267 3170 δὴ
1298 3093 1343 3156 οὖν
1374 3095 1422 3156 καί
1454 3100 1536 3154 ταῦτα

236 3221 329 3277 τοάτον
353 3216 454 3295 ἔχοντα
475 3216 522 3276 τόν
544 3217 652 3296 τρόπον.

340 3332 372 3408 ζ.
399 3335 478 3398 Ἀλλ’
496 3337 610 3398 ἐνταῦθά
634 3357 668 3413 με
691 3343 738 3398 τοό
760 3338 847 3416 λόγου
869 3340 1018 3417 γενόμενον
1040 3339 1131 3416 χρεὼν
1155 3337 1241 3398 εἰπεῖν
1264 3337 1311 3398 καὶ
1333 3337 1396 3419 περί
1418 3345 1472 3399 τῶν
1496 3339 1536 3410 είς

236 3457 328 3518 θυσίαν
350 3459 447 3536 ζῶσαν,
472 3456 562 3536 ἁγίαν,
585 3458 707 3538 καθαρὰν
721 3457 769 3518 καὶ
784 3458 952 3536 ἀναίμακτον
967 3461 1193 3539 προσφερομένων
1208 3459 1247 3538 τῷ
1263 3459 1333 3540 ἁγίῳ
1356 3460 1536 3542 θυσιαστηρίῳ

236 3585 395 3659 προσφορῶν
410 3575 457 3639 καὶ
472 3582 519 3638 τοῦ
541 3580 672 3655 νάματος,
695 3579 740 3638 ἵνα
755 3579 793 3654 μὴ
817 3578 953 3656 ἀμελείας
968 3581 1039 3652 τινός
1061 3579 1126 3653 ίσως
1141 3584 1160 3656 ἢ
1182 3585 1412 3662 καταφρονήσεως
1426 3581 1488 3663 περὶ
1502 3585 1536 3643 τὰ
1614 3617 1615 3652 ι

236 3703 347 3760 τοιαῦτα
367 3699 610 3779 παρεμπιπτοόοης
631 3699 763 3776 λάθωμεν
784 3701 846 3782 περί
862 3702 926 3762 αίιτό
943 3701 1013 3763 ἑκὼν
1037 3702 1224 3782 σφαλλόμενοι
1246 3705 1277 3762 τό
1293 3705 1386 3778 μεῖζον
1401 3703 1451 3764 καί
1466 3705 1535 3783 ὑψη-

237 3821 366 3901 λότερον·
391 3819 415 3881 εί
429 3820 484 3902 γάρ
499 3821 570 3882 Κάϊν
586 3819 694 3882 διἀίιτδ
713 3825 790 3883 τοῦτο
809 3822 1049 3905 καταδεδίκαστοι,
1072 3825 1102 3884 τό
1118 3825 1157 3900 μὴ
1172 3823 1207 3883 τὰ
1221 3823 1334 3904 κρείττω
1348 3831 1535 3906 προσαγαγεῖν

237 3941 276 4023 τῷ
298 3941 364 4022 θεῷ,
387 3943 457 4004 ἀλλ’
470 3941 558 4022 ἑαυτῷ
581 3951 697 4024 τηρῆσαι
719 3948 802 4005 ταῦτα
825 3943 872 4005 καὶ
894 3945 1098 4024 ταμιείοασθαι,
1122 3945 1244 4027 δέδοικα,
1268 3948 1306 4022 μὴ
1329 3945 1376 4006 καί
1399 3948 1482 4024 ἡμεῖς
1502 3955 1534 4030 τῇ
1614 3913 1615 3922 ί

237 4065 346 4147 τοιαίιτῃ
368 4063 504 4148 καταδίκη
528 4065 702 4146 εὑρεθείημεν
725 4065 800 4138 όντες
823 4066 970 4144 ὑπεύθυνοι,
995 4065 1022 4126 εί
1041 4087 1076 4144 γε
1092 4067 1126 4143 δὴ
1143 4067 1181 4143 μὴ
1197 4067 1231 4126 τά
1245 4067 1360 4148 κρείττω
1374 4067 1414 4148 τῷ
1429 4072 1533 4130 πάντων

238 4185 329 4266 δοτῆρι
351 4183 398 4246 καί
419 4185 535 4266 χορηγῷ
557 4187 795 4266 προσενέγκωμεν.
826 4191 902 4248 τοῦτό
925 4209 966 4248 τοι
988 4186 1035 4248 καὶ
1059 4189 1250 4263 ἐντελλόμεθα
1272 4190 1310 4265 μὴ
1327 4189 1360 4249 ἐκ
1375 4195 1427 4267 τῆς
1441 4199 1532 4268 κοινῆς

238 4307 334 4387 ζίμης,
366 4307 411 4387 ἀφ’
426 4301 460 4383 ἦς
482 4305 529 4368 καὶ
552 4307 577 4368 οἱ
599 4313 648 4383 της
669 4310 806 4388 τραπέζης
830 4311 913 4388 ἀρτοι,
937 4309 986 4382 τάς
1009 4310 1161 4390 προσφορὰς
1183 4310 1314 4391 γίνεσθαι,
1338 4311 1407 4372 ἀλλ’
1420 4313 1532 4395 ἄλευρον

239 4427 460 4510 διακαθαίρεσθαι
475 4427 522 4490 καί
537 4425 735 4513 φίρεσθαιγάκ
748 4431 841 4492 τοίιτου
862 4431 1016 4512 προσφορὰς
1039 4431 1229 4513 ἀπαρτίζεσθαι
1251 4433 1452 4513 καθαρωτάτοις
1466 4457 1531 4496 παι-
1614 4507 1615 4556 φ

344 4690 364 4757 ¹)
384 4685 455 4738 αὐτόν
472 4687 504 4740 Ε.
576 4689 596 4755 ²)
614 4685 667 4753 ἤτω
685 4688 716 4740 Ε.
