3166 5298
246 308 288 372 86

245 505 298 560 τῶν
321 497 398 570 Ἄνω
422 499 569 574 Δυνάμεων
598 495 641 556 ἐπὶ
667 497 773 576 ἡμέρας
796 495 956 576 δεκαπέντε,
986 494 1033 554 ἀπ’
1041 495 1125 570 αθτής
1146 499 1196 568 τῆς
1217 495 1324 575 ἡμέρας
1347 493 1475 570 δηλονότι
1495 497 1536 552 τοῦ
1575 563 1576 566 ¹

246 621 324 701 ἁγίου
347 620 593 699 μεγαλομάρτυρσς
615 617 770 696 Δημητρίου
793 617 891 696 μέχρις
914 616 984 691 ὅλης
1005 621 1055 692 τῆς
1078 614 1180 694 δγδὰης
1202 619 1248 676 τοῦ
1271 613 1417 694 νοεμβρίου
1441 615 1534 690 μηνός·

244 731 293 802 καί
303 740 326 824 ¹)
353 743 384 801 τδ
412 739 462 816 μὲν
488 741 570 816 ἥμισυ
596 742 642 799 τοῦ
670 739 723 798 ἁπδ
750 739 848 812 ταίτης
871 735 1052 812 είσοδήματος
1075 737 1134 815 ἔχει
1156 737 1174 811 ἡ
1196 737 1304 812 τοιοὰτη
1329 737 1468 815 άγιωτάτη
1491 735 1537 794 ἐκ·
1575 765 1576 820 3

245 863 356 942 κλησία,
387 863 418 921 τ“ο
449 861 481 920 δέ
504 862 596 940 ἕτερον
618 858 731 941 ἣμισυί)
753 858 780 918 οἱ
801 856 928 938 κληρικοὶ
952 859 1044 936 αίκτης,
1077 857 1172 932 ἐπειδὴ
1195 857 1221 918 οἱ
1242 860 1354 918 τοιοῦτοι
1379 857 1470 936 έχουσι
1493 877 1535 916 τε·
1575 897 1576 900 =

245 986 381 1062 ταγμένον
408 977 529 1061 ἀρχῆθεν
556 978 603 1040 καὶ
630 980 816 1056 λαμβάνουσιν
844 979 897 1038 ἀπο
923 983 977 1038 τῶν
1001 976 1188 1055 εἰσοδημὰτων
1209 983 1259 1054 τῆς
1283 978 1365 1054 σίντης
1388 980 1537 1058 ἁγιωτάτης

246 1103 395 1180 ἐκκλησίας
417 1103 477 1162 κατ’
488 1103 549 1173 έτος
571 1101 721 1182 σιτοκρίθου
737 1099 847 1176 μοδίους
862 1105 911 1175 τῆς
927 1098 1032 1160 εἰσόδου
1047 1099 1213 1179 τριακοσίους
1229 1098 1275 1159 καὶ
1292 1099 1420 1179 βαγένιον
1435 1099 1537 1178 πλῆρες

246 1225 317 1285 οἴνου
339 1226 369 1283 το
391 1228 437 1283 τοῖν
459 1221 706 1302 πρωτοουγκέλλου
728 1219 775 1281 καί
796 1221 948 1302 τρικέφαλοι
970 1223 1148 1296 πεντήκοντα.
1182 1222 1295 1299 κατέχει
1318 1219 1350 1280 δὲ
1373 1221 1502 1292 ὡσαύτως
1521 1221 1537 1294 ἡ

245 1347 312 1421 αθτη
336 1346 473 1424 άγιωτὰτη
498 1343 634 1420 ἐκκλησία
656 1341 703 1404 καὶ
728 1342 874 1414 Ἰουδαίους
896 1345 978 1423 τρεῖς,
1001 1345 1036 1402 τά
1057 1363 1088 1402 τε
1109 1340 1204 1403 παιδία
1225 1347 1270 1402 τοῦ
1285 1343 1404 1422 Λαμέρη
1427 1339 1536 1400 καὶτοῦ
1575 1323 1576 1390 Ῐ

245 1466 350 1542 Δαβίδη
366 1465 473 1526 καὶτοῦ
490 1463 626 1545 Σαμαρία.
649 1459 683 1523 τὰ
699 1464 731 1523 δέ
745 1463 975 1544 προσεπιδοθέντα
991 1465 1057 1546 αὐτη
1072 1463 1147 1543 παρὰ
1161 1467 1207 1524 τοῦ
1222 1463 1401 1544 περιποθήτου
1416 1463 1537 1542 γαμβροί
1575 1469 1576 1514 ¹

244 1593 294 1663 τῆς
316 1585 459 1662 βασιλείας
481 1607 542 1664 μου,
569 1589 616 1646 τοῖ
637 1589 770 1666 πιγκέρνη
793 1582 970 1669 Σιργιὰννηί)
993 1589 1039 1645 τοῦ
1063 1585 1271 1664 Παλαιολὰγου,
1302 1582 1354 1644 εἰσὶ
1381 1587 1480 1644 ταῦτα·
1509 1585 1536 1641 τ“ο
1575 1593 1576 1598 ’

245 1711 328 1785 ἥμισυ
357 1712 403 1768 τοιῖ
433 1707 534 1787 χωρίου
556 1704 735 1790 Λοζετζίουί)
765 1707 810 1766 σὺν
840 1712 873 1788 τῇ
905 1706 995 1766 ἐκεῖσε
1025 1707 1113 1789 ἀγορᾷ
1142 1710 1188 1766 τοιῖ
1210 1707 1390 1784 Κασιαιοῦί).
1421 1705 1537 1782 Βλάχων

244 1827 343 1890 καπνοὶ
365 1827 450 1888 είκοσι
472 1826 518 1888 σὺν
541 1825 580 1904 τῷ
594 1827 703 1908 Βισωτᾷ
725 1824 825 1904 καὶτῷ
842 1823 997 1910 Λιγσρῷθ),
1022 1826 1104 1903 ἐδέθη
1121 1827 1154 1887 δὲ
1168 1827 1240 1888 κατὰ
1253 1827 1340 1906 λόγον
1354 1823 1537 1908 προσενέξεως

244 1951 313 2030 προς
335 1951 385 2024 τὴν
408 1948 490 2023 αθτὴν
513 1938 666 2026 ἁγιωτάτην
690 1947 840 2022 ἐκκλησίαν
862 1945 909 2007 καὶ
931 1948 1004 2029 παρὰ
1026 1952 1073 2008 τοῦ
1095 1949 1303 2028 προκαθημένου
1325 1953 1375 2024 τῆς
1392 1944 1537 2008 θεοσὼστου

245 2071 355 2141 πόλεως
377 2074 430 2128 τῶν
443 2066 611 2146 Ἰωαννίνων,
635 2067 767 2140 σεβαστοῦ
788 2072 834 2128 τοῦ
850 2069 979 2150 Σγοίιρου,
1002 2068 1032 2126 τ“ο
1048 2067 1189 2148 μονίδριον
1205 2074 1258 2128 τῶν
1275 2065 1535 2148 Μηρδεαστάνωνη,
1575 2065 1576 2128 ί

246 2193 313 2271 ὅπερ
337 2185 413 2267 είχεν
436 2189 488 2249 άπδ
510 2191 686 2266 γονικότητος
707 2186 754 2250 καί
777 2187 822 2248 διὰ
843 2186 924 2272 τοῦθ)
946 2187 1154 2268 χρυσοβοὰλλου
1176 2193 1226 2264 τῆς
1249 2189 1393 2264 βασιλείας
1408 2211 1471 2265 μου.
1493 2187 1537 2262 τἠν

245 2312 369 2385 τοιαύτην
391 2309 563 2390 παράκλησιν
586 2313 631 2370 τοῖν
655 2310 828 2384 δηλωθέντσς
842 2308 988 2390 ίερωτάτου
1004 2309 1203 2389 μητροπολίτου
1219 2309 1380 2370 Ἰωαννίνων
1395 2308 1442 2370 καὶ
1458 2312 1536 2386 ὑπερ-

1575 2415 1576 2462 ί

245 2433 322 2508 τίμου
347 2431 469 2506 εὐμενιῖις
491 2427 700 2510 προσδεξαμένη
723 2432 741 2506 ἡ
764 2430 891 2504 βασιλεία
914 2452 966 2506 μου
990 2431 1152 2510 ἐπιχορηγεῖ
1173 2429 1220 2491 καὶ
1244 2431 1417 2510 ἐπιβραβείιει
1439 2431 1536 2512 ³¹¹¹*-

245 2553 321 2635 θείσίί
344 2553 482 2632 ἁγιωτάτῃ
499 2550 634 2634 ἐκκλησίᾳ
648 2553 679 2612 τί
694 2552 779 2630 παθὸν
790 2549 815 2633 ξι)
827 2550 1045 2631 λθυῦόβθῦίνλον,
1070 2551 1104 2612 δι’
1115 2544 1146 2612 οὗ
1160 2553 1321 2632 προστάσσει
1336 2549 1384 2611 καὶ
1399 2551 1536 2632 διορίζεται

245 2675 372 2751 κατέχειν
396 2673 478 2748 αὐτὴν
499 2672 587 2732 πάντα
608 2672 643 2732 τὰ
665 2672 792 2753 ἀνωτέρω
814 2672 886 2732 κατὰ
908 2673 992 2752 μέρος
1015 2671 1185 2753 δηλωθέντα,
1208 2675 1242 2732 τά
1264 2693 1293 2732 τε
1314 2676 1536 2752 προκατεχὰμενα

1575 2767 1576 2796 ί

245 2794 310 2874 παρ’
320 2793 412 2874 αὐτῆς,
436 2794 474 2853 ’έτι
497 2792 528 2852 δὲ
550 2791 597 2854 καί
617 2793 651 2852 τά
672 2795 902 2874 προσεπιδοθέντα
925 2794 991 2876 atre)
1015 2794 1085 2870 μετὰ
1105 2796 1197 2870 πάσης
1219 2799 1267 2869 τῆς
1289 2799 1377 2871 νομῆς
1398 2793 1445 2854 καὶ
1464 2813 1535 2872 περι·

246 2921 316 2994 οχῆς
342 2914 389 2976 καί
415 2921 468 2976 τῶν
496 2915 606 2975 δικαίων
634 2915 721 2975 αὐτῶν
749 2915 944 2995 ἁναραιρέτως,
975 2915 1171 2992 ἁνενοχλητως
1192 2913 1239 2975 καὶ
1263 2914 1450 2993 ἁδιαοείστως,
1481 2915 1536 2972 ὅθεν

245 3034 293 3096 καὶ
314 3042 347 3118 τῇ
371 3035 441 3114 ἰσχύι
462 3033 509 3096 καί
532 3036 644 3112 δυνάμει
665 3039 711 3096 τοῦ
733 3037 868 3116 παρέντος
890 3035 1098 3116 χρυσοβούλλου
1122 3041 1171 3110 τῆς
1195 3033 1337 3109 βασιλείας
1361 3055 1412 3112 μου
1433 3031 1537 3105 καθέξει
1575 3007 1576 3076 ί

244 3157 291 3218 καί
317 3159 500 3234 νεμηθήσεται
526 3162 609 3218 ταῦτα
636 3159 666 3217 τδ
694 3159 778 3237 μέρος
799 3163 848 3234 τῆς
872 3156 1044 3234 δηλωθείσης
1067 3158 1222 3236 ἁγιωτάτης
1246 3156 1397 3232 ἐκκλησίας
1421 3153 1536 3234 ἀνώτερα
1575 3139 1576 3214 s

245 3282 335 3352 πάσης
365 3276 412 3338 καὶ
441 3277 571 3350 παντοίας
601 3278 772 3354 δημοσιακῆς
803 3277 931 3358 ἐπηρείας
960 3275 1008 3338 καί
1036 3279 1209 3354 συζητησεως
1240 3275 1288 3338 καὶ
1316 3279 1413 3358 ἑτέρας
1436 3278 1535 3350 ἁπάσης

186 3467 189 3475 ¹
246 3399 463 3477 διενοχλησεως·
489 3397 627 3479 οὔτεγὰρ
651 3399 676 3459 οί
697 3399 768 3458 κατὰ
790 3396 946 3482 καιρουςίθ)
969 3398 1230 3478 κεραλσιτικεὰοντες
1252 3397 1293 3472 είς
1314 3400 1359 3458 τδν
1383 3398 1536 3476 δηλωθέντα

245 3521 336 3600 τὰπσν,
361 3520 390 3578 ἐν
406 3515 526 3600 ᾧταῦτα
543 3519 717 3600 εὑρίσκονται,
741 3519 801 3580 οὔτε
817 3520 842 3582 οἱ
856 3521 890 3614 τὰ
906 3519 1024 3597 δημόσια
1041 3505 1241 3600 διενεργοϋντες
1257 3519 1358 3600 ἐκεῖσε,
1381 3519 1442 3580 οὔτε
1458 3515 1537 3597 ἕτεροί

246 3660 317 3712 τινες
347 3639 497 3720 ὀφείλουσιν
528 3640 670 3715 ἐπιβαλεῖν
699 3643 782 3722 χεῖρα
810 3642 1007 3716 πλεονεκτικὴν
1038 3639 1085 3701 καὶ
1118 3640 1210 3702 ἄδικον
1242 3639 1286 3702 ἐπὶ
1307 3648 1372 3702 πᾶσι
1394 3643 1451 3711 τοῖς
1472 3637 1536 3700 κατὰ

247 3763 331 3841 μέρος
362 3761 531 3842 διαληρθεῖσι
559 3765 679 3837 κτήμασι
706 3769 756 3838 τῆς
787 3764 869 3839 αὺιῆς
900 3764 1052 3841 ἁγιωτάτης
1083 3762 1244 3840 ἐκκλησίας,
1277 3759 1337 3822 ἐπεὶ
1370 3761 1496 3835 βούλεται
1519 3758 1533 3828 ἡ

247 3881 375 3956 βασιλεία
398 3903 450 3956 μου
472 3882 519 3942 καὶ
542 3883 603 3960 ἔχει
625 3883 736 3960 θέλημα
760 3885 990 3964 διατηρεῖσθαιῐί)
1013 3888 1097 3944 ταῦτα
1119 3885 1207 3942 πάντα
1223 3881 1262 3953 εἰς
1276 3883 1338 3954 τοῖνς
1356 3882 1422 3958 έξης
1436 3881 1483 3942 καὶ
1497 3881 1534 3939 δι-

248 4006 358 4080 ηνεκεῖς
380 4005 496 4084 χρόνους
518 3999 693 4082 ἀνενὰχλητοι
713 4005 858 4078 παντελῶς
879 4004 926 4064 καὶ
950 4005 1115 4066 ἁδιάσειστα.
1151 4003 1209 4065 ἐπεὶ
1233 4003 1274 4084 δέ,
1297 4005 1336 4077 ὡς
1359 4003 1501 4085 ἐγνώρισεν
1520 4001 1535 4072 ἡ

249 4123 377 4198 βασιλεία
395 4145 446 4199 μου
457 4123 504 4184 καί
513 4121 550 4208 ¹²)
563 4127 690 4204 κατεῖχεν
700 4125 833 4186 ἀνέκαθεν
844 4128 874 4186 το
888 4127 972 4206 μέρος
983 4131 1032 4202 τῆς
1045 4126 1128 4203 αὐτῆς
1140 4127 1293 4206 ἁγιωτάτης
1305 4125 1466 4206 ἐκκλησίας,
1482 4118 1534 4201 περί

354 4339 375 4405 ¹)
394 4336 435 4390 καί
458 4339 534 4391 deest
551 4338 581 4392 A.
654 4339 675 4405 ²)
695 4340 736 4389 τοῦ
759 4333 806 4390 άπίι
828 4337 914 4403 ταύτης
937 4355 1023 4410 ιιεηιιε
1046 4339 1080 4392 ad
1105 4334 1132 4390 τὸ
1155 4336 1180 4389 δέ
1203 4337 1281 4406 ἕτερον
1304 4337 1380 4408 ἥμισυ
1399 4340 1493 4391 desunt
1509 4335 1533 4386 A.

247 4433 268 4501 ³)
288 4430 392 4501 Συριάνη
411 4433 442 4486 A.
514 4434 535 4502 ί)
554 4433 697 4494 Λουζετζίου
714 4435 745 4486 Α.
818 4435 838 4500 ¹)
857 4433 996 4485 Κασοιανοὰ
1011 4419 1045 4486 A.
1116 4434 1137 4501 ⁸)
1157 4433 1279 4500 Βησσωτᾷ
1296 4433 1336 4484 καὶ
1354 4435 1390 4503 τῷ
1408 4429 1533 4503 Λιγερῷιῖ

248 4529 269 4595 ¹)
289 4527 409 4598 μονίδριον
434 4529 481 4581 τῶν
505 4527 697 4597 ίίίερδταστὰνων
709 4529 741 4582 A.
812 4530 833 4597 ⁸)
846 4531 889 4581 τοῦ
913 4531 988 4582 deest
1000 4529 1031 4582 A.
1057 4549 1059 4554 ’
1104 4528 1126 4597 ⁹)
1144 4526 1185 4582 τὸν
1204 4528 1310 4598 παρόντα
1328 4529 1358 4582 A.
1433 4530 1464 4597 ¹⁰)
1482 4521 1534 4578 κατὰ

247 4623 330 4695 καιρόν
349 4626 380 4678 A.
453 4625 483 4696 ¹¹)
502 4623 644 4694 θεωρεῖσθαι
665 4625 696 4676 A.
771 4626 801 4694 ¹¹)
820 4625 894 4678 addit
911 4626 943 4677 A.
