3240 5286
1275 357 1338 421 249

50 549 247 628 μητροπολίτην
271 551 397 630 Κυζίκου,
427 549 473 610 καί
503 557 556 610 πᾶν
586 553 616 610 το
644 551 776 610 ἀνέκαθεν
799 554 991 632 προσαρμύοαν
1013 551 1052 629 τῷ
1073 553 1184 630 τοιούτῳ
1207 549 1341 626 ἀξιώματι

50 674 177 746 σέμνωμα
200 673 274 752 ἔχειν
297 673 368 732 κατὰ
390 673 438 747 τὴν
463 672 507 732 ἐπὶ
529 674 613 752 τούτῳ
629 675 781 754 συνήθειαν,
805 673 1005 734 ἐνδιδύσκεσθαι
1021 674 1051 733 δὲ
1066 678 1158 734 τοῦτον
1175 673 1221 733 καί
1237 677 1341 734 σάκκον

50 793 94 852 καὶ
116 795 306 874 πολυσταύριον
330 795 359 854 ἐν
381 799 441 867 ταῖς
463 795 549 866 θείαις
571 793 618 854 καί
641 793 726 876 ἱεραῖς
749 795 951 874 μυσταγωγίαις
974 794 1021 855 καί
1042 796 1179 871 λαμποίθα
1197 795 1340 875 φαίνουσαν

51 917 198 995 ἔμπροσθεν
220 917 312 976 τούτου
334 917 500 996 προάγεσθαι
525 912 598 1001 [ἀνὰ]
622 922 711 976 πᾶσαν
730 917 779 992 την
800 917 921 996 ἐνορίαν·
944 923 1000 996 φῶς
1022 917 1076 998 γὰρ
1092 913 1161 977 είναι
1175 921 1222 976 τοῦ
1236 918 1341 992 κόσμου

49 1039 107 1108 τοὺς
135 1038 257 1112 μαθητὰς
285 1039 363 1098 αὑτοῦ
386 1039 501 1118 Χριστος
524 1039 688 1117 ἀπεφήνατο,
720 1039 807 1117 φαίνει
830 1038 860 1098 δὲ
883 1037 929 1098 καὶ
951 1040 981 1098 τ“ο
1004 1045 1061 1116 φῶς
1084 1038 1113 1096 ἑν
1135 1044 1168 1120 τῇ
1192 1039 1297 1122 σκοτίᾳ,
1327 1041 1342 1098 ύ

48 1161 224 1236 τ’,γαπημένος
246 1159 318 1238 αύτῷ
341 1181 401 1240 φησι
425 1161 558 1236 μαθητής.
589 1161 659 1219 κατὰ
681 1161 743 1232 τούς
764 1161 907 1240 κυριακούς
931 1159 975 1221 οὖν
999 1161 1122 1236 μαθητὰς
1145 1158 1272 1233 καὶτοὺς
1292 1162 1342 1220 ύπο

47 1283 94 1356 τἠν
116 1284 235 1356 ύπηκοον
257 1288 307 1357 τῆς
329 1281 472 1356 βασιλείας
495 1303 546 1358 μου
568 1288 656 1342 πᾶσαν
679 1287 731 1362 γῆν
754 1283 892 1362 ἀρχιερεῖς
906 1285 1124 1362 πεφωτισμένους
1139 1279 1208 1342 εἶναι
1224 1283 1342 1342 θέλουσα

46 1403 92 1463 καί
120 1405 148 1463 ἐν
174 1403 213 1484 τῷ
239 1405 329 1464 σκύτει
356 1409 401 1464 τού
429 1403 487 1476 βίου
513 1405 606 1466 τούτου
635 1407 832 1482 παμφαέστατα
855 1403 900 1464 διὰ
921 1410 971 1480 τῆς
1001 1405 1101 1484 ἀρετῆς
1124 1407 1210 1466 αύτῶν
1241 1404 1342 1483 φαίνειν

47 1527 212 1604 βουλομένη,
243 1523 295 1606 (ὡς
324 1525 377 1585 ἀπὸ
408 1529 471 1601 μιᾶς
501 1529 555 1607 γοίρ
581 1547 652 1598 τινος
675 1527 877 1606 ούρανομήκους
900 1525 1037 1600 κλίμακος
1059 1532 1112 1586 τῶν
1135 1527 1275 1605 ὑπηρετῶν
1296 1530 1343 1584 τοῦ

46 1650 132 1726 λύγου
153 1646 199 1707 καὶ
223 1649 352 1722 μαθητῶν
373 1649 404 1706 τ“ο
428 1650 501 1726 μέγα
523 1655 572 1723 τῆς
595 1644 798 1728 ἀρχιερωσύνης
820 1653 916 1727 χρῆμα
938 1645 985 1708 καὶ
1000 1655 1114 1729 πρᾶγμα
1129 1646 1177 1707 καί
1193 1646 1232 1720 είς
1248 1648 1343 1719 αύτούς

45 1769 260 1847 καταβέβηκεν),
289 1767 402 1841 εἰκότως
424 1767 471 1828 καί
493 1777 550 1849 φῶς
571 1773 617 1830 τοῦ
640 1769 785 1849 ίερωτοὶτου
809 1770 888 1828 αὐτοῦ
911 1770 1111 1850 μητροπολίτου
1134 1769 1251 1842 Κυζίκου
1273 1790 1344 1849 προ-

45 1893 204 1971 πορεύεσθαι
226 1893 348 1972 κέκρικε,
371 1889 473 1952 καὶτὰ
497 1893 575 1952 ἄλλα
597 1892 627 1952 δὲ
651 1891 771 1967 ἐπίσημα
794 1891 865 1972 αύτῷ
891 1892 1046 1970 ἐδωρήσατο
1071 1891 1115 1951 διὰ
1136 1897 1186 1966 τῆς
1207 1891 1345 1972 παρούσης

47 2015 128 2088 αύτης
140 2010 325 2094 προστάξεως,
340 2015 400 2088 ἥτις
410 2012 457 2074 καί
468 2017 597 2092 γεγονυῖα
610 2012 726 2089 ἐπεδόθη
740 2013 820 2094 αὐτῷ,
838 2014 985 2094 ὀφειλουσα
997 2014 1255 2094 ἐγκαταστρωθῆναι
1264 2013 1286 2095 ¹)
1298 2012 1346 2074 καὶ

45 2138 99 2204 τοῖς
121 2139 169 2194 τοῦ
185 2135 258 2214 ἰερού
272 2136 481 2214 χαρτοφύλακος
496 2135 618 2215 χαρτίοις
632 2142 681 2210 τῆς
697 2137 850 2215 ἁγιωτάτης
866 2140 912 2198 τοῦ
927 2137 989 2196 θεοῦ
1006 2134 1135 2213 μεγάλης
1152 2135 1302 2211 ἐκκλησίας
1317 2139 1341 2212 †.

147 2262 164 2332 †
187 2253 270 2335 Εἶχε
292 2259 340 2318 τό·
365 2255 445 2334 μηνὶ
469 2305 474 2316 .
496 2305 503 2320 .
528 2255 610 2318 ,καὶ
634 2256 815 2318 ίνδικτιῶνι
835 2303 842 2320 .
866 2306 871 2318 .
891 2306 896 2318 .
919 2257 1114 2337 δι’ἐρυθρῶν
1136 2260 1342 2338 γραμμάτων

44 2385 101 2454 τῆς
124 2378 307 2454 βασιλικῆς
331 2374 398 2464 [καί
420 2374 523 2464 θείας]
546 2380 661 2458 χειρός
683 2383 708 2452 θ.

148 2508 179 2560 Ε
187 2509 276 2562 σοάίοο
287 2509 472 2578 ικοαυεοπῴίο
483 2507 622 2562 Gemma·
632 2509 829 2577 archiepiscopi
839 2509 909 2564 σοίίιί.
924 2508 1036 2562 Rhatta
1048 2515 1073 2562 ct
1086 2509 1184 2577 Ροίίσσ,
1200 2508 1265 2562 Coa.
1279 2526 1339 2562 οαιτ.

53 2613 82 2666 V.
95 2631 127 2682 p.
147 2613 218 2666 326.
237 2612 402 2682 Zachariae,
419 2613 472 2696 εἶαρ
486 2630 744 2684 ymmo-romanum,
763 2613 820 2666 III.
833 2631 865 2682 p.
884 2615 946 2666 590
961 2619 986 2666 et
1004 2615 1074 2668 598.

152 2865 172 2928 ¹)
192 2862 368 2932 ἐπιγνωσθῆναι
387 2867 416 2914 Z.
