<?xml version="1.0" encoding="UTF-8"?>
<!DOCTYPE html PUBLIC "-//W3C//DTD XHTML 1.0 Transitional//EN"
    "http://www.w3.org/TR/xhtml1/DTD/xhtml1-transitional.dtd">
<html xmlns="http://www.w3.org/1999/xhtml" xml:lang="en" lang="en">
 <head>
  <title>
</title>
<meta http-equiv="Content-Type" content="text/html;charset=utf-8" />
  <meta name='ocr-system' content='tesseract 3.04.00' />
  <meta name='ocr-capabilities' content='ocr_page ocr_carea ocr_par ocr_line ocrx_word'/>
</head>
<body>
  <div class='ocr_page' id='page_1' title='image "./actaetdiplomata00miklgoog_0483.png"; bbox 0 0 3222 5284; ppageno 0'>
   <div class='ocr_carea' id='block_1_1' title="bbox 0 4526 3 5077">
    <p class='ocr_par' dir='ltr' id='par_1_1' title="bbox 0 4526 3 5077">
     <span class='ocr_line' id='line_1_1' title="bbox 0 4526 3 5077; baseline 0 0"><span class='ocrx_word' id='word_1_1' title='bbox 0 4526 3 5077; x_wconf 95' lang='lat' dir='ltr'> </span> 
     </span>
    </p>
   </div>
   <div class='ocr_carea' id='block_1_2' title="bbox 227 329 292 394">
    <p class='ocr_par' dir='ltr' id='par_1_2' title="bbox 227 329 292 394">
     <span class='ocr_line' id='line_1_2' title="bbox 227 329 292 394; baseline 0.015 -2"><span class='ocrx_word' id='word_1_2' title='bbox 227 329 292 394; x_wconf 83' lang='lat'>310</span> 
     </span>
    </p>
   </div>
   <div class='ocr_carea' id='block_1_3' title="bbox 228 519 1556 1451">
    <p class='ocr_par' dir='ltr' id='par_1_3' title="bbox 228 519 1556 1451">
     <span class='ocr_line' id='line_1_3' title="bbox 228 519 1556 600; baseline -0.005 -18"><span class='ocrx_word' id='word_1_3' title='bbox 228 525 308 598; x_wconf 88' lang='grc' dir='ltr'>νόμοι</span> <span class='ocrx_word' id='word_1_4' title='bbox 338 542 388 597; x_wconf 87' lang='grc' dir='ltr'>μου</span> <span class='ocrx_word' id='word_1_5' title='bbox 412 519 458 582; x_wconf 85' lang='grc' dir='ltr'>καὶ</span> <span class='ocrx_word' id='word_1_6' title='bbox 481 521 496 580; x_wconf 99' lang='lat'>3</span> <span class='ocrx_word' id='word_1_7' title='bbox 517 522 582 599; x_wconf 89' lang='grc' dir='ltr'>παρ’</span> <span class='ocrx_word' id='word_1_8' title='bbox 596 520 683 580; x_wconf 83' lang='grc' dir='ltr'>αῦτῶν</span> <span class='ocrx_word' id='word_1_9' title='bbox 706 523 927 600; x_wconf 86' lang='grc' dir='ltr'>προοτηοόμενος</span> <span class='ocrx_word' id='word_1_10' title='bbox 951 519 1006 580; x_wconf 81' lang='grc' dir='ltr'>εἴτε</span> <span class='ocrx_word' id='word_1_11' title='bbox 1031 519 1175 597; x_wconf 76' lang='grc' dir='ltr'>οἰκονόμος</span> <span class='ocrx_word' id='word_1_12' title='bbox 1197 525 1215 596; x_wconf 80' lang='grc' dir='ltr'>ή</span> <span class='ocrx_word' id='word_1_13' title='bbox 1238 521 1466 600; x_wconf 68' lang='grc' dir='ltr'>καθηγούμενος,</span> <span class='ocrx_word' id='word_1_14' title='bbox 1484 519 1556 578; x_wconf 78' lang='grc' dir='ltr'>ικαὶ</span> 
     </span>
     <span class='ocr_line' id='line_1_4' title="bbox 229 641 1555 723; baseline -0.005 -19"><span class='ocrx_word' id='word_1_15' title='bbox 229 641 255 704; x_wconf 89' lang='grc' dir='ltr'>οί</span> <span class='ocrx_word' id='word_1_16' title='bbox 284 641 377 704; x_wconf 83' lang='grc' dir='ltr'>λοιποί</span> <span class='ocrx_word' id='word_1_17' title='bbox 408 641 535 722; x_wconf 86' lang='grc' dir='ltr'>μοναχοί,</span> <span class='ocrx_word' id='word_1_18' title='bbox 568 644 625 703; x_wconf 83' lang='grc' dir='ltr'>όσοι</span> <span class='ocrx_word' id='word_1_19' title='bbox 647 643 697 714; x_wconf 81' lang='grc' dir='ltr'>τὰς</span> <span class='ocrx_word' id='word_1_20' title='bbox 720 643 835 714; x_wconf 82' lang='grc' dir='ltr'>ἐντολάς</span> <span class='ocrx_word' id='word_1_21' title='bbox 858 664 909 719; x_wconf 89' lang='grc' dir='ltr'>μου</span> <span class='ocrx_word' id='word_1_22' title='bbox 931 647 1040 723; x_wconf 88' lang='grc' dir='ltr'>τηροῦσι</span> <span class='ocrx_word' id='word_1_23' title='bbox 1062 641 1110 704; x_wconf 90' lang='grc' dir='ltr'>καί</span> <span class='ocrx_word' id='word_1_24' title='bbox 1133 644 1310 722; x_wconf 79' lang='grc' dir='ltr'>ἀγωνίζονται</span> <span class='ocrx_word' id='word_1_25' title='bbox 1338 643 1489 704; x_wconf 78' lang='grc' dir='ltr'>τελεῖσθαι</span> <span class='ocrx_word' id='word_1_26' title='bbox 1516 641 1555 700; x_wconf 68' lang='grc' dir='ltr'>τό</span> 
     </span>
     <span class='ocr_line' id='line_1_5' title="bbox 229 763 1554 845; baseline -0.002 -21"><span class='ocrx_word' id='word_1_27' title='bbox 229 765 333 844; x_wconf 82' lang='grc' dir='ltr'>ψυχικὰ</span> <span class='ocrx_word' id='word_1_28' title='bbox 362 764 533 845; x_wconf 83' lang='grc' dir='ltr'>ἀνελλιπῶς,</span> <span class='ocrx_word' id='word_1_29' title='bbox 565 764 753 844; x_wconf 76' lang='grc' dir='ltr'>ἐγγράφονται</span> <span class='ocrx_word' id='word_1_30' title='bbox 784 765 813 823; x_wconf 87' lang='grc' dir='ltr'>ἐν</span> <span class='ocrx_word' id='word_1_31' title='bbox 845 768 901 836; x_wconf 79' lang='grc' dir='ltr'>τοῖς</span> <span class='ocrx_word' id='word_1_32' title='bbox 931 765 1071 843; x_wconf 68' lang='grc' dir='ltr'>διπτύχοις</span> <span class='ocrx_word' id='word_1_33' title='bbox 1093 763 1139 824; x_wconf 91' lang='grc' dir='ltr'>καί</span> <span class='ocrx_word' id='word_1_34' title='bbox 1170 764 1394 841; x_wconf 87' lang='grc' dir='ltr'>μνημονεῦωνται</span> <span class='ocrx_word' id='word_1_35' title='bbox 1419 765 1459 824; x_wconf 85' lang='grc' dir='ltr'>δι’</span> <span class='ocrx_word' id='word_1_36' title='bbox 1476 764 1554 823; x_wconf 61' lang='grc' dir='ltr'>όλοο</span> 
     </span>
     <span class='ocr_line' id='line_1_6' title="bbox 231 884 1554 965; baseline -0.004 -19"><span class='ocrx_word' id='word_1_37' title='bbox 231 884 340 958; x_wconf 80' lang='grc' dir='ltr'>αἰῶνος,</span> <span class='ocrx_word' id='word_1_38' title='bbox 364 886 420 946; x_wconf 89' lang='grc' dir='ltr'>όσοι</span> <span class='ocrx_word' id='word_1_39' title='bbox 444 885 475 946; x_wconf 86' lang='grc' dir='ltr'>δέ</span> <span class='ocrx_word' id='word_1_40' title='bbox 496 885 654 964; x_wconf 78' lang='grc' dir='ltr'>παραβάται</span> <span class='ocrx_word' id='word_1_41' title='bbox 675 886 776 944; x_wconf 88' lang='grc' dir='ltr'>τοῦτων</span> <span class='ocrx_word' id='word_1_42' title='bbox 799 886 932 965; x_wconf 88' lang='grc' dir='ltr'>γένωνται</span> <span class='ocrx_word' id='word_1_43' title='bbox 954 884 1001 946; x_wconf 88' lang='grc' dir='ltr'>καί</span> <span class='ocrx_word' id='word_1_44' title='bbox 1024 884 1064 958; x_wconf 88' lang='grc' dir='ltr'>εἰς</span> <span class='ocrx_word' id='word_1_45' title='bbox 1087 885 1197 962; x_wconf 78' lang='grc' dir='ltr'>μείωσιν</span> <span class='ocrx_word' id='word_1_46' title='bbox 1213 886 1300 946; x_wconf 87' lang='grc' dir='ltr'>αἰιτῶν</span> <span class='ocrx_word' id='word_1_47' title='bbox 1315 889 1334 960; x_wconf 77' lang='grc' dir='ltr'><strong>ἢ</strong></span> <span class='ocrx_word' id='word_1_48' title='bbox 1351 887 1554 965; x_wconf 77' lang='grc' dir='ltr'>ίτποκράτητιν</span> 
     </span>
     <span class='ocr_line' id='line_1_7' title="bbox 231 1003 1552 1086; baseline -0.004 -18"><span class='ocrx_word' id='word_1_49' title='bbox 231 1007 310 1080; x_wconf 75' lang='grc' dir='ltr'>ὄντες</span> <span class='ocrx_word' id='word_1_50' title='bbox 334 1007 531 1086; x_wconf 85' lang='grc' dir='ltr'>διαγνωσθιῦσι,</span> <span class='ocrx_word' id='word_1_51' title='bbox 564 1009 633 1083; x_wconf 86' lang='grc' dir='ltr'>μήτε</span> <span class='ocrx_word' id='word_1_52' title='bbox 657 1009 768 1082; x_wconf 90' lang='grc' dir='ltr'>μνήμης</span> <span class='ocrx_word' id='word_1_53' title='bbox 792 1003 931 1079; x_wconf 76' lang='grc' dir='ltr'>ἀξιοῦσθαι</span> <span class='ocrx_word' id='word_1_54' title='bbox 953 1007 1062 1079; x_wconf 83' lang='grc' dir='ltr'>τοῦτους</span> <span class='ocrx_word' id='word_1_55' title='bbox 1085 1007 1229 1086; x_wconf 82' lang='grc' dir='ltr'>βούλομαι,</span> <span class='ocrx_word' id='word_1_56' title='bbox 1261 1009 1331 1082; x_wconf 88' lang='grc' dir='ltr'>μήτε</span> <span class='ocrx_word' id='word_1_57' title='bbox 1356 1008 1474 1076; x_wconf 81' lang='grc' dir='ltr'>ἐντοῖς</span> <span class='ocrx_word' id='word_1_58' title='bbox 1499 1005 1552 1064; x_wconf 79' lang='grc' dir='ltr'>δι-</span> 
     </span>
     <span class='ocr_line' id='line_1_8' title="bbox 230 1127 1550 1208; baseline -0.003 -18"><span class='ocrx_word' id='word_1_59' title='bbox 230 1129 345 1208; x_wconf 87' lang='grc' dir='ltr'>πτῦχοις</span> <span class='ocrx_word' id='word_1_60' title='bbox 368 1127 496 1204; x_wconf 88' lang='grc' dir='ltr'>όνομαστὶ</span> <span class='ocrx_word' id='word_1_61' title='bbox 518 1129 679 1207; x_wconf 81' lang='grc' dir='ltr'>γράφεσθαι,</span> <span class='ocrx_word' id='word_1_62' title='bbox 704 1127 771 1187; x_wconf 86' lang='grc' dir='ltr'>ἀλλ’</span> <span class='ocrx_word' id='word_1_63' title='bbox 785 1130 875 1208; x_wconf 81' lang='grc' dir='ltr'>ὥσπερ</span> <span class='ocrx_word' id='word_1_64' title='bbox 897 1129 1092 1204; x_wconf 79' lang='grc' dir='ltr'>ηἰντομόλησαν</span> <span class='ocrx_word' id='word_1_65' title='bbox 1115 1127 1155 1200; x_wconf 91' lang='grc' dir='ltr'>εἰς</span> <span class='ocrx_word' id='word_1_66' title='bbox 1175 1129 1224 1201; x_wconf 77' lang='grc' dir='ltr'>τὰς</span> <span class='ocrx_word' id='word_1_67' title='bbox 1239 1129 1440 1208; x_wconf 88' lang='grc' dir='ltr'>προρρηθείοοις</span> <span class='ocrx_word' id='word_1_68' title='bbox 1459 1127 1550 1206; x_wconf 65' lang='grc' dir='ltr'>ἀράς,</span> 
     </span>
     <span class='ocr_line' id='line_1_9' title="bbox 232 1243 1550 1328; baseline -0.003 -17"><span class='ocrx_word' id='word_1_69' title='bbox 232 1251 318 1322; x_wconf 82' lang='grc' dir='ltr'>οίπως</span> <span class='ocrx_word' id='word_1_70' title='bbox 341 1249 416 1310; x_wconf 84' lang='grc' dir='ltr'>ἔσται</span> <span class='ocrx_word' id='word_1_71' title='bbox 438 1249 468 1307; x_wconf 81' lang='grc' dir='ltr'>τό</span> <span class='ocrx_word' id='word_1_72' title='bbox 491 1249 661 1324; x_wconf 89' lang='grc' dir='ltr'>μνημόσυνον</span> <span class='ocrx_word' id='word_1_73' title='bbox 684 1251 772 1308; x_wconf 71' lang='grc' dir='ltr'>αἰτιῶν</span> <span class='ocrx_word' id='word_1_74' title='bbox 794 1251 985 1328; x_wconf 72' lang='grc' dir='ltr'>κατηραμένον</span> <span class='ocrx_word' id='word_1_75' title='bbox 1007 1248 1054 1308; x_wconf 86' lang='grc' dir='ltr'>καί</span> <span class='ocrx_word' id='word_1_76' title='bbox 1077 1253 1264 1326; x_wconf 84' lang='grc' dir='ltr'>μεμισημένον</span> <span class='ocrx_word' id='word_1_77' title='bbox 1287 1249 1341 1310; x_wconf 80' lang='grc' dir='ltr'>ἀεί.</span> <span class='ocrx_word' id='word_1_78' title='bbox 1380 1250 1432 1327; x_wconf 84' lang='grc' dir='ltr'>οῦχ</span> <span class='ocrx_word' id='word_1_79' title='bbox 1458 1243 1550 1323; x_wconf 81' lang='grc' dir='ltr'>ἧττον</span> 
     </span>
     <span class='ocr_line' id='line_1_10' title="bbox 233 1367 1549 1451; baseline -0.003 -19"><span class='ocrx_word' id='word_1_80' title='bbox 233 1371 266 1432; x_wconf 84' lang='grc' dir='ltr'>δέ</span> <span class='ocrx_word' id='word_1_81' title='bbox 296 1373 454 1451; x_wconf 76' lang='grc' dir='ltr'>κατάκριμα</span> <span class='ocrx_word' id='word_1_82' title='bbox 483 1367 574 1442; x_wconf 80' lang='grc' dir='ltr'>ἕξουσι</span> <span class='ocrx_word' id='word_1_83' title='bbox 596 1368 643 1430; x_wconf 91' lang='grc' dir='ltr'>καὶ</span> <span class='ocrx_word' id='word_1_84' title='bbox 665 1369 691 1430; x_wconf 89' lang='grc' dir='ltr'>οί</span> <span class='ocrx_word' id='word_1_85' title='bbox 713 1371 830 1451; x_wconf 81' lang='grc' dir='ltr'>δρῶντες</span> <span class='ocrx_word' id='word_1_86' title='bbox 851 1371 1094 1450; x_wconf 85' lang='grc' dir='ltr'>καταφρονοῦμενα</span> <span class='ocrx_word' id='word_1_87' title='bbox 1114 1376 1198 1431; x_wconf 85' lang='grc' dir='ltr'>ταῦτα</span> <span class='ocrx_word' id='word_1_88' title='bbox 1219 1370 1267 1431; x_wconf 87' lang='grc' dir='ltr'>καὶ</span> <span class='ocrx_word' id='word_1_89' title='bbox 1290 1370 1434 1446; x_wconf 87' lang='grc' dir='ltr'>δυνάμενοι</span> <span class='ocrx_word' id='word_1_90' title='bbox 1462 1369 1549 1429; x_wconf 81' lang='grc' dir='ltr'>ἀντι-</span> 
     </span>
    </p>
   </div>
   <div class='ocr_carea' id='block_1_4' title="bbox 232 1489 1193 1570">
    <p class='ocr_par' dir='ltr' id='par_1_4' title="bbox 232 1489 1193 1570">
     <span class='ocr_line' id='line_1_11' title="bbox 232 1489 1193 1570; baseline -0.003 -17"><span class='ocrx_word' id='word_1_91' title='bbox 232 1493 330 1570; x_wconf 83' lang='grc' dir='ltr'>λέγειν</span> <span class='ocrx_word' id='word_1_92' title='bbox 352 1495 409 1564; x_wconf 87' lang='grc' dir='ltr'>τοίς</span> <span class='ocrx_word' id='word_1_93' title='bbox 431 1497 526 1563; x_wconf 82' lang='grc' dir='ltr'>κακῶς</span> <span class='ocrx_word' id='word_1_94' title='bbox 548 1493 702 1570; x_wconf 83' lang='grc' dir='ltr'>γινομένοις</span> <span class='ocrx_word' id='word_1_95' title='bbox 724 1489 772 1551; x_wconf 90' lang='grc' dir='ltr'>καί</span> <span class='ocrx_word' id='word_1_96' title='bbox 795 1493 834 1567; x_wconf 83' lang='grc' dir='ltr'>μὴ</span> <span class='ocrx_word' id='word_1_97' title='bbox 856 1495 995 1563; x_wconf 89' lang='grc' dir='ltr'>ποιοῦντες</span> <span class='ocrx_word' id='word_1_98' title='bbox 1018 1490 1124 1552; x_wconf 80' lang='grc' dir='ltr'>οὑτωσί.</span> <span class='ocrx_word' id='word_1_99' title='bbox 1183 1499 1193 1518; x_wconf 81' lang='grc'><strong>“</strong></span> 
     </span>
    </p>
   </div>
   <div class='ocr_carea' id='block_1_5' title="bbox 566 1696 1197 1780">
    <p class='ocr_par' dir='ltr' id='par_1_5' title="bbox 566 1696 1197 1780">
     <span class='ocr_line' id='line_1_12' title="bbox 566 1696 1197 1780; baseline 0.002 -23"><span class='ocrx_word' id='word_1_100' title='bbox 566 1696 600 1760; x_wconf 89' lang='grc' dir='ltr'>ε’.</span> <span class='ocrx_word' id='word_1_101' title='bbox 626 1696 707 1780; x_wconf 86' lang='grc' dir='ltr'>Περί</span> <span class='ocrx_word' id='word_1_102' title='bbox 732 1697 977 1780; x_wconf 86' lang='grc' dir='ltr'>προχειρίσεως</span> <span class='ocrx_word' id='word_1_103' title='bbox 998 1699 1197 1777; x_wconf 76' lang='grc' dir='ltr'>ἡγουμένου.</span> 
     </span>
    </p>
   </div>
   <div class='ocr_carea' id='block_1_6' title="bbox 233 1848 1608 2301">
    <p class='ocr_par' dir='ltr' id='par_1_6' title="bbox 233 1848 1608 2301">
     <span class='ocr_line' id='line_1_13' title="bbox 336 1848 1544 1940; baseline -0.001 -25"><span class='ocrx_word' id='word_1_104' title='bbox 336 1848 536 1934; x_wconf 83' lang='grc' dir='ltr'>Ἠγουμενείας</span> <span class='ocrx_word' id='word_1_105' title='bbox 567 1853 598 1914; x_wconf 87' lang='grc' dir='ltr'>δὲ</span> <span class='ocrx_word' id='word_1_106' title='bbox 626 1857 810 1935; x_wconf 72' lang='grc' dir='ltr'>προκειμένης</span> <span class='ocrx_word' id='word_1_107' title='bbox 839 1850 966 1940; x_wconf 76' lang='grc' dir='ltr'>[ὀφείλει]</span> <span class='ocrx_word' id='word_1_108' title='bbox 978 1852 999 1937; x_wconf 86' lang='grc'>1)</span> <span class='ocrx_word' id='word_1_109' title='bbox 1028 1855 1169 1915; x_wconf 82' lang='grc' dir='ltr'>τελεῖσθαι</span> <span class='ocrx_word' id='word_1_110' title='bbox 1199 1854 1329 1930; x_wconf 82' lang='grc' dir='ltr'>βουλήσει</span> <span class='ocrx_word' id='word_1_111' title='bbox 1352 1859 1399 1916; x_wconf 87' lang='grc' dir='ltr'>τοῦ</span> <span class='ocrx_word' id='word_1_112' title='bbox 1424 1855 1544 1935; x_wconf 85' lang='grc' dir='ltr'>κληρο-</span> 
     </span>
     <span class='ocr_line' id='line_1_14' title="bbox 233 1973 1544 2060; baseline -0.003 -22"><span class='ocrx_word' id='word_1_113' title='bbox 233 1978 317 2054; x_wconf 81' lang='grc' dir='ltr'>νόμου</span> <span class='ocrx_word' id='word_1_114' title='bbox 341 1997 406 2053; x_wconf 90' lang='grc' dir='ltr'>μου·</span> <span class='ocrx_word' id='word_1_115' title='bbox 440 1977 478 2054; x_wconf 84' lang='grc' dir='ltr'>μὴ</span> <span class='ocrx_word' id='word_1_116' title='bbox 511 1975 680 2052; x_wconf 84' lang='grc' dir='ltr'>βουλομένου</span> <span class='ocrx_word' id='word_1_117' title='bbox 703 1973 781 2060; x_wconf 81' lang='lat'><em>33²),</em></span> <span class='ocrx_word' id='word_1_118' title='bbox 812 1977 827 2035; x_wconf 88' lang='lat'>3</span> <span class='ocrx_word' id='word_1_119' title='bbox 857 1975 1002 2052; x_wconf 80' lang='grc' dir='ltr'>οἰκονόμος</span> <span class='ocrx_word' id='word_1_120' title='bbox 1022 1977 1066 2040; x_wconf 88' lang='grc' dir='ltr'>ίνα</span> <span class='ocrx_word' id='word_1_121' title='bbox 1094 1977 1221 2059; x_wconf 84' lang='grc' dir='ltr'>διενεργῇ</span> <span class='ocrx_word' id='word_1_122' title='bbox 1245 1973 1284 2048; x_wconf 84' lang='grc' dir='ltr'>εἰς</span> <span class='ocrx_word' id='word_1_123' title='bbox 1306 1977 1355 2052; x_wconf 83' lang='grc' dir='ltr'>τήν</span> <span class='ocrx_word' id='word_1_124' title='bbox 1379 1976 1544 2054; x_wconf 79' lang='grc' dir='ltr'>μοναχικὴν</span> 
     </span>
     <span class='ocr_line' id='line_1_15' title="bbox 235 2091 1608 2270; baseline -0.001 -112"><span class='ocrx_word' id='word_1_125' title='bbox 235 2095 356 2171; x_wconf 78' lang='grc' dir='ltr'>σῦνταξιν</span> <span class='ocrx_word' id='word_1_126' title='bbox 379 2095 427 2158; x_wconf 91' lang='grc' dir='ltr'>καί</span> <span class='ocrx_word' id='word_1_127' title='bbox 448 2097 579 2178; x_wconf 85' lang='grc' dir='ltr'>ποιμαίνῃ</span> <span class='ocrx_word' id='word_1_128' title='bbox 602 2095 648 2158; x_wconf 88' lang='grc' dir='ltr'>καί</span> <span class='ocrx_word' id='word_1_129' title='bbox 673 2097 844 2179; x_wconf 84' lang='grc' dir='ltr'>διευθῦνῃ</span> <span class='ocrx_word' id='word_1_130' title='bbox 816 2119 851 2158; x_wconf 89' lang='grc' dir='ltr'>τα</span> <span class='ocrx_word' id='word_1_131' title='bbox 874 2097 914 2170; x_wconf 84' lang='grc' dir='ltr'>εἰς</span> <span class='ocrx_word' id='word_1_132' title='bbox 936 2098 1025 2177; x_wconf 84' lang='grc' dir='ltr'>ψυχὴν</span> <span class='ocrx_word' id='word_1_133' title='bbox 1047 2104 1101 2158; x_wconf 85' lang='grc' dir='ltr'>τῶν</span> <span class='ocrx_word' id='word_1_134' title='bbox 1125 2103 1256 2176; x_wconf 84' lang='grc' dir='ltr'>μοναχῶν</span> <span class='ocrx_word' id='word_1_135' title='bbox 1278 2103 1440 2176; x_wconf 84' lang='grc' dir='ltr'>κανονικῶς,</span> <span class='ocrx_word' id='word_1_136' title='bbox 1476 2097 1543 2157; x_wconf 82' lang='grc' dir='ltr'>ἐπί-</span> <span class='ocrx_word' id='word_1_137' title='bbox 1607 2091 1608 2270; x_wconf 84' lang='lat'>3</span> 
     </span>
     <span class='ocr_line' id='line_1_16' title="bbox 234 2219 1542 2301; baseline -0.002 -21"><span class='ocrx_word' id='word_1_138' title='bbox 234 2239 332 2300; x_wconf 90' lang='grc' dir='ltr'>κουρον</span> <span class='ocrx_word' id='word_1_139' title='bbox 356 2219 428 2298; x_wconf 86' lang='grc' dir='ltr'>ἔχων</span> <span class='ocrx_word' id='word_1_140' title='bbox 451 2219 521 2279; x_wconf 85' lang='grc' dir='ltr'>κατὰ</span> <span class='ocrx_word' id='word_1_141' title='bbox 544 2225 598 2279; x_wconf 86' lang='grc' dir='ltr'>τῶν</span> <span class='ocrx_word' id='word_1_142' title='bbox 621 2219 801 2279; x_wconf 75' lang='grc' dir='ltr'>ἀπειθούντων</span> <span class='ocrx_word' id='word_1_143' title='bbox 823 2221 868 2279; x_wconf 73' lang='grc' dir='ltr'>τόν</span> <span class='ocrx_word' id='word_1_144' title='bbox 890 2220 1065 2301; x_wconf 79' lang='grc' dir='ltr'>κληρονόμον</span> <span class='ocrx_word' id='word_1_145' title='bbox 1081 2241 1143 2298; x_wconf 87' lang='grc' dir='ltr'>μου,</span> <span class='ocrx_word' id='word_1_146' title='bbox 1167 2221 1206 2291; x_wconf 85' lang='grc' dir='ltr'>ὡς</span> <span class='ocrx_word' id='word_1_147' title='bbox 1220 2221 1357 2299; x_wconf 86' lang='grc' dir='ltr'>κίριον</span> <span class='ocrx_word' id='word_1_148' title='bbox 1325 2239 1377 2296; x_wconf 89' lang='grc' dir='ltr'>της</span> <span class='ocrx_word' id='word_1_149' title='bbox 1390 2225 1444 2278; x_wconf 84' lang='grc' dir='ltr'>τῶν</span> <span class='ocrx_word' id='word_1_150' title='bbox 1460 2219 1542 2278; x_wconf 77' lang='grc' dir='ltr'>ὅλων</span> 
     </span>
    </p>
   </div>
   <div class='ocr_carea' id='block_1_7' title="bbox 234 2335 1542 2425">
    <p class='ocr_par' dir='ltr' id='par_1_7' title="bbox 234 2335 1542 2425">
     <span class='ocr_line' id='line_1_17' title="bbox 234 2335 1542 2425; baseline -0.002 -23.965"><span class='ocrx_word' id='word_1_151' title='bbox 234 2341 365 2422; x_wconf 82' lang='grc' dir='ltr'>προνοίας</span> <span class='ocrx_word' id='word_1_152' title='bbox 387 2339 434 2400; x_wconf 90' lang='grc' dir='ltr'>καί</span> <span class='ocrx_word' id='word_1_153' title='bbox 457 2340 628 2420; x_wconf 80' lang='grc' dir='ltr'>διοικήσεως,</span> <span class='ocrx_word' id='word_1_154' title='bbox 651 2339 698 2400; x_wconf 92' lang='grc' dir='ltr'>καὶ</span> <span class='ocrx_word' id='word_1_155' title='bbox 722 2341 873 2412; x_wconf 81' lang='grc' dir='ltr'>ἐκεῖνος</span> <span class='ocrx_word' id='word_1_156' title='bbox 850 2363 900 2401; x_wconf 94' lang='grc' dir='ltr'>ουκ</span> <span class='ocrx_word' id='word_1_157' title='bbox 922 2342 1159 2420; x_wconf 86' lang='grc' dir='ltr'>ἀναγκασθήσεται</span> <span class='ocrx_word' id='word_1_158' title='bbox 1178 2343 1265 2401; x_wconf 85' lang='grc' dir='ltr'>ποιεῖν</span> <span class='ocrx_word' id='word_1_159' title='bbox 1281 2335 1490 2425; x_wconf 74' lang='grc' dir='ltr'>ἡγούμενονή</span> <span class='ocrx_word' id='word_1_160' title='bbox 1492 2339 1542 2400; x_wconf 77' lang='grc' dir='ltr'>κὶα</span> 
     </span>
    </p>
   </div>
   <div class='ocr_carea' id='block_1_8' title="bbox 234 2582 1608 2788">
    <p class='ocr_par' dir='ltr' id='par_1_8' title="bbox 234 2582 1608 2786">
     <span class='ocr_line' id='line_1_18' title="bbox 236 2582 1539 2666; baseline -0.005 -21"><span class='ocrx_word' id='word_1_161' title='bbox 236 2586 479 2665; x_wconf 84' lang='grc' dir='ltr'>μεμαρτυρημένος</span> <span class='ocrx_word' id='word_1_162' title='bbox 500 2583 547 2644; x_wconf 90' lang='grc' dir='ltr'>καί</span> <span class='ocrx_word' id='word_1_163' title='bbox 570 2585 710 2657; x_wconf 82' lang='grc' dir='ltr'>ταπεινός·</span> <span class='ocrx_word' id='word_1_164' title='bbox 682 2585 831 2660; x_wconf 90' lang='grc' dir='ltr'>ςταῦτην</span> <span class='ocrx_word' id='word_1_165' title='bbox 853 2585 908 2666; x_wconf 82' lang='grc' dir='ltr'>γὰρ</span> <span class='ocrx_word' id='word_1_166' title='bbox 929 2587 1039 2665; x_wconf 82' lang='grc' dir='ltr'>πρώτην</span> <span class='ocrx_word' id='word_1_167' title='bbox 1062 2585 1161 2664; x_wconf 79' lang='grc' dir='ltr'>ἀρετὴν</span> <span class='ocrx_word' id='word_1_168' title='bbox 1184 2583 1276 2664; x_wconf 82' lang='grc' dir='ltr'>κρίνω,</span> <span class='ocrx_word' id='word_1_169' title='bbox 1300 2582 1347 2644; x_wconf 89' lang='grc' dir='ltr'>καί</span> <span class='ocrx_word' id='word_1_170' title='bbox 1370 2585 1385 2642; x_wconf 95' lang='lat'>3</span> <span class='ocrx_word' id='word_1_171' title='bbox 1405 2584 1443 2658; x_wconf 83' lang='grc' dir='ltr'>μὴ</span> <span class='ocrx_word' id='word_1_172' title='bbox 1460 2583 1539 2661; x_wconf 80' lang='grc' dir='ltr'>ἔχων</span> 
     </span>
     <span class='ocr_line' id='line_1_19' title="bbox 234 2703 1608 2788; baseline 0.001 -22"><span class='ocrx_word' id='word_1_173' title='bbox 234 2705 403 2786; x_wconf 76' lang='grc' dir='ltr'>ταπείνωσιν,</span> <span class='ocrx_word' id='word_1_174' title='bbox 426 2707 478 2768; x_wconf 81' lang='grc' dir='ltr'>κάν</span> <span class='ocrx_word' id='word_1_175' title='bbox 501 2705 613 2784; x_wconf 75' lang='grc' dir='ltr'>νεκροὺς</span> <span class='ocrx_word' id='word_1_176' title='bbox 636 2705 739 2788; x_wconf 86' lang='grc' dir='ltr'>άνιστφί,</span> <span class='ocrx_word' id='word_1_177' title='bbox 762 2705 997 2781; x_wconf 80' lang='grc' dir='ltr'>ἀποδοκιμαστέος</span> <span class='ocrx_word' id='word_1_178' title='bbox 1021 2706 1089 2765; x_wconf 81' lang='grc' dir='ltr'>ἔστω</span> <span class='ocrx_word' id='word_1_179' title='bbox 1112 2705 1158 2766; x_wconf 89' lang='grc' dir='ltr'>καὶ</span> <span class='ocrx_word' id='word_1_180' title='bbox 1182 2705 1235 2765; x_wconf 82' lang='grc' dir='ltr'>ἀπό</span> <span class='ocrx_word' id='word_1_181' title='bbox 1221 2705 1354 2782; x_wconf 86' lang='grc' dir='ltr'>όβλητος·</span> <span class='ocrx_word' id='word_1_182' title='bbox 1383 2703 1460 2764; x_wconf 89' lang='grc' dir='ltr'>θέλω</span> <span class='ocrx_word' id='word_1_183' title='bbox 1482 2705 1539 2782; x_wconf 77' lang='grc' dir='ltr'>γὰρ</span> <span class='ocrx_word' id='word_1_184' title='bbox 1607 2723 1608 2768; x_wconf 81' lang='grc' dir='ltr'>ι</span> 
     </span>
    </p>
   </div>
   <div class='ocr_carea' id='block_1_9' title="bbox 236 2163 1608 2812">
    <p class='ocr_par' dir='ltr' id='par_1_9' title="bbox 236 2163 1608 2812">
     <span class='ocr_line' id='line_1_20' title="bbox 1607 2163 1608 2228; baseline 0 0"><span class='ocrx_word' id='word_1_185' title='bbox 1607 2163 1608 2228; x_wconf 77' lang='grc' dir='ltr'>ί</span> 
     </span>
     <span class='ocr_line' id='line_1_21' title="bbox 236 2459 1540 2547; baseline -0.001 -24"><span class='ocrx_word' id='word_1_186' title='bbox 236 2459 429 2547; x_wconf 74' lang='grc' dir='ltr'>βοῦλομαι]3,)</span> <span class='ocrx_word' id='word_1_187' title='bbox 459 2462 505 2522; x_wconf 84' lang='grc' dir='ltr'>ἵνα</span> <span class='ocrx_word' id='word_1_188' title='bbox 533 2461 749 2544; x_wconf 89' lang='grc' dir='ltr'>προκρίνηται</span> <span class='ocrx_word' id='word_1_189' title='bbox 736 2463 788 2522; x_wconf 81' lang='grc' dir='ltr'>ατο</span> <span class='ocrx_word' id='word_1_190' title='bbox 810 2469 864 2522; x_wconf 85' lang='grc' dir='ltr'>τῶν</span> <span class='ocrx_word' id='word_1_191' title='bbox 896 2469 1026 2541; x_wconf 84' lang='grc' dir='ltr'>μοναχῶν</span> <span class='ocrx_word' id='word_1_192' title='bbox 1048 2463 1098 2522; x_wconf 90' lang='lat'>3</span> <span class='ocrx_word' id='word_1_193' title='bbox 1087 2463 1129 2522; x_wconf 90' lang='grc' dir='ltr'>επ’</span> <span class='ocrx_word' id='word_1_194' title='bbox 1142 2462 1231 2534; x_wconf 84' lang='grc' dir='ltr'>εῦλαβ</span> <span class='ocrx_word' id='word_1_195' title='bbox 1234 2463 1276 2544; x_wconf 80' lang='grc' dir='ltr'>είᾳ</span> <span class='ocrx_word' id='word_1_196' title='bbox 1304 2461 1353 2522; x_wconf 90' lang='grc' dir='ltr'>καί</span> <span class='ocrx_word' id='word_1_197' title='bbox 1374 2461 1449 2542; x_wconf 83' lang='grc' dir='ltr'>φόβῳ</span> <span class='ocrx_word' id='word_1_198' title='bbox 1472 2463 1540 2522; x_wconf 91' lang='grc' dir='ltr'>θεοῦ</span> 
     </span>
     <span class='ocr_line' id='line_1_22' title="bbox 1607 2623 1608 2666; baseline 0 -8"><span class='ocrx_word' id='word_1_199' title='bbox 1607 2623 1608 2666; x_wconf 89' lang='lat'>3</span> 
     </span>
     <span class='ocr_line' id='line_1_23' title="bbox 1607 2771 1608 2812; baseline 0 0"><span class='ocrx_word' id='word_1_200' title='bbox 1607 2771 1608 2812; x_wconf 82' lang='grc' dir='ltr'>ι</span> 
     </span>
    </p>
   </div>
   <div class='ocr_carea' id='block_1_10' title="bbox 236 2827 1608 4486">
    <p class='ocr_par' dir='ltr' id='par_1_10' title="bbox 236 2813 1608 3394">
     <span class='ocr_line' id='line_1_24' title="bbox 236 2827 1538 2909; baseline -0.003 -21"><span class='ocrx_word' id='word_1_201' title='bbox 236 2828 381 2905; x_wconf 78' lang='grc' dir='ltr'>τοῦτην</span> <span class='ocrx_word' id='word_1_202' title='bbox 356 2848 405 2903; x_wconf 87' lang='grc' dir='ltr'>την</span> <span class='ocrx_word' id='word_1_203' title='bbox 428 2827 563 2907; x_wconf 80' lang='grc' dir='ltr'>ἀρετήν</span> <span class='ocrx_word' id='word_1_204' title='bbox 552 2847 580 2886; x_wconf 91' lang='grc' dir='ltr'>εν</span> <span class='ocrx_word' id='word_1_205' title='bbox 603 2827 642 2906; x_wconf 82' lang='grc' dir='ltr'>τῷ</span> <span class='ocrx_word' id='word_1_206' title='bbox 664 2831 751 2888; x_wconf 81' lang='grc' dir='ltr'>τοῦι</span> <span class='ocrx_word' id='word_1_207' title='bbox 732 2828 951 2909; x_wconf 89' lang='grc' dir='ltr'>πτωχοτροφείου</span> <span class='ocrx_word' id='word_1_208' title='bbox 975 2827 1144 2906; x_wconf 88' lang='grc' dir='ltr'>μοναοτηρίῳ</span> <span class='ocrx_word' id='word_1_209' title='bbox 1168 2847 1219 2902; x_wconf 92' lang='grc' dir='ltr'>μου</span> <span class='ocrx_word' id='word_1_210' title='bbox 1241 2827 1306 2886; x_wconf 86' lang='grc' dir='ltr'>τὰ</span> <span class='ocrx_word' id='word_1_211' title='bbox 1295 2828 1416 2906; x_wconf 84' lang='grc' dir='ltr'>πρωτεῖα</span> <span class='ocrx_word' id='word_1_212' title='bbox 1436 2827 1538 2905; x_wconf 90' lang='grc' dir='ltr'>φέρειν.</span> 
     </span>
     <span class='ocr_line' id='line_1_25' title="bbox 237 2943 1539 3030; baseline -0.001 -20"><span class='ocrx_word' id='word_1_213' title='bbox 237 2947 284 3010; x_wconf 87' lang='grc' dir='ltr'>καί</span> <span class='ocrx_word' id='word_1_214' title='bbox 306 2951 464 3030; x_wconf 89' lang='grc' dir='ltr'>παράγηται</span> <span class='ocrx_word' id='word_1_215' title='bbox 485 2949 524 3028; x_wconf 80' lang='grc' dir='ltr'>τῷ</span> <span class='ocrx_word' id='word_1_216' title='bbox 547 2949 714 3029; x_wconf 82' lang='grc' dir='ltr'>κληρονόμῳ</span> <span class='ocrx_word' id='word_1_217' title='bbox 738 2970 789 3025; x_wconf 87' lang='grc' dir='ltr'>μου</span> <span class='ocrx_word' id='word_1_218' title='bbox 811 2947 858 3010; x_wconf 90' lang='grc' dir='ltr'>καὶ</span> <span class='ocrx_word' id='word_1_219' title='bbox 879 2943 1135 3030; x_wconf 84' lang='grc' dir='ltr'>προχειρίζητοιι</span> <span class='ocrx_word' id='word_1_220' title='bbox 1106 2969 1184 3021; x_wconf 91' lang='grc' dir='ltr'>ουτος</span> <span class='ocrx_word' id='word_1_221' title='bbox 1205 2950 1269 3028; x_wconf 87' lang='grc' dir='ltr'>παρ’</span> <span class='ocrx_word' id='word_1_222' title='bbox 1283 2947 1330 3008; x_wconf 86' lang='grc' dir='ltr'>έκε</span> <span class='ocrx_word' id='word_1_223' title='bbox 1333 2948 1396 3024; x_wconf 90' lang='grc' dir='ltr'>ίνου,</span> <span class='ocrx_word' id='word_1_224' title='bbox 1419 2954 1454 3029; x_wconf 80' lang='grc' dir='ltr'>τῇ</span> <span class='ocrx_word' id='word_1_225' title='bbox 1475 2948 1539 3008; x_wconf 89' lang='grc' dir='ltr'>έπι-</span> 
     </span>
     <span class='ocr_line' id='line_1_26' title="bbox 237 3067 1540 3154; baseline -0.003 -22"><span class='ocrx_word' id='word_1_226' title='bbox 237 3072 311 3154; x_wconf 82' lang='grc' dir='ltr'>λογη</span> <span class='ocrx_word' id='word_1_227' title='bbox 343 3070 473 3146; x_wconf 86' lang='grc' dir='ltr'>δηλονότι</span> <span class='ocrx_word' id='word_1_228' title='bbox 502 3069 556 3130; x_wconf 81' lang='grc' dir='ltr'>τῶν</span> <span class='ocrx_word' id='word_1_229' title='bbox 588 3077 728 3150; x_wconf 86' lang='grc' dir='ltr'>μονοχῶν,</span> <span class='ocrx_word' id='word_1_230' title='bbox 760 3068 995 3149; x_wconf 84' lang='grc' dir='ltr'>ἀγωνοθετοῦντος</span> <span class='ocrx_word' id='word_1_231' title='bbox 1025 3072 1104 3131; x_wconf 84' lang='grc' dir='ltr'>αῦτοῦ</span> <span class='ocrx_word' id='word_1_232' title='bbox 1133 3069 1179 3129; x_wconf 90' lang='grc' dir='ltr'>καὶ</span> <span class='ocrx_word' id='word_1_233' title='bbox 1210 3071 1310 3148; x_wconf 85' lang='grc' dir='ltr'>οἰορεοκ</span> <span class='ocrx_word' id='word_1_234' title='bbox 1312 3071 1404 3144; x_wconf 87' lang='grc' dir='ltr'>μένου.</span> <span class='ocrx_word' id='word_1_235' title='bbox 1451 3067 1474 3128; x_wconf 88' lang='grc' dir='ltr'>εἰ</span> <span class='ocrx_word' id='word_1_236' title='bbox 1508 3068 1540 3128; x_wconf 87' lang='grc' dir='ltr'>δέ</span> 
     </span>
     <span class='ocr_line' id='line_1_27' title="bbox 239 3190 1539 3273; baseline -0.004 -20"><span class='ocrx_word' id='word_1_237' title='bbox 239 3193 363 3270; x_wconf 74' lang='grc' dir='ltr'>διχόνοια</span> <span class='ocrx_word' id='word_1_238' title='bbox 385 3195 499 3272; x_wconf 89' lang='grc' dir='ltr'>γένηται</span> <span class='ocrx_word' id='word_1_239' title='bbox 520 3191 582 3272; x_wconf 84' lang='grc' dir='ltr'>περὶ</span> <span class='ocrx_word' id='word_1_240' title='bbox 605 3194 704 3272; x_wconf 81' lang='grc' dir='ltr'>ἀρετῆς</span> <span class='ocrx_word' id='word_1_241' title='bbox 727 3191 815 3252; x_wconf 87' lang='grc' dir='ltr'>δῦοπ</span> <span class='ocrx_word' id='word_1_242' title='bbox 796 3194 957 3272; x_wconf 83' lang='grc' dir='ltr'>προσώπων,</span> <span class='ocrx_word' id='word_1_243' title='bbox 988 3193 1032 3251; x_wconf 85' lang='grc' dir='ltr'>ἵνα</span> <span class='ocrx_word' id='word_1_244' title='bbox 1055 3195 1210 3273; x_wconf 88' lang='grc' dir='ltr'>γράφωνται</span> <span class='ocrx_word' id='word_1_245' title='bbox 1233 3190 1261 3250; x_wconf 91' lang='grc' dir='ltr'>αἰ</span> <span class='ocrx_word' id='word_1_246' title='bbox 1283 3191 1427 3267; x_wconf 77' lang='grc' dir='ltr'>ὀνομασίαι</span> <span class='ocrx_word' id='word_1_247' title='bbox 1450 3191 1539 3250; x_wconf 79' lang='grc' dir='ltr'>αῦτῶν</span> 
     </span>
     <span class='ocr_line' id='line_1_28' title="bbox 239 3311 1540 3396; baseline -0.002 -23"><span class='ocrx_word' id='word_1_248' title='bbox 239 3313 268 3373; x_wconf 85' lang='grc' dir='ltr'>έν</span> <span class='ocrx_word' id='word_1_249' title='bbox 293 3311 351 3372; x_wconf 92' lang='grc' dir='ltr'>δυσὶ</span> <span class='ocrx_word' id='word_1_250' title='bbox 382 3311 527 3391; x_wconf 88' lang='grc' dir='ltr'>τεμαχίοις</span> <span class='ocrx_word' id='word_1_251' title='bbox 556 3316 658 3394; x_wconf 89' lang='grc' dir='ltr'>χάρτου</span> <span class='ocrx_word' id='word_1_252' title='bbox 680 3312 728 3373; x_wconf 91' lang='grc' dir='ltr'>καί</span> <span class='ocrx_word' id='word_1_253' title='bbox 758 3313 1024 3394; x_wconf 68' lang='grc' dir='ltr'>άποτίθωνται4)τῆ</span> <span class='ocrx_word' id='word_1_254' title='bbox 1047 3312 1112 3396; x_wconf 83' lang='grc' dir='ltr'>ἁγίᾳ</span> <span class='ocrx_word' id='word_1_255' title='bbox 1142 3315 1262 3392; x_wconf 78' lang='grc' dir='ltr'>τραπέζῃ</span> <span class='ocrx_word' id='word_1_256' title='bbox 1285 3317 1331 3373; x_wconf 90' lang='grc' dir='ltr'>τοῦ</span> <span class='ocrx_word' id='word_1_257' title='bbox 1353 3313 1540 3392; x_wconf 82' lang='grc' dir='ltr'>θυσιαστηρίου</span> 
     </span>
    </p>

    <p class='ocr_par' dir='ltr' id='par_1_11' title="bbox 239 3431 1608 4002">
     <span class='ocr_line' id='line_1_29' title="bbox 239 3431 1608 3515; baseline -0.003 -21"><span class='ocrx_word' id='word_1_258' title='bbox 239 3438 286 3496; x_wconf 92' lang='grc' dir='ltr'>τοῦ</span> <span class='ocrx_word' id='word_1_259' title='bbox 308 3439 373 3495; x_wconf 84' lang='grc' dir='ltr'>ναοῦ</span> <span class='ocrx_word' id='word_1_260' title='bbox 396 3433 443 3494; x_wconf 90' lang='grc' dir='ltr'>καὶ</span> <span class='ocrx_word' id='word_1_261' title='bbox 465 3435 686 3515; x_wconf 84' lang='grc' dir='ltr'>λειτουργῶνται,</span> <span class='ocrx_word' id='word_1_262' title='bbox 717 3434 764 3494; x_wconf 88' lang='grc' dir='ltr'>καὶ</span> <span class='ocrx_word' id='word_1_263' title='bbox 787 3433 984 3514; x_wconf 83' lang='grc' dir='ltr'>εἰσέρχηται</span> <span class='ocrx_word' id='word_1_264' title='bbox 965 3435 1042 3494; x_wconf 85' lang='grc' dir='ltr'>παιδί</span> <span class='ocrx_word' id='word_1_265' title='bbox 1033 3455 1072 3494; x_wconf 92' lang='grc' dir='ltr'>ον</span> <span class='ocrx_word' id='word_1_266' title='bbox 1096 3436 1178 3513; x_wconf 84' lang='grc' dir='ltr'>ἁγνόν</span> <span class='ocrx_word' id='word_1_267' title='bbox 1200 3433 1247 3494; x_wconf 81' lang='grc' dir='ltr'>καὶ</span> <span class='ocrx_word' id='word_1_268' title='bbox 1271 3435 1374 3495; x_wconf 89' lang='grc' dir='ltr'>οἰκακον</span> <span class='ocrx_word' id='word_1_269' title='bbox 1397 3431 1445 3493; x_wconf 89' lang='grc' dir='ltr'>καί</span> <span class='ocrx_word' id='word_1_270' title='bbox 1468 3433 1538 3492; x_wconf 72' lang='lat'><em>3333-</em></span> <span class='ocrx_word' id='word_1_271' title='bbox 1607 3435 1608 3468; x_wconf 71' lang='lat'>³</span> 
     </span>
     <span class='ocr_line' id='line_1_30' title="bbox 239 3535 1608 3638; baseline -0.001 -21"><span class='ocrx_word' id='word_1_272' title='bbox 239 3557 419 3632; x_wconf 89' lang='grc' dir='ltr'>λαμβάνηται</span> <span class='ocrx_word' id='word_1_273' title='bbox 441 3558 471 3616; x_wconf 82' lang='grc' dir='ltr'>τό</span> <span class='ocrx_word' id='word_1_274' title='bbox 494 3558 524 3615; x_wconf 81' lang='grc' dir='ltr'>ἓν</span> <span class='ocrx_word' id='word_1_275' title='bbox 553 3555 666 3635; x_wconf 85' lang='grc' dir='ltr'>χαρτίον</span> <span class='ocrx_word' id='word_1_276' title='bbox 688 3553 735 3616; x_wconf 89' lang='grc' dir='ltr'>καὶ</span> <span class='ocrx_word' id='word_1_277' title='bbox 766 3552 864 3638; x_wconf 72' lang='grc' dir='ltr'>ἐξάγῃ,</span> <span class='ocrx_word' id='word_1_278' title='bbox 895 3555 942 3616; x_wconf 90' lang='grc' dir='ltr'>καὶ</span> <span class='ocrx_word' id='word_1_279' title='bbox 972 3551 1074 3627; x_wconf 78' lang='grc' dir='ltr'>οὗτινος</span> <span class='ocrx_word' id='word_1_280' title='bbox 1096 3556 1228 3632; x_wconf 90' lang='grc' dir='ltr'>όνομαοία</span> <span class='ocrx_word' id='word_1_281' title='bbox 1252 3557 1359 3637; x_wconf 75' lang='grc' dir='ltr'>εὑρεθῇ,</span> <span class='ocrx_word' id='word_1_282' title='bbox 1391 3552 1469 3627; x_wconf 78' lang='grc' dir='ltr'>ἄξιος</span> <span class='ocrx_word' id='word_1_283' title='bbox 1489 3562 1539 3630; x_wconf 79' lang='grc' dir='ltr'>τῆς</span> <span class='ocrx_word' id='word_1_284' title='bbox 1607 3535 1608 3574; x_wconf 52' lang='lat'><em>3</em></span> 
     </span>
     <span class='ocr_line' id='line_1_31' title="bbox 240 3676 1608 3757; baseline -0.001 -19"><span class='ocrx_word' id='word_1_285' title='bbox 240 3676 399 3753; x_wconf 87' lang='grc' dir='ltr'>οἰκονομίας</span> <span class='ocrx_word' id='word_1_286' title='bbox 414 3676 461 3737; x_wconf 85' lang='grc' dir='ltr'>καί</span> <span class='ocrx_word' id='word_1_287' title='bbox 475 3683 525 3752; x_wconf 84' lang='grc' dir='ltr'>τής</span> <span class='ocrx_word' id='word_1_288' title='bbox 539 3677 722 3756; x_wconf 84' lang='grc' dir='ltr'>ήγουμενείας</span> <span class='ocrx_word' id='word_1_289' title='bbox 737 3677 890 3756; x_wconf 74' lang='grc' dir='ltr'>λογίζηται,</span> <span class='ocrx_word' id='word_1_290' title='bbox 906 3676 1101 3757; x_wconf 84' lang='grc' dir='ltr'>προχειρίσεως</span> <span class='ocrx_word' id='word_1_291' title='bbox 1116 3679 1264 3756; x_wconf 90' lang='grc' dir='ltr'>γινομένης</span> <span class='ocrx_word' id='word_1_292' title='bbox 1278 3677 1354 3756; x_wconf 75' lang='grc' dir='ltr'>παρὰ</span> <span class='ocrx_word' id='word_1_293' title='bbox 1368 3681 1414 3736; x_wconf 91' lang='grc' dir='ltr'>τοῦ</span> <span class='ocrx_word' id='word_1_294' title='bbox 1430 3677 1538 3756; x_wconf 79' lang='grc' dir='ltr'>κληρο-</span> <span class='ocrx_word' id='word_1_295' title='bbox 1607 3681 1608 3702; x_wconf 67' lang='lat'>¹</span> 
     </span>
     <span class='ocr_line' id='line_1_32' title="bbox 240 3797 1539 3880; baseline -0.001 -22"><span class='ocrx_word' id='word_1_296' title='bbox 240 3799 324 3876; x_wconf 83' lang='grc' dir='ltr'>νόμου</span> <span class='ocrx_word' id='word_1_297' title='bbox 348 3820 409 3880; x_wconf 91' lang='grc' dir='ltr'>μου,</span> <span class='ocrx_word' id='word_1_298' title='bbox 439 3800 568 3880; x_wconf 81' lang='grc' dir='ltr'>πρότερον</span> <span class='ocrx_word' id='word_1_299' title='bbox 596 3801 777 3879; x_wconf 87' lang='grc' dir='ltr'>πληροφορῶν</span> <span class='ocrx_word' id='word_1_300' title='bbox 806 3800 921 3858; x_wconf 82' lang='grc' dir='ltr'>ἐνώπιον</span> <span class='ocrx_word' id='word_1_301' title='bbox 948 3803 994 3859; x_wconf 90' lang='grc' dir='ltr'>τοῦ</span> <span class='ocrx_word' id='word_1_302' title='bbox 1022 3801 1084 3859; x_wconf 90' lang='grc' dir='ltr'>θεοῦ</span> <span class='ocrx_word' id='word_1_303' title='bbox 1106 3798 1152 3859; x_wconf 91' lang='grc' dir='ltr'>καὶ</span> <span class='ocrx_word' id='word_1_304' title='bbox 1174 3797 1228 3858; x_wconf 79' lang='grc' dir='ltr'>τῶν</span> <span class='ocrx_word' id='word_1_305' title='bbox 1257 3805 1398 3878; x_wconf 81' lang='grc' dir='ltr'>μοναχῶν,</span> <span class='ocrx_word' id='word_1_306' title='bbox 1430 3801 1470 3858; x_wconf 86' lang='grc' dir='ltr'>ότι</span> <span class='ocrx_word' id='word_1_307' title='bbox 1491 3799 1539 3871; x_wconf 70' lang='grc' dir='ltr'>τὰς</span> 
     </span>
     <span class='ocr_line' id='line_1_33' title="bbox 242 3917 1538 4002; baseline 0 -22"><span class='ocrx_word' id='word_1_308' title='bbox 242 3922 312 3997; x_wconf 83' lang='grc' dir='ltr'>ἐμὰς</span> <span class='ocrx_word' id='word_1_309' title='bbox 335 3921 452 3993; x_wconf 83' lang='grc' dir='ltr'>ἐντολὰς</span> <span class='ocrx_word' id='word_1_310' title='bbox 473 3925 585 4002; x_wconf 87' lang='grc' dir='ltr'>τηρήσει</span> <span class='ocrx_word' id='word_1_311' title='bbox 607 3920 654 3980; x_wconf 88' lang='grc' dir='ltr'>καί</span> <span class='ocrx_word' id='word_1_312' title='bbox 677 3917 813 3993; x_wconf 82' lang='grc' dir='ltr'>διατάξεις</span> <span class='ocrx_word' id='word_1_313' title='bbox 836 3923 889 3994; x_wconf 81' lang='grc' dir='ltr'>ἕως</span> <span class='ocrx_word' id='word_1_314' title='bbox 910 3923 1052 3997; x_wconf 84' lang='grc' dir='ltr'>τελευτῆς.</span> <span class='ocrx_word' id='word_1_315' title='bbox 1083 3922 1113 3980; x_wconf 77' lang='grc' dir='ltr'>τό</span> <span class='ocrx_word' id='word_1_316' title='bbox 1137 3923 1201 3981; x_wconf 82' lang='grc' dir='ltr'>αἰιτδ</span> <span class='ocrx_word' id='word_1_317' title='bbox 1224 3921 1256 3980; x_wconf 86' lang='grc' dir='ltr'>δὲ</span> <span class='ocrx_word' id='word_1_318' title='bbox 1278 3919 1325 3980; x_wconf 90' lang='grc' dir='ltr'>καί</span> <span class='ocrx_word' id='word_1_319' title='bbox 1350 3919 1394 3980; x_wconf 83' lang='grc' dir='ltr'>ἐπὶ</span> <span class='ocrx_word' id='word_1_320' title='bbox 1409 3926 1462 3980; x_wconf 86' lang='grc' dir='ltr'>τῶν</span> <span class='ocrx_word' id='word_1_321' title='bbox 1478 3921 1538 3980; x_wconf 87' lang='grc' dir='ltr'>διοι-</span> 
     </span>
    </p>

    <p class='ocr_par' dir='ltr' id='par_1_12' title="bbox 240 4039 1536 4124">
     <span class='ocr_line' id='line_1_34' title="bbox 240 4039 1536 4124; baseline -0.003 -20"><span class='ocrx_word' id='word_1_322' title='bbox 240 4040 362 4119; x_wconf 81' lang='grc' dir='ltr'>κονητῶν</span> <span class='ocrx_word' id='word_1_323' title='bbox 386 4043 461 4104; x_wconf 81' lang='grc' dir='ltr'>ἔσται</span> <span class='ocrx_word' id='word_1_324' title='bbox 475 4039 522 4102; x_wconf 89' lang='grc' dir='ltr'>καί</span> <span class='ocrx_word' id='word_1_325' title='bbox 537 4043 622 4115; x_wconf 91' lang='grc' dir='ltr'>οῦτως</span> <span class='ocrx_word' id='word_1_326' title='bbox 635 4042 707 4102; x_wconf 78' lang='grc' dir='ltr'>κατὰ</span> <span class='ocrx_word' id='word_1_327' title='bbox 730 4040 863 4120; x_wconf 85' lang='grc' dir='ltr'>διαδοχὴν</span> <span class='ocrx_word' id='word_1_328' title='bbox 887 4044 901 4102; x_wconf 89' lang='lat'>3</span> <span class='ocrx_word' id='word_1_329' title='bbox 916 4047 1035 4116; x_wconf 89' lang='grc' dir='ltr'>τοιοῦτος</span> <span class='ocrx_word' id='word_1_330' title='bbox 1055 4044 1167 4124; x_wconf 82' lang='grc' dir='ltr'>ὁρισμός</span> <span class='ocrx_word' id='word_1_331' title='bbox 1183 4064 1234 4118; x_wconf 90' lang='grc' dir='ltr'>μου</span> <span class='ocrx_word' id='word_1_332' title='bbox 1251 4043 1405 4103; x_wconf 89' lang='grc' dir='ltr'>διατελέσει</span> <span class='ocrx_word' id='word_1_333' title='bbox 1420 4047 1536 4122; x_wconf 83' lang='grc' dir='ltr'>κρατῶν,</span> 
     </span>
    </p>

    <p class='ocr_par' dir='ltr' id='par_1_13' title="bbox 242 4161 1608 4486">
     <span class='ocr_line' id='line_1_35' title="bbox 242 4161 1608 4244; baseline -0.004 -20"><span class='ocrx_word' id='word_1_334' title='bbox 242 4163 290 4224; x_wconf 86' lang='grc' dir='ltr'>καὶ</span> <span class='ocrx_word' id='word_1_335' title='bbox 312 4165 361 4225; x_wconf 85' lang='grc' dir='ltr'>οἰικ</span> <span class='ocrx_word' id='word_1_336' title='bbox 391 4161 558 4239; x_wconf 81' lang='grc' dir='ltr'>ἐξωθήσετσιι</span> <span class='ocrx_word' id='word_1_337' title='bbox 579 4168 630 4240; x_wconf 75' lang='grc' dir='ltr'>της</span> <span class='ocrx_word' id='word_1_338' title='bbox 659 4162 842 4242; x_wconf 84' lang='grc' dir='ltr'>ήγουμενείας</span> <span class='ocrx_word' id='word_1_339' title='bbox 864 4165 879 4222; x_wconf 90' lang='lat'>3</span> <span class='ocrx_word' id='word_1_340' title='bbox 901 4165 1054 4244; x_wconf 80' lang='grc' dir='ltr'>ἡγούμενος</span> <span class='ocrx_word' id='word_1_341' title='bbox 1077 4169 1095 4238; x_wconf 85' lang='grc' dir='ltr'>ή</span> <span class='ocrx_word' id='word_1_342' title='bbox 1119 4165 1133 4222; x_wconf 88' lang='lat'>3</span> <span class='ocrx_word' id='word_1_343' title='bbox 1157 4163 1312 4244; x_wconf 86' lang='grc' dir='ltr'>οἰκονόμος,</span> <span class='ocrx_word' id='word_1_344' title='bbox 1344 4163 1369 4223; x_wconf 88' lang='grc' dir='ltr'>εἰ</span> <span class='ocrx_word' id='word_1_345' title='bbox 1391 4167 1429 4239; x_wconf 90' lang='grc' dir='ltr'>μή</span> <span class='ocrx_word' id='word_1_346' title='bbox 1452 4185 1486 4242; x_wconf 93' lang='grc' dir='ltr'>γε</span> <span class='ocrx_word' id='word_1_347' title='bbox 1509 4165 1536 4224; x_wconf 83' lang='grc' dir='ltr'>ἐν</span> <span class='ocrx_word' id='word_1_348' title='bbox 1607 4201 1608 4218; x_wconf 54' lang='grc' dir='ltr'>ι</span> 
     </span>
     <span class='ocr_line' id='line_1_36' title="bbox 242 4283 1608 4368; baseline -0.001 -22"><span class='ocrx_word' id='word_1_349' title='bbox 242 4285 389 4368; x_wconf 84' lang='grc' dir='ltr'>οίφιδήποτε</span> <span class='ocrx_word' id='word_1_350' title='bbox 413 4285 515 4364; x_wconf 81' lang='grc' dir='ltr'>αἱρέσει</span> <span class='ocrx_word' id='word_1_351' title='bbox 538 4289 556 4361; x_wconf 81' lang='grc' dir='ltr'><strong>ἢ</strong></span> <span class='ocrx_word' id='word_1_352' title='bbox 577 4287 702 4361; x_wconf 84' lang='grc' dir='ltr'>πτώματι</span> <span class='ocrx_word' id='word_1_353' title='bbox 718 4293 853 4365; x_wconf 82' lang='grc' dir='ltr'>σαρκικῶν</span> <span class='ocrx_word' id='word_1_354' title='bbox 869 4287 962 4344; x_wconf 84' lang='grc' dir='ltr'>παθῶν</span> <span class='ocrx_word' id='word_1_355' title='bbox 979 4286 1086 4367; x_wconf 83' lang='grc' dir='ltr'>άλωθῇ,</span> <span class='ocrx_word' id='word_1_356' title='bbox 1109 4289 1127 4360; x_wconf 80' lang='grc' dir='ltr'>ἢ</span> <span class='ocrx_word' id='word_1_357' title='bbox 1146 4286 1271 4367; x_wconf 78' lang='grc' dir='ltr'>ἐλεγχθῇ</span> <span class='ocrx_word' id='word_1_358' title='bbox 1288 4291 1410 4366; x_wconf 84' lang='grc' dir='ltr'>φανερῶς</span> <span class='ocrx_word' id='word_1_359' title='bbox 1426 4283 1537 4366; x_wconf 79' lang='grc' dir='ltr'>δολερδς</span> <span class='ocrx_word' id='word_1_360' title='bbox 1607 4323 1608 4334; x_wconf 47' lang='grc' dir='ltr'>τ</span> 
     </span>
     <span class='ocr_line' id='line_1_37' title="bbox 242 4403 1536 4486; baseline -0.001 -18"><span class='ocrx_word' id='word_1_361' title='bbox 242 4411 260 4485; x_wconf 81' lang='grc' dir='ltr'>ἢ</span> <span class='ocrx_word' id='word_1_362' title='bbox 283 4408 448 4482; x_wconf 84' lang='grc' dir='ltr'>λυμαντικδς</span> <span class='ocrx_word' id='word_1_363' title='bbox 470 4411 488 4483; x_wconf 82' lang='lat'>3</span> <span class='ocrx_word' id='word_1_364' title='bbox 510 4408 716 4486; x_wconf 78' lang='grc' dir='ltr'>καταφρονητὴς</span> <span class='ocrx_word' id='word_1_365' title='bbox 738 4412 792 4466; x_wconf 86' lang='grc' dir='ltr'>τῶν</span> <span class='ocrx_word' id='word_1_366' title='bbox 815 4405 896 4466; x_wconf 90' lang='grc' dir='ltr'>θείων</span> <span class='ocrx_word' id='word_1_367' title='bbox 920 4403 1088 4485; x_wconf 80' lang='grc' dir='ltr'>δοξολογιιῦν</span> <span class='ocrx_word' id='word_1_368' title='bbox 1111 4405 1158 4466; x_wconf 86' lang='grc' dir='ltr'>καὶ</span> <span class='ocrx_word' id='word_1_369' title='bbox 1177 4414 1228 4484; x_wconf 84' lang='grc' dir='ltr'>τῆς</span> <span class='ocrx_word' id='word_1_370' title='bbox 1242 4411 1288 4466; x_wconf 91' lang='grc' dir='ltr'>τοῦ</span> <span class='ocrx_word' id='word_1_371' title='bbox 1303 4408 1367 4466; x_wconf 89' lang='grc' dir='ltr'>θεοῦ</span> <span class='ocrx_word' id='word_1_372' title='bbox 1391 4405 1536 4484; x_wconf 85' lang='grc' dir='ltr'>ἐκκλησίας</span> 
     </span>
    </p>
   </div>
   <div class='ocr_carea' id='block_1_11' title="bbox 242 4565 448 4573">
    <p class='ocr_par' dir='ltr' id='par_1_14' title="bbox 242 4565 448 4573">
     <span class='ocr_line' id='line_1_38' title="bbox 242 4565 448 4573; baseline -0.01 0"><span class='ocrx_word' id='word_1_373' title='bbox 242 4565 448 4573; x_wconf 51' lang='grc' dir='ltr'>-ύριᾳ-ι</span> 
     </span>
    </p>
   </div>
   <div class='ocr_carea' id='block_1_12' title="bbox 349 4660 1409 4732">
    <p class='ocr_par' dir='ltr' id='par_1_15' title="bbox 349 4660 1409 4732">
     <span class='ocr_line' id='line_1_39' title="bbox 349 4660 1409 4732; baseline 0.001 -17"><span class='ocrx_word' id='word_1_374' title='bbox 349 4665 369 4730; x_wconf 95' lang='lat'>¹)</span> <span class='ocrx_word' id='word_1_375' title='bbox 388 4665 587 4731; x_wconf 85' lang='lat' dir='ltr'><strong>Supplevimus.</strong></span> <span class='ocrx_word' id='word_1_376' title='bbox 659 4665 679 4728; x_wconf 85' lang='lat'>²)</span> <span class='ocrx_word' id='word_1_377' title='bbox 699 4661 746 4730; x_wconf 87' lang='grc' dir='ltr'>γάρ</span> <span class='ocrx_word' id='word_1_378' title='bbox 764 4663 790 4714; x_wconf 85' lang='lat' dir='ltr'>S.</span> <span class='ocrx_word' id='word_1_379' title='bbox 862 4665 883 4730; x_wconf 82' lang='lat'>³)</span> <span class='ocrx_word' id='word_1_380' title='bbox 903 4664 1101 4732; x_wconf 75' lang='lat' dir='ltr'><em>Supplevimus3</em></span> <span class='ocrx_word' id='word_1_381' title='bbox 1174 4665 1196 4730; x_wconf 82' lang='lat'>⁴)</span> <span class='ocrx_word' id='word_1_382' title='bbox 1216 4660 1364 4716; x_wconf 81' lang='grc' dir='ltr'>ἀποτίθενται</span> <span class='ocrx_word' id='word_1_383' title='bbox 1383 4665 1409 4716; x_wconf 90' lang='lat' dir='ltr'>S.</span> 
     </span>
    </p>
   </div>
   <div class='ocr_carea' id='block_1_13' title="bbox 0 0 1633 5284">
    <p class='ocr_par' dir='ltr' id='par_1_16' title="bbox 0 0 1633 5284">
     <span class='ocr_line' id='line_1_40' title="bbox 0 0 1633 5284; baseline 0 0"><span class='ocrx_word' id='word_1_384' title='bbox 0 0 1633 5284; x_wconf 95' lang='lat' dir='ltr'> </span> 
     </span>
    </p>
   </div>
  </div>
 </body>
</html>
