3208 5310
1290 339 1326 401 17

65 531 136 608 ἕτερον
161 527 199 602 είς
227 532 276 606 τὴν
305 531 387 605 αίιιὴν
410 531 568 605 Ιτοποθεσίαν
595 533 625 591 το
652 531 806 608 λεγέμενον
834 536 879 590 τοῦ
903 531 1021 606 Κὰμπου
1047 531 1163 608 πλησίον
1185 536 1234 607 τῆς
1257 531 1337 611 ἁγίας

65 651 230 730 θορασιευῆς,
259 653 354 724 ιιοιθιίις
382 653 438 713 ἐστι
467 654 679 734 περιωρισμένον
708 652 824 726 πλησίον
851 653 991 734 χωραρίου
1019 657 1066 711 τοῦ
1089 653 1187 712 Χοϊδιᾶ
1216 651 1263 712 ιιαί
1292 657 1338 714 τοῦ

63 772 178 848 ἁπιννίλη
195 773 298 848 μοθίων
312 773 348 847 β’.
366 776 457 854 ἕτερον
474 773 512 846 είς
527 775 573 834 τίν
589 777 667 834 συσὶν
682 776 763 834 τόπον
777 773 808 832 το
823 774 939 850 πλησίον
954 773 1091 852 χωραρίου
1106 777 1153 833 τοῦ
1168 776 1336 854 Βουτζιὰνου,

61 889 135 967 νοθιζις
149 895 204 956 ἐστι
218 897 431 974 περιωρισμὲνον
448 897 586 972 μετὰτῶν
603 943 609 956 .
626 943 653 960 ..
671 896 773 971 μοθίων
790 941 796 955 .
813 943 841 957 ..
858 897 891 976 ἀρ
909 941 958 957 ...
975 891 1052 970 α’ς”.
1071 897 1162 976 ἕτερον
1178 900 1223 956 τοῦ
1239 897 1338 976 ῥύακος

61 1021 82 1074 τὲ
100 1017 206 1091 πλησίον
229 1025 278 1094 της
301 1019 483 1097 διερχομένης
506 1019 569 1078 ὁδοῦ
593 1021 675 1098 μέχρι
693 1023 740 1077 τοῦ
755 1017 939 1092 Φλεβοτὰμου
954 1016 1001 1076 καί
1015 1021 1061 1076 τοῦ
1077 1018 1206 1096 Καϊὰνου,
1231 1013 1338 1097 ᾧκατ-

62 1140 152 1217 ἕρχεται
175 1137 276 1211 ἔξωθεν
299 1141 390 1198 τούτου
413 1140 427 1198 ὁ
449 1138 600 1220 χείμαρρος
622 1139 739 1212 πλησίον
762 1143 808 1200 τοῦ
831 1137 910 1218 ἁγίου
925 1139 1080 1218 Δημητρίου
1096 1139 1140 1198 σίιν
1155 1143 1202 1200 τοῦ
1216 1141 1338 1199 ιοὰτωθεν

63 1261 125 1319 σποῦ
144 1267 208 1321 ναοῦ
230 1259 333 1336 μοδίων
356 1260 383 1320 α’
396 1259 447 1336 ς”.
472 1263 564 1342 ’ἕτερον
587 1263 711 1321 κάτωθεν
733 1265 779 1320 τοῦ
801 1261 1051 1342 ἁμπελοχωραρίου
1065 1262 1095 1320 ιδ
1110 1261 1227 1337 πλησίον
1241 1281 1338 1340 χωρα-

62 1383 105 1457 ρίου
124 1387 167 1442 τοῦ
189 1384 358 1462 ...ἕτερον
379 1385 518 1463 χωρὰριον
541 1387 587 1442 τοῦ
611 1379 745 1442 Χαλινίου
767 1385 797 1442 το
822 1381 937 1456 πλησίον
959 1382 1097 1462 χωραρίου
1119 1387 1165 1442 τοῦ
1188 1383 1340 1459 Ἀντιθωμὰ

62 1503 145 1574 μοδίινν
174 1501 208 1564 δ’.
239 1505 333 1584 ἕτερον
364 1505 394 1563 τὸ
421 1504 592 1579 καλούμενον
619 1510 665 1562 τοῦ
688 1503 839 1580 Δωροθέου.
872 1505 964 1583 ἕτερον
991 1501 1128 1583 χωροίριον
1154 1502 1271 1580 πλησίον
1294 1509 1340 1564 τοῦ

61 1624 208 1705 Χορολερίου
230 1627 261 1685 ιο
283 1623 400 1701 πλησίον
421 1625 560 1705 χωραρίου
581 1629 628 1684 τοῦ
652 1623 794 1700 Ἀθηναίου
817 1625 861 1684 σίνν
883 1629 930 1684 τοῦ
951 1623 1180 1704 προσνεραλιδίου
1202 1631 1247 1686 τοῦ
1269 1627 1340 1686 κατὰ

62 1741 146 1818 δυσμὰς
166 1749 293 1822 κειμένου
316 1747 361 1806 σὺν
385 1751 431 1807 τοῦ
453 1744 530 1826 ἁγίου
553 1747 689 1827 Γεωργίον
712 1746 813 1822 μοδίων
835 1742 857 1805 δ’
871 1743 922 1820 ς”.
946 1747 1038 1825 ἕτερον
1054 1747 1084 1805 το
1100 1747 1276 1806 ἁποπὰτωθεν
1291 1753 1340 1825 τῆς

62 1864 145 1938 οίιείσς
165 1873 211 1928 τοῦ
227 1869 380 1945 Ἀντιθωμᾶ
401 1871 440 1940 ὡς
463 1865 503 1941 είς
523 1869 553 1928 το
568 1871 706 1948 χωρὰριον
723 1869 852 1928 ἁποιιὰτω
868 1868 920 1927 ἀπὸ
936 1872 982 1927 τοῦ
998 1867 1175 1946 Μανδρακίου
1191 1867 1286 1942 μοδίου
1303 1865 1337 1928 α’.

63 1987 136 2067 Ξ·ερον
156 1993 295 2070 χωρὰριον
321 1995 368 2050 τοῦ
391 1989 499 2050 Σταλοῦ
525 1992 555 2050 τίν
577 1989 695 2066 πλησίον
718 1985 857 2070 χωραρίου
882 1993 929 2049 τοῦ
951 1990 1046 2064 Ζουμὰ
1067 1991 1114 2048 καί
1135 1993 1181 2050 τοῦ
1204 1989 1340 2069 Μανδρα-

62 2108 108 2168 ιίον
127 2111 225 2186 μοδίων
248 2111 278 2171 α’
288 2111 342 2186 ς”.
366 2113 458 2192 ἕτερον
482 2107 643 2196 [χωροίρισν]
664 2113 695 2170 το
717 2111 832 2187 πλησίον
855 2110 994 2190 χωραρίου
1016 2115 1062 2170 τοῦ
1085 2111 1262 2190 Μανδραιιίου
1285 2129 1339 2186 μο-

63 2227 113 2289 ίίων
133 2229 221 2307 α’ς”.
253 2236 347 2314 ἕτερον
375 2239 425 2308 τῆς
453 2234 625 2312 Ἀπεγγοίνης
651 2233 767 2308 πλησίον
789 2231 929 2312 χωραρίσυ
951 2237 997 2291 τοῦ
1017 2235 1120 2312 Δρὸσου
1143 2231 1190 2292 καί
1213 2237 1258 2291 τοῦ
1283 2279 1340 2295 ...

63 2369 123 2427 οχον,
145 2355 234 2434 ἕτερον
250 2349 366 2432 λαχίδια
381 2361 430 2430 τῆς
445 2353 616 2434 Σκεπαρνίας
631 2355 661 2414 το
675 2353 792 2428 πλησίον
808 2353 946 2434 χωραρίου
961 2358 1007 2412 τοῦ
1022 2353 1163 2430 Ἀθηναίου
1178 2354 1273 2429 μοδίου
1288 2352 1340 2428 ς”.

63 2477 180 2554 χυρὰριον
201 2481 248 2536 τοῦ
272 2475 350 2553 ἁγίου
373 2473 536 2551 Αἰμιλιανοῦ
556 2519 564 2536 .
583 2522 627 2548 ..,
652 2476 681 2535 ἐν
705 2471 728 2556 ᾧ
750 2473 797 2535 ιιαί
819 2477 834 2534 ἁ
855 2477 921 2547 ναος
935 2475 1039 2535 ἵσταται
1055 2475 1156 2550 μοδίων
1173 2473 1197 2534 α’
1207 2474 1258 2550 ς”.
1282 2497 1340 2554 χω-

64 2597 137 2674 ρίριον
158 2603 203 2658 τοῦ
219 2597 391 2672 Ὑπομαλίου
412 2599 443 2657 τὸ
468 2597 666 2676 ἐπιλεγόμενον
689 2603 738 2674 σῆς
761 2641 819 2660 ...
842 2596 958 2670 πλησίον
974 2597 1113 2678 χωραρίου
1133 2604 1181 2676 τῆς
1197 2599 1341 2679 Σκορδιοίρι

64 2715 146 2786 μοίίινν
168 2717 195 2794 β’
206 2717 259 2794 ς”.
290 2721 382 2798 ἕτερον
408 2721 547 2798 χωροίριον
573 2717 614 2790 εἰς
640 2718 689 2794 τὴν
717 2720 799 2794 αυτὴν
828 2717 987 2780 τοποθεσίαν
1010 2721 1041 2778 τίν
1062 2717 1180 2794 πλησίον
1202 2722 1341 2800 χωραρίου

62 2844 97 2894 ’.οὐ
116 2839 237 2918 Στρόγγα
259 2838 363 2915 μοθίων
386 2838 422 2916 β’.
454 2838 501 2899 καί
529 2841 621 2920 ἕτερον
642 2838 780 2920 χωροίριον
804 2838 844 2912 είς
866 2841 915 2915 τὴν
937 2840 1021 2915 αίιιὴν
1043 2841 1201 2900 τοποθεσίαν
1224 2840 1341 2917 πλησίον

63 2961 98 3016 τοῦ
116 2959 275 3036 Μονοιιηθου
304 2961 351 3020 καί
381 2966 427 3022 τοῦ
454 2960 647 3038 Δηλαουνητοῦ
677 2965 723 3022 τοῦ
746 2960 840 3042 Φαγρὶ
872 2961 975 3038 μσδίων
1006 2959 1033 3022 α’
1044 2959 1097 3038 ς”.
1125 2965 1262 3042 χωροίριον
1291 2971 1341 3038 της

64 3077 300 3162 θοροέωμὰνὰροις.
331 3084 424 3164 ἕτερον
453 3086 591 3164 χωρὰριον
621 3083 736 3160 πλησίον
765 3087 812 3142 τοῦ
833 3081 1047 3158 Κοντολοὰμπου
1070 3082 1165 3157 μοδίου
1188 3083 1224 3145 α’,
1249 3085 1341 3164 ἕτερον

64 3205 178 3280 γνρὰριον
202 3209 248 3264 τοῦ
263 3203 427 3284 Θηρογὰνου
450 3203 543 3280 μοίίου
566 3201 603 3263 α’·
626 3207 765 3284 χωροίριον
787 3210 841 3263 τῶν
858 3205 966 3264 Βουνῶν
990 3205 1035 3264 οίιν
1058 3211 1112 3264 τῶν
1132 3205 1179 3263 δίιο
1194 3205 1340 3285 χωραρίων

63 3325 98 3378 τοί
111 3323 227 3404 Πρινέως
249 3332 303 3385 τῶν
325 3325 499 3402 κλεισμάτων
521 3327 552 3386 το
574 3323 691 3400 πλησίον
714 3323 854 3405 χωραρίου
876 3332 922 3384 τοῦ
944 3323 1022 3402 ἁγίου
1038 3325 1118 3384 Λέων
1140 3323 1187 3385 ιιαὶ
1202 3329 1248 3384 τοῦ
1263 3327 1339 3386 Κου-

64 3447 187 3519 ρυσυμελις
210 3447 313 3522 μσδίων
328 3443 366 3524 γ’,
390 3448 483 3528 ἕτερον
507 3443 546 3518 είς
569 3448 613 3506 τον
636 3445 715 3505 αὺτὸν
737 3449 819 3506 τόπον
841 3447 871 3505 το
893 3446 1010 3521 πλησίον
1030 3446 1169 3526 χωραρίου
1190 3451 1237 3506 τοῦ
1253 3448 1340 3521 Ἀβα-

65 3566 144 3642 πίγου
169 3567 266 3643 μοδίσυ
289 3565 341 3642 ς”.
368 3571 506 3648 χωρὰριον
529 3572 574 3628 τοῦ
597 3567 704 3648 Σιιίνου,
732 3569 824 3639 ιιαθιίις
848 3568 903 3628 ἐστι
928 3571 1152 3649 περιωρισμένον,
1176 3570 1279 3644 μοδίων
1302 3569 1338 3647 γ’.

65 3683 136 3762 ἕτερον
156 3692 296 3769 χωρὰριον
319 3689 472 3768 λεγόμενον
495 3693 541 3750 τοῦ
565 3687 690 3750 θαλαίου
712 3687 885 3769 περιβαλλον
908 3689 961 3750 ἀπὸ
984 3692 1028 3749 τὀν
1050 3691 1173 3766 ποταμὸν
1195 3690 1341 3772 καὶμέχρι

65 3803 185 3888 θνλὰοοης
211 3813 242 3870 το
270 3809 303 3870 ἐκ
324 3815 371 3872 τοῦ
392 3809 511 3892 ’λριιέως
538 3811 703 3889 λεγόμενον.
728 3812 821 3891 ἕτερον
842 3812 980 3892 χωρὰριον
1001 3809 1117 3885 πλησίον
1139 3815 1186 3871 τοῦ
1208 3817 1273 3872 ναοῦ
1295 3818 1341 3872 τοῦ

66 3927 123 4002 ἆγον
136 3933 272 4014 Γεωργίου
294 3931 343 3992 ιιαί
364 3937 418 3993 τῶν
433 3933 617 4012 Χαλοπέδων,
640 3935 692 3994 ὅσα
714 3931 760 3992 καὶ
782 3925 827 3992 οἷὰ
846 3929 921 3992 εἰσιν.
938 3935 1076 4011 χωρὰριον
1091 3939 1140 4008 της
1155 3931 1342 4006 Μηλαπιδέας

65 4049 86 4106 τί
101 4054 210 4131 πλησίον
232 4059 280 4116 τοῦ
300 4054 472 4133 Ἀβαστοίγου
495 4053 589 4130 μοδίου
612 4053 647 4114 α’.
672 4057 764 4134 ἕτερον
786 4060 836 4129 τῆς
852 4054 989 4130 Κολώνης
1010 4055 1041 4113 τὸ
1062 4051 1180 4128 πλησίον
1201 4051 1340 4133 χωραρίου

65 4177 98 4230 τοί
116 4175 267 4251 ’.ίλτιθηνοῠ
291 4173 388 4252 μοδίου
410 4175 447 4238 α’.
472 4178 564 4257 ἕτερον
586 4177 724 4256 χωρὰριον
748 4175 777 4234 ἐν
798 4180 833 4256 τῇ
855 4180 972 4257 περιοχῇ
994 4177 1025 4234 το
1047 4173 1200 4252 λεγόμενον
1221 4178 1267 4234 τοῦ
1284 4175 1340 4234 Πα·

66 4289 127 4354 λινοῦ
146 4299 237 4379 Πόρου
264 4299 295 4358 το
322 4295 439 4372 πλησίον
465 4297 604 4377 χωραρίου
625 4299 672 4357 τοῦ
694 4292 900 4382 Μανδραιιῌου]
924 4295 1017 4372 μοδίου
1040 4294 1076 4356 α’.
1105 4292 1265 4370 ἐξὰμπελον
1286 4301 1341 4356 τῶν

66 4412 151 4489 θαιζῶν
173 4421 204 4480 το
226 4417 344 4494 πλησίον
368 4415 534 4494 ἐξαμπέλων
557 4422 603 4478 τοῦ
627 4419 704 4497 ἁγίου
721 4420 849 4497 Λέοντος,
872 4420 966 4488 καθώς
989 4416 1059 4476 ἐστιν
1082 4417 1136 4476 ἀπὸ
1158 4417 1204 4476 τίον
1218 4420 1340 4492 ποταμὸν

66 4535 127 4618 μέχρι
146 4547 189 4603 τοῦ
212 4546 310 4602 στενοῦ
331 4539 378 4602 καί
400 4541 542 4616 ἀναβαίνει
564 4542 647 4620 μέχρι
669 4545 715 4600 τοῦ
738 4538 897 4615 ἑξαμπέλου
919 4541 965 4600 τοῦ
987 4537 1065 4616 ἁγίου
1087 4538 1237 4619 Νικολάου,
1266 4539 1295 4597 ἐν
1318 4535 1341 4618 ᾧ

65 4660 98 4716 ναί
115 4664 127 4720 ί
146 4667 208 4736 ναὸς
231 4665 350 4741 ίοταπαι,
372 4665 402 4721 τὀ
425 4664 556 4740 σύνεγγυς
577 4667 622 4722 τοῦ
636 4667 759 4738 ποταμοῦ
775 4663 856 4741 μέχρι
872 4663 1023 4735 θαλὰσοης,
1047 4663 1109 4720 ὅσον
1125 4659 1171 4720 ιιαὶ
1187 4655 1242 4720 οἶὰν
1258 4660 1339 4719 ἐστίν.

1116 4783 1132 4830 2
