3222 5284
240 336 305 400 366

241 529 467 610 εἰσηγησαμένου,
498 532 570 603 όστις
594 529 625 604 ἐξ
655 531 760 592 ἐκείνου
781 529 828 592 καί
859 533 940 612 μέχρι
962 537 1009 594 τοῦ
1035 537 1079 594 νῦν
1103 533 1134 592 ού
1162 533 1276 594 παύεται
1297 535 1354 605 τοῖς
1384 534 1448 594 κατ’
1460 531 1541 592 ταῦτα]

238 651 362 728 πόλεμον
396 649 612 729 ἀναδεξαμένοις
645 653 684 725 ὡς
714 652 829 734 ἀρχαῖον
862 652 949 714 ἀιλον
982 655 1031 730 τὴν
1064 654 1199 735 λαθραίαν
1230 652 1278 716 καί
1310 655 1541 734 ἀπηγορευμένην

241 777 333 853 γεῦσιν
357 774 462 854 βρωτοῦ
483 794 555 847 τινος
576 777 692 849 ήποτοῦ
713 774 954 856 προβαλλόμενος,
976 773 1024 836 καί
1039 776 1078 852 μὴ
1095 777 1178 852 μόνον
1192 776 1437 858 προβαλλόμενος,
1462 772 1541 836 ἀλλὰ

237 895 285 955 καί
315 901 471 974 συνηγορῶν
494 901 527 978 τῇ
550 896 671 980 λαθραία
701 897 793 976 γεύσει
816 895 864 958 καὶ
886 898 957 958 κατὰ
980 899 1054 978 φύσιν
1085 893 1153 958 εἰναι
1183 898 1276 978 λέγων
1298 900 1329 960 τδ
1351 905 1469 980 πρᾶγμα
1491 897 1539 960 καί

239 1017 402 1079 ἀναιτίατον.
447 1018 525 1092 ὑμεῖς
548 1017 579 1078 δὲ
602 1018 641 1094 μὴ
664 1019 818 1096 ἀγνοήσητε
841 1020 921 1080 αὺτοῦ
943 1019 977 1080 τὰ
998 1023 1133 1102 νοήματα,
1156 1022 1224 1102 πρός
1245 1022 1276 1082 τό
1297 1020 1381 1093 τέλος
1402 1027 1454 1097 τῆς
1469 1041 1539 1096 συμ-

239 1141 344 1216 βουλῆς
366 1140 514 1221 ἀφοριῦσαι,
537 1140 577 1200 ότι
598 1140 753 1220 παράβασίς
776 1140 845 1201 ἐστιν
869 1141 994 1218 ἐντολῆς.

343 1263 421 1340 Κεφ.
445 1259 479 1322 ν’.
511 1259 591 1342 Περὶ
615 1256 786 1338 ἀκτησίας.
833 1263 895 1322 Ἵνα
916 1266 982 1341 γοῦν
1004 1263 1053 1339 τὴν
1075 1264 1198 1341 τοιαύτην
1224 1263 1330 1342 παγίδα
1350 1267 1398 1325 τοῦ
1418 1271 1539 1343 πονηροῦ

239 1384 362 1464 εύχεριῦς
384 1381 575 1464 ὑπερβαίνητε,
599 1382 729 1460 ἀκτησίαν
753 1383 873 1462 ἐσχάτην
888 1385 970 1461 ἡμεῖς
985 1385 1046 1460 ὑμῖν
1067 1385 1254 1466 ἐπιτάττομεν,
1277 1385 1310 1446 τὰ
1334 1388 1454 1466 μέγιστα
1468 1407 1538 1461 συμ-

239 1507 373 1582 βαλέσθαι
396 1506 558 1585 δυναμένην,
589 1507 623 1581 ήν
646 1505 825 1585 φυλάττουσαι
848 1505 968 1585 ἀμογητὶ
989 1507 1036 1568 τόν
1057 1512 1108 1584 τῆς
1129 1507 1416 1589 λαθραιοφαγατοσίας
1445 1507 1537 1568 διαδι-

239 1625 381 1708 δράσκοιτε
412 1626 547 1688 κίνδυνον·
583 1627 598 1686 ό
627 1625 680 1708 γάρ
712 1628 785 1706 ἔχων
817 1627 905 1704 μηδὲν
934 1628 1006 1702 τίνος
1040 1629 1073 1688 ἀν
1103 1630 1242 1710 γεύσοιτο;
1277 1630 1364 1710 ἀκρον
1394 1635 1537 1711 τοιγαροῦν

188 1741 189 1744 “
239 1750 369 1825 ἀκτησίαν
391 1750 540 1830 ἀσκήσατε,
563 1751 612 1811 οῦκ
629 1749 657 1810 ἐν
672 1752 796 1831 χρήμασι
812 1751 895 1825 μόνον
911 1751 994 1830 μέχρι
1009 1749 1055 1811 καί
1071 1750 1183 1831 ὀβολοῦ,
1206 1751 1283 1812 ἀλλά
1298 1749 1347 1812 καί
1366 1751 1394 1810 ἐν
1410 1750 1538 1833 βρώματί

237 1871 337 1932 τεκαὶ
363 1873 466 1948 πόμασι
494 1873 576 1954 μέχρι
598 1875 644 1932 τοῦ
673 1869 834 1950 ἐλαχίστου·
865 1873 937 1932 ὥστε
958 1871 1012 1952 γάρ
1035 1873 1074 1947 μὴ
1102 1871 1317 1954 παραβαίνεσθαι
1340 1874 1389 1948 τήν
1412 1873 1538 1948 τοιαύτην

238 1994 352 2070 ἐντολὴν
376 1995 465 2073 ήμῦν,
487 1991 535 2054 καί
549 1998 584 2074 τῇ
603 1995 762 2076 προεστώση
785 1991 978 2075 εἰοηγούμεθα,
1002 1995 1097 2067 ὁσάκις
1112 1993 1158 2055 καί
1178 1995 1224 2056 ὅτε
1248 1994 1373 2070 βούλοιτο
1397 1994 1538 2075 διερευνᾶν

238 2117 309 2191 ὑμᾶς
330 2112 378 2174 καί
401 2114 487 2190 μηδὲν
509 2115 597 2176 πλέον
621 2115 696 2193 ἔχειν
721 2115 768 2176 ἐάν
790 2115 865 2197 παρὰ
887 2121 940 2176 τῶν
963 2115 1038 2198 παρὰ
1059 2119 1106 2176 τοῦ
1128 2115 1301 2192 κοινοβιτικοῦ
1327 2117 1446 2188 κανόνος
1469 2138 1538 2196 συγ-

237 2238 431 2319 χωρουμένων.
585 2234 589 2242 ’

342 2362 422 2440 Κεφ.
446 2357 501 2422 νά.
533 2356 615 2441 Περί
637 2363 695 2420 τοῦ
714 2359 756 2435 μὴ
787 2358 856 2418 δεῖν
879 2359 937 2430 τάς
968 2359 1121 2439 μοναχάς
1144 2358 1198 2420 ἐπὶ
1227 2362 1300 2431 ταῖς
1320 2362 1377 2420 τοῦ
1399 2365 1539 2420 τυπικσῦ

112 2491 114 2495 ’
236 2484 420 2558 ὑποθήκαις
450 2481 524 2562 περὶ
553 2487 611 2558 τῆς
643 2480 864 2558 κοινοβιακής
897 2481 1071 2562 διαγωγῆς
1105 2480 1256 2557 ἀθυμεῖν.
1301 2481 1371 2552 Ταῖς
1400 2483 1538 2553 τοιαύταις

237 2606 311 2681 ῦμιῦν
334 2605 482 2679 ὑποθήκαις
505 2602 552 2663 καί
574 2602 746 2682 εἰσηγήσεσιν
768 2604 799 2663 ού
822 2604 904 2678 μόνον
920 2604 959 2680 μὴ
975 2602 1088 2678 ἀθυμεῖν
1103 2603 1184 2682 ὑμᾶς,
1208 2602 1274 2680 μηδ’
1287 2598 1432 2684 ἄχθεσθαι,
1457 2603 1538 2664 ἀλλά

235 2725 283 2787 καί
304 2727 409 2807 χαίρειν
432 2723 479 2785 καί
501 2723 689 2802 ἀγαλλιάσθαι
712 2721 795 2805 εἰκός,
826 2726 867 2786 ότι
889 2727 979 2801 πάσης
1001 2723 1207 2801 ἀπολελυμέναι
1239 2723 1378 2804 φροντίδος
1400 2725 1430 2784 ἓν
1455 2725 1538 2805 ἔργον

236 2847 433 2929 ἀπερίσπαστον
468 2844 554 2927 ἕξετε,
588 2846 637 2922 τήν
666 2851 716 2922 τής
746 2851 931 2922 πνευματικῆς
961 2843 1095 2926 σωτηρίας
1124 2845 1251 2926 φροντίδα
1279 2845 1326 2906 καί
1357 2847 1536 2922 ἐπιμέλειαν·

235 2973 370 3052 τράπεζάν
392 2990 423 3030 τε
445 2969 499 3050 γὰρ
521 2969 615 3046 κοινήν
638 2969 699 3045 ὑμῖν
720 2970 909 3045 ήτοιμάσαμεν
933 2967 1043 3040 ούδενδς
1058 2973 1111 3028 τιῦν
1126 2967 1286 3046 ἀναγκαίων
1309 2966 1417 3047 ἐπιδεῆ,
1440 2971 1475 3044 ἣν
1491 2967 1538 3028 καί

237 3090 314 3166 ἕξετε
338 3093 420 3173 μέχρι
449 3091 550 3163 παντός
572 3090 755 3172 ἀπαραίτητόν
777 3111 807 3151 τε
830 3089 879 3150 καί
901 3091 1108 3170 ἀπροφάσιστον,
1139 3087 1200 3151 κατ’
1213 3089 1311 3150 ούδὲνα
1334 3091 1434 3171 τρόπον
1456 3091 1540 3166 αὐτὴν

234 3216 461 3296 παραιτούμεναι·
490 3217 542 3276 κάν
564 3214 617 3294 γὰρ
641 3213 676 3274 δι’
691 3213 804 3289 άσκησιν
827 3213 901 3295 λέγη
924 3233 965 3284 τις
988 3211 1096 3273 ἐθέλειν
1118 3217 1168 3288 τής
1189 3217 1281 3288 κοινῆς
1303 3214 1442 3292 τραπέζης
1465 3213 1538 3273 ἀπο-

235 3337 428 3417 λιμπάνεσθαι,
460 3336 528 3396 ἀλλ’
543 3334 603 3409 ἐξόν
627 3333 674 3396 καί
703 3335 825 3415 παρούσῃ
855 3334 983 3413 γεύεσθαι
1007 3333 1058 3410 μὲν
1090 3333 1205 3394 ἑκάστου
1226 3339 1280 3394 τιῦν
1302 3335 1538 3414 παρατιθεμένων,

235 3460 307 3520 κατὰ
329 3461 375 3518 τόν
399 3461 488 3536 μέγαν
512 3457 657 3518 Βασίλειον
689 3453 769 3539 (όπερ
791 3455 839 3515 καί
862 3457 907 3515 τόν
938 3453 1126 3534 ἐπιγινόμενον
1148 3459 1183 3536 τῇ
1205 3454 1315 3538 νηστείᾳ
1344 3455 1538 3530 καταβάλλειν

236 3580 315 3640 εἴωθε
338 3579 441 3662 τῦφον),
473 3581 511 3655 μὴ
536 3578 633 3638 ἐσθίειν
656 3577 697 3658 δέ,
728 3578 768 3649 ὡς
791 3571 861 3638 εἰναι
884 3577 970 3652 μόνην
994 3576 1194 3657 εύπαράδεκτσν
1218 3574 1304 3636 αἰτίαν
1328 3575 1368 3648 εἰς
1392 3577 1538 3655 ἀπόλειψιν

235 3709 285 3778 τῆς
306 3707 400 3778 κοινῆς
424 3701 569 3772 ἑστιάσεως
591 3700 669 3760 νόσον
692 3705 725 3782 τῇ
747 3701 906 3782 προεστιύση
928 3705 978 3776 της
1001 3705 1087 3777 μονῆς
1110 3700 1160 3760 οῦκ
1181 3699 1379 3778 ἀγνοουμένην.

340 3825 420 3903 Κεφ.
443 3817 500 3898 νβ’.
533 3820 616 3903 Περὶ
637 3825 691 3882 τοῦ
720 3826 828 3882 πάσαν
860 3821 916 3896 τὴν
946 3820 1112 3898 διοίκησιν
1141 3826 1204 3881 τῦν
1234 3824 1453 3896 μοναζουσιῦν
1476 3823 1536 3883 ἀπό

234 3953 297 4007 τῶν
329 3943 470 4006 εἰσόδων
500 3944 652 4024 γίνεσθαι
679 3950 738 4020 τῆς
767 3949 882 4021 μονής.
927 3942 985 4004 Καὶ
1014 3943 1100 4024 άμφια
1131 3942 1163 4004 δέ
1189 3943 1237 4004 καί
1266 3943 1464 4024 περιβλήματα
1491 3943 1535 4004 καί

236 4070 416 4144 σκεπάσματα
448 4065 495 4128 καὶ
522 4065 571 4141 τἠν
603 4065 702 4144 λοιπίην
732 4065 829 4147 χρείαν
857 4067 911 4126 ἀπό
933 4070 987 4126 τῶν
1016 4065 1263 4148 ἀφορισθεισιῦντῇ
1293 4071 1364 4146 μονῇ
1393 4066 1535 4147 προσόδων

235 4191 358 4269 γίνεσθαι
380 4189 442 4266 ὑμῖν
466 4187 615 4270 διορίζομαι
638 4189 710 4249 κατὰ
723 4190 769 4248 τόν
791 4190 964 4268 προσήκοντα
986 4189 1080 4267 καιρόν
1102 4184 1329 4267 προεξωνούμενα
1343 4185 1392 4246 καί
1407 4187 1534 4248 ἀποτιθέ-

237 4333 315 4389 μενα.
362 4314 508 4393 προσήκων
531 4310 563 4370 δὲ
586 4313 691 4390 καιρός,
714 4311 777 4370 καθ’
790 4311 820 4368 δν
843 4311 892 4371 ούκ
915 4307 1083 4370 ἐπιλείπουσι
1105 4307 1270 4369 τὰτοιαῦτα
1292 4305 1364 4388 εἴδη,
1389 4308 1467 4370 ἀλλὰ
1489 4305 1533 4369 καί

236 4433 402 4516 εὑρίσκονται
433 4431 619 4514 δαψιλέστερα
640 4430 687 4492 καὶ
715 4434 911 4512 πιπράσκονται
942 4432 1104 4514 εῦωνότερα.
1149 4428 1197 4490 καί
1228 4431 1326 4502 άπλιῦς
1347 4435 1438 4492 πάσαν
1460 4432 1532 4507 ὑμῶν

234 4559 283 4633 τὴν
305 4556 458 4636 ἀναγκαίαν
485 4553 627 4635 διοίκησιν,
658 4553 703 4614 ἵνα
725 4555 764 4631 μὴ
787 4553 820 4613 τά
842 4553 905 4613 καθ’
918 4554 1032 4613 ἕκαστον
1062 4551 1270 4633 ἀπαριθμιῦμαι,
1300 4551 1353 4612 ἀπό
1375 4559 1426 4629 τῆς
1449 4557 1532 4629 μονῆς

234 4679 355 4760 γίνεσθαι
386 4679 573 4753 διατάττομαι.
619 4673 665 4736 καί
697 4676 770 4736 ἔσται
800 4675 869 4736 οθτω
895 4678 980 4734 ταῦτα
1006 4675 1150 4754 γινόμενα,
1179 4676 1251 4734 ὥστε
1273 4673 1304 4733 τό
1325 4678 1372 4734 τοῦ
1399 4675 1530 4748 κοινοβίον
