3166 5298
44 557 78 610 τοί
96 551 166 631 όγίαυ
188 574 240 629 μου
263 554 391 614 αὐθέντου
412 553 459 614 καὶ
482 555 629 634 βασιλέως,
660 559 706 616 τοῦ
728 557 837 616 πάππου
859 562 908 632 της
931 555 1076 631 βασιλείας
1099 578 1159 636 μου,
1191 559 1259 637 πρός
1280 579 1312 618 τε

44 676 77 733 τόν
95 643 270 756 συμπένθεβον
292 677 372 738 αθτδν
393 684 444 754 τῆς
467 675 610 750 βασιλείας
633 698 694 757 μου,
721 677 981 758 πρωτοβεστιαρίτην
1003 683 1052 759 κῦρ
1075 675 1243 759 Ἀνδρόνικον
1265 682 1311 741 τόν

45 799 255 878 Καντακουζηνόν,
279 801 309 872 δς
333 799 470 880 εὑρίσκετο
493 798 532 872 εἰς
554 800 679 880 κεφαλὴν
700 805 747 862 τοῦ
768 803 849 862 τόπου
872 807 924 860 τῶν
940 803 1059 882 Σερρῶν,
1083 801 1120 862 ἔτι
1144 800 1174 860 δέ
1196 801 1244 862 καί
1265 803 1311 862 τόν

44 917 122 978 οἰκεῖον
142 927 173 1003 τῇ
196 920 326 1004 βασιλείᾳ
348 943 409 1003 μου,
431 923 521 1003 κθριον
541 924 695 1003 Δημήτριον
712 919 850 1002 Ἄγγελον
873 923 917 984 τόν
934 920 1099 1003 Μετοχίτην,
1123 924 1311 1003 εὑρισκόμενον

44 1040 121 1118 ἐροίως
147 1041 186 1113 είς
213 1043 338 1124 κεραλὴν
364 1049 410 1104 τοῦ
439 1045 530 1106 αθτόθι
558 1045 641 1106 τόπου
663 1051 716 1106 τῶν
739 1047 858 1126 Σερρῶν,
887 1045 934 1106 καὶ
957 1045 1154 1120 ἐδικαιώθησαν
1177 1043 1224 1106 καὶ
1245 1047 1309 1126 παρ’

44 1162 175 1244 όμρστόρων
199 1165 288 1224 αθτῶν
311 1163 464 1245 ἐγγράφως,
494 1165 645 1242 ἐδεήθησαν
669 1166 700 1228 δὲ
722 1169 814 1246 τυχεῖν
837 1165 880 1228 ἐπὶ
902 1173 963 1240 ταῖς
983 1167 1119 1238 τοιαύταις
1140 1166 1243 1248 κρίσεσι
1264 1166 1311 1228 καί

44 1288 226 1364 προστάγματος
247 1293 298 1362 τῆς
321 1287 472 1363 βασιλείας.
495 1295 544 1364 τῆς
566 1289 692 1365 τοιαύτης
714 1289 836 1364 δεήσεως
858 1291 945 1350 αίντῶν
961 1289 1134 1350 ἐπακοθσασα
1149 1291 1168 1364 ἠ
1184 1287 1312 1364 βασιλεία

44 1425 81 1478 μοι
98 1409 124 1466 τό
143 1409 229 1487 παρόν
253 1409 413 1490 ἐπιχορηγεῑ
427 1409 517 1482 αὺτοῖς
532 1413 703 1490 πρόσταγμα,
727 1409 761 1470 δι’
773 1405 804 1470 οὗ
827 1409 980 1492 διορίζεται,
1001 1413 1129 1489 κατέχειν
1143 1411 1192 1484 τὴν
1208 1409 1311 1486 διαλη-

44 1529 130 1605 ρίεῑσαν
151 1532 238 1606 μονὴν
261 1535 307 1592 τοῦ
328 1532 416 1608 τιμίου
433 1532 592 1612 ίίροδρόμου
614 1533 660 1594 τόν
682 1533 798 1612 ῥηθέντα
818 1535 900 1594 τόπον
922 1535 970 1609 τὴν
986 1533 1152 1614 Κερόνιτζαν
1175 1532 1246 1593 κατὰ
1264 1532 1314 1604 τὰς

43 1651 180 1730 περτλήψεις
207 1659 260 1714 τῶν
290 1657 443 1734 προσόντων
473 1652 584 1736 αθιῄί),
615 1655 653 1726 ὡς
683 1654 797 1734 εἴρηται,
828 1655 1019 1735 ἐπογραρικῶν
1043 1653 1243 1734 δικαιωμάτων,
1275 1655 1312 1715 ἔτι

44 1771 122 1832 δὲκαὶ
143 1776 181 1847 ὡς
205 1775 404 1863 ἐδικαιώθησαν
428 1774 454 1836 οί
477 1774 505 1836 ἐν
529 1777 595 1856 αυτῇ
618 1775 735 1855 μοναχοί
759 1776 804 1836 διὰ
826 1783 878 1838 τῶν
902 1773 1051 1858 εἰρημένων
1074 1776 1188 1856 κρίσεων
1209 1774 1311 1851 καὶμὴ

43 1894 151 1972 εὑρίσκειν
181 1898 210 1957 τ“ο
237 1896 291 1958 ἀπό
314 1896 392 1956 τοῦδε
414 1896 489 1977 παρὰ
509 1903 564 1956 τῶν
587 1897 766 1972 δηλωθέντων
789 1904 918 1977 μοναχῶν
942 1898 1056 1978 Ἰβήρων
1080 1895 1123 1958 ἐπὶ
1144 1897 1183 1977 τῷ
1206 1897 1312 1977 ῥηθέντι

15 2015 16 2018 ’
43 2021 78 2088 τῆς
96 2018 259 2098 Κεραιίτζης
288 2020 361 2097 τόπῳ
392 2020 440 2094 τὴν
471 2022 602 2097 τυχοῦσαν
629 2017 745 2080 ἐπίθεσιν
776 2023 794 2094 ἢ
824 2019 1004 2098 διενόχλησιν.
1044 2017 1084 2092 είς
1105 2018 1158 2098 γὰρ
1181 2018 1229 2093 τὴν
1251 2016 1313 2098 περὶ

43 2138 113 2198 κοίτου
144 2139 293 2219 ἐσροίλειαν
324 2139 482 2218 ἐχορηγηθη
512 2147 545 2222 τῇ
575 2141 683 2222 τοιαθτῃ
710 2141 847 2224 σεβασμίᾳ
870 2147 939 2223 μονῇ
961 2145 1007 2200 τοῦ
1031 2138 1191 2220 Προδρόμου
1213 2137 1260 2200 καί
1282 2141 1312 2200 τδ

43 2261 109 2338 ττρόν
129 2267 178 2336 τῆς
200 2261 344 2336 βασιλείας
367 2281 418 2336 μου
439 2263 600 2342 πρόσταγμα
624 2260 701 2337 μηνί
724 2261 893 2340 όκτωβρίῳ
918 2309 974 2326 ...

125 2387 141 2460 ί
162 2378 244 2461 Εἶχε
276 2381 390 2443 δὲκαὶ
413 2383 608 2463 δι’ἑρυθρῶν
631 2386 835 2464 γραμμάτων
858 2389 915 2458 τῆς
939 2382 1119 2458 βασιλικῆς
1141 2381 1198 2442 καὶ
1221 2381 1313 2454 θείας

43 2505 139 2582 χειρός
166 2507 214 2564 τό·
252 2505 418 2584 Στέφανος
447 2505 576 2584 κροίλης
603 2507 813 2585 αθτοκροίτωρ
836 2504 981 2585 Σερβίας
1002 2503 1057 2564 καὶ
1081 2503 1265 2580 Ῥωμανίας
1287 2508 1311 2581 †.

15 2617 16 2664 ί
127 2626 298 2706 Εθρίσκονται
328 2626 359 2687 δέ
381 2624 428 2686 καί
450 2625 669 2705 προσκαθήμενοι
692 2627 721 2686 ἐν
743 2625 782 2706 τῷ
803 2627 912 2706 τοιούτῳ
935 2626 1049 2706 ἀγριδίῳ
1071 2631 1120 2702 τῆς
1142 2624 1312 2706 Κερανίτζης

44 2743 152 2828 ἐκταλαι,
173 2745 269 2808 οἱκαὶ
290 2748 516 2825 καταλογίζονται
539 2751 577 2820 ὡς
598 2747 703 2828 γονικοὶ
725 2754 775 2826 τῆς
798 2754 894 2828 μονῆς,
918 2749 945 2808 οἳ
966 2745 1012 2808 καὶ
1029 2747 1134 2825 ἔχουσιν
1151 2747 1259 2819 οθτως.
1279 2792 1311 2806 ..

551 2877 668 2932 Νοικίπα
683 2879 786 2931 demat.

15 2969 16 2982 ί
131 2999 273 3054 Ιοαππίιίεα
288 2999 339 3054 Nr.
359 3002 407 3055 18.

234 3285 364 3350 XXXI.
388 3281 636 3372 [6854-1346],
659 3304 771 3348 mense
794 3283 897 3369 aprili,
920 3281 985 3347 ind.
1010 3281 1102 3347 XIV.

15 3469 16 3522 ί
124 3468 180 3524 Ra
195 3469 349 3542 διομόσαιτο
365 3469 465 3525 Man
479 3470 597 3524 concedit
616 3467 731 3538 Georqio
747 3467 900 3538 Ρίιοοορυίο
908 3467 959 3536 jus
974 3465 1095 3537 eriyendi
1108 3465 1215 3520 molam.
1307 3511 1308 3518 ,

52 3666 230 3753 Πρόσταγμα
253 3673 307 3732 διὰ
327 3675 381 3733 τόν
405 3673 541 3750 μύλωνα
564 3677 618 3732 τοῦ
642 3673 738 3732 αὐτοῦ
755 3671 984 3732 Φωκοποόλου
1006 3674 1060 3730 τοῦ
1077 3669 1315 3744 βασιλέωςκυ-

536 3794 605 3874 ρίου
627 3794 804 3872 Στεφάνου.

131 3967 238 4042 ίἘπεὶ
262 3968 276 4028 ό
299 3966 398 4041 οἰκεῖος
419 3973 453 4050 τῇ
476 3965 604 4050 βασιλείᾳ
620 3988 681 4046 μου,
704 3971 754 4048 κῦρ
768 3967 905 4047 Γεωργιος
920 3967 935 4026 ό
951 3964 1151 4042 Φωκόπουλος,
1168 3957 1314 4040 ἐδικαιώθη

56 4079 89 4141 ίῑί
105 4090 258 4166 γράμματος
279 4094 325 4150 τοῦ
348 4088 446 4150 οἰκείου
470 4090 536 4170 αὐτῇ
558 4088 714 4168 κεραλῇςί)
733 4093 782 4163 τῆς
797 4085 945 4148 θεοσώοτου
960 4086 1071 4158 πόλεως
1085 4087 1202 4166 Σερρῶν,
1225 4083 1316 4163 κυρίου

56 4203 142 4270 Μ..
162 4217 206 4272 τοῦ
229 4211 423 4292 Ἀβραμπόκη,
450 4208 498 4270 καὶ
520 4216 572 4270 τῶν
595 4211 699 4270 λοιπῶν
723 4209 861 4290 ἀρχόντων
883 4215 932 4284 τῆς
956 4206 1098 4280 βασιλείας
1121 4227 1172 4283 μου
1193 4204 1240 4266 καί
1262 4211 1315 4266 τῶν

57 4322 204 4402 ἐντιμοτάτων
228 4332 461 4408 ἐκκλησιαστικῶν
484 4331 633 4413 ἀρχόντων,
656 4333 726 4392 ὥστε
747 4335 856 4407 ποιῆσαι
879 4330 1009 4407 σθνεγγυς
1028 4332 1073 4388 τοῦ
1093 4327 1220 4403 μόλωνος
1236 4327 1316 4388 αυτοῦ

56 4447 88 4506 καί
110 4453 192 4534 ἕτερον
218 4455 409 4536 θδρομθλωνα,
438 4452 485 4514 καὶ
513 4453 614 4530 ἐδεήθη
645 4451 690 4514 ἐπὶ
710 4449 749 4530 τῷ
771 4453 881 4530 τοιούτῳ
905 4449 1085 4530 δικαιωτηρίιρ
1106 4451 1247 4530 γράμματι
1270 4447 1317 4512 καί

56 4601 232 4621 Ἢ

136 4714 154 4779 1)
172 4711 250 4764 αὑτῶν
268 4714 288 4764 1.
360 4713 381 4779 ί)
400 4709 466 4780 αὐτῷ
485 4709 576 4780 κεφαλῇ
594 4713 615 4761 1.
