3166 5298
1285 397 1327 460 79

54 587 117 648 θείων
143 585 264 664 νομίμων
295 588 341 649 καί
370 595 425 649 τῶν
454 590 593 650 ῦπάθτιῖιν
620 591 872 666 ἐπανατειναμένων
900 593 958 663 τοῖς
978 590 1108 662 τοιούτοις
1136 591 1327 670 ἐπιτιμήσεων,

54 705 85 782 οἷς
108 711 153 770 οία
179 710 329 788 ἀνέχεσθαι
359 712 442 786 μόνον
470 713 528 783 τοῖς
556 733 589 790 γε
620 715 681 771 νοῦν
711 711 819 789 ἔχουσιν
841 711 967 772 ἁπάντων
990 711 1148 792 βαρύτατον,
1179 711 1258 771 ἀλλά
1279 709 1327 771 καί

55 831 210 907 μιγμονείιειν
241 831 316 903 ὅλως
345 831 392 892 καί
422 833 565 912 προφέρειν
595 829 680 907 ἀηδὲς
709 830 757 891 καί
786 833 857 893 τοῦτ’
865 833 960 892 ἔπειτα
984 830 1032 892 καὶ
1052 833 1221 914 παρατρέχει
1243 835 1287 892 νῦν
1310 833 1326 892 ό

51 954 118 1029 λόγος
145 953 174 1012 ἐν
199 950 284 1035 όλίγῃ
310 957 357 1012 τοῦ
383 957 478 1033 καιροῦ
504 955 564 1035 ὥρᾳ
589 951 636 1012 καὶ
662 951 745 1028 τῖγςδε
770 957 821 1028 τῆς
846 952 944 1034 χρείας
973 951 1111 1026 διεξιέναι.
1148 951 1196 1014 καί
1218 953 1325 1028 τὰμὲν

51 1075 144 1152 πότερα
165 1071 203 1152 τῷ
227 1075 304 1134 ἀστει
324 1072 396 1152 τῷδε
418 1073 465 1134 καί
488 1075 544 1145 τοῖς
566 1074 701 1134 κατίἀιτά
723 1071 859 1154 οἰκήτορα
881 1079 1001 1154 τοιαῦτα,
1023 1073 1071 1134 καί
1092 1069 1131 1134 ὧν
1153 1073 1219 1147 ἴσως
1241 1075 1325 1150 ἀηδία

50 1193 84 1252 καί
102 1197 260 1274 μεμνῆσθαι,
283 1193 339 1254 νυνί
362 1195 394 1256 δέ
417 1195 495 1254 ἀλλά
516 1197 655 1274 νουνεχεῖς
676 1193 774 1276 ἄνδρες
796 1192 937 1276 οἰκήτορες
960 1189 1042 1275 οῦτοι,
1065 1193 1113 1256 καὶ
1134 1194 1235 1276 πολλῐρ
1251 1196 1323 1271 βελ-

49 1317 103 1386 τίους
121 1321 138 1392 η
158 1317 230 1376 κατὰ
250 1317 313 1386 τοῦς
335 1319 482 1396 προτέρους
505 1317 635 1391 ἐκείνους,
665 1315 713 1376 καί
733 1323 788 1378 τῶν
811 1317 961 1390 βελτίστων
981 1319 1066 1398 ορίσιν
1089 1318 1181 1390 αὐτοῖς
1203 1318 1323 1396 ἐπιγνώ-

49 1457 122 1517 μονες,
151 1437 293 1516 θαυμασίῳ
319 1438 374 1518 γάρ
402 1437 436 1514 δὴ
460 1439 538 1517 ζήλῳ
559 1437 607 1498 καί
630 1437 722 1518 σφόδρ’
732 1439 852 1498 ἐπαινεῖν
875 1435 939 1520 ἀξίᾳ
960 1440 1060 1521 γνώμη
1083 1439 1270 1515 μετατίθενται
1290 1439 1325 1498 τά

48 1559 163 1620 ιαλλιστα
183 1559 232 1618 καί
255 1563 316 1619 ναῦν
340 1558 584 1635 μεταλαμβάνουσι
605 1561 770 1639 σωφρονικόν
791 1580 822 1620 τε
845 1557 893 1620 καί
914 1559 977 1638 ὑγιῆ
999 1558 1046 1620 καί
1069 1561 1184 1635 μᾶλλον
1204 1559 1263 1621 ἀντί
1277 1565 1325 1621 τοῦ

47 1684 115 1738 νοσεῖν
134 1679 246 1756 ῦγιαίειν
270 1677 372 1752 ἀξιοῦσι
394 1677 441 1740 καί
463 1679 576 1756 μᾶλλον
597 1679 655 1741 ἀντί
681 1687 729 1740 τοῦ
749 1685 844 1752 κακαῖς
865 1682 992 1761 πράττειν
1014 1679 1061 1742 καί
1082 1681 1116 1742 τὰ
1138 1682 1199 1742 θεῖα
1220 1680 1268 1742 καί
1288 1681 1337 1774 τά,

47 1800 186 1881 ἐνθρίιπτνα,
209 1801 363 1864 τοθναντίον
385 1802 483 1874 καλῶς
505 1803 610 1874 έοωτσῖς
632 1799 679 1862 καί
700 1802 739 1881 τῷ
760 1801 810 1880 βίῳ
825 1803 942 1880 χρῆσθαι
957 1801 1160 1882 σπουδάζουσιν,
1183 1802 1238 1883 όλῃ
1251 1823 1322 1882 προ-

46 1923 103 1980 θέσει
121 1927 209 2000 ψυχῆς
230 1921 444 2002 τροσνείμαντες
466 1923 577 1994 ἑαυτοὺς
599 1931 633 2004 τῇ
656 1929 734 2005 κοινή
757 1926 805 1984 τοῦ
823 1925 921 2001 γένους
937 1925 1023 1984 ἀκοῶν
1039 1923 1130 2003 μητρί
1153 1923 1322 2010 τῇκαθόλου

45 2049 85 2102 τῖν
102 2049 261 2123 χριστιανῶν
283 2044 346 2103 καθ’
354 2045 429 2120 ἐμοῖς
450 2048 497 2105 τοῦ
518 2047 583 2104 θεοῦ
605 2044 742 2126 ἐκκλησίᾳ
762 2042 810 2104 καί
831 2049 865 2125 τῇ
886 2050 967 2126 κοινῇ
989 2049 1044 2105 τιῦν
1059 2043 1204 2120 Ῥωμαίων
1226 2065 1322 2106 συνου-

46 2167 120 2224 σιῦσει
141 2163 186 2224 καὶ
208 2164 366 2245 όλομελείᾳ
386 2163 434 2224 καὶ
455 2171 489 2246 τῇ
511 2167 579 2245 πρὸς
600 2166 676 2240 ήμάς
698 2165 757 2240 μετ’
769 2163 875 2238 εῦνοίας
889 2166 1051 2246 ἀκραιφνοῦς
1064 2166 1198 2250 ὑποταγῇ,
1221 2167 1249 2228 οἳ
1261 2167 1324 2240 τοῦς

47 2283 125 2357 οἴακας
146 2287 241 2357 σάιτοίις
264 2283 313 2344 καί
333 2285 383 2359 τὴν
404 2285 526 2349 καθόλου
547 2287 743 2366 κυβερνητικὴν
762 2286 916 2348 ἐπιστασίαν
931 2291 977 2347 τοῦ
993 2289 1093 2359 παντός
1107 2293 1161 2352 τῶν
1177 2288 1323 2363 Ῥωμαίων

45 2407 123 2480 γένως
141 2406 191 2466 ῦπδ
209 2408 285 2486 θεοῦ,
307 2407 405 2486 λόγοις
425 2401 467 2479 οίς
484 2408 565 2479 αῦτθς
579 2402 662 2487 σίδεν,
688 2407 891 2486 ἐπιοτεῦθημεν,
916 2407 963 2468 καί
980 2408 1004 2467 οί
1025 2409 1076 2483 μὲν
1098 2409 1177 2470 οίιτω.
1200 2405 1320 2490 τίδ’ἀρ

44 2527 109 2598 ἡμεῖς
134 2528 295 2603 ἐμέλλομεν
322 2529 476 2609 χρήσασθαι
497 2532 515 2602 ἦ
538 2526 645 2600 πάντως
668 2548 701 2606 γε
723 2529 870 2604 mem
892 2530 987 2602 στ’ποίις
1007 2528 1056 2591 καί
1076 2531 1124 2605 τὴν
1146 2531 1226 2605 ἡμῶν
1248 2531 1323 2610 ρθσιν

44 2645 80 2704 καὶ
97 2649 125 2706 τ“ο
144 2651 253 2728 χρόνων
275 2649 338 2721 ἐθος
359 2649 407 2709 καὶ
421 2649 541 2720 πολλοῖς
553 2648 609 2724 ήδη
623 2651 754 2730 πρότερον
770 2649 1003 2726 δεδοκιμασμένον
1025 2649 1073 2710 καί
1087 2653 1126 2722 ιίις
1141 2651 1208 2723 ἔπος
1223 2649 1319 2730 εἰπεῖν,

44 2773 174 2848 πατροιῦς·
197 2768 317 2850 εἰρήσθω
338 2770 393 2850 γάρ
414 2771 484 2830 οίιτιο
506 2769 554 2830 καί
573 2770 634 2844 μετ’
646 2769 780 2847 ἀληθείας
802 2771 929 2850 όλόγος,
952 2773 1067 2852 Χριστοῦ
1082 2774 1172 2852 χάριτι
1187 2771 1234 2832 καὶ
1249 2773 1321 2832 κατά

43 2887 78 2944 τὀν
100 2889 200 2950 ἀνωθεν
228 2889 372 2971 εἰρημένον
398 2891 480 2952 τίκτον
506 2889 554 2950 καί
579 2893 610 2951 τ“ο
636 2891 798 2969 ὑπόδειγμα.
833 2891 881 2952 καί
906 2894 993 2954 τοίνυν
1014 2895 1174 2974 προσιόντας
1196 2892 1227 2954 εὖ
1249 2894 1319 2968 μάλ’

43 3009 116 3082 ἡδέως
135 3012 304 3092 προσιέμεθα
325 3009 372 3072 καί
394 3012 619 3092 ἐνστερνιζόμεθα
640 3011 687 3073 καί
709 3015 791 3093 χεῖρα
810 3015 954 3094 πόρρωθεν
974 3014 1150 3095 προτείνομεν
1169 3013 1217 3074 καὶ
1230 3019 1319 3076 πεῖσαν

45 3131 115 3204 οἰτοῖς
136 3131 319 3212 ῦπανοίγομεν
341 3134 391 3192 σία
413 3133 539 3208 εῦθιιμίας
561 3135 654 3215 μόνον,
685 3132 831 3194 ἀλλὰκαὶ
853 3129 1099 3217 εῖιποιίαςχώραν.
1131 3134 1213 3210 δηλοῖ
1234 3135 1266 3196 δέ
1288 3137 1319 3196 τό

43 3255 88 3308 νῦν·
106 3255 171 3332 πρδς
192 3255 247 3334 γάρ
269 3257 326 3328 τοῖς
348 3254 459 3335 ἀλλοις,
483 3246 524 3326 οίς
546 3257 645 3330 εῦριενῆ
668 3257 782 3333 γνώμην
801 3256 869 3336 πρὸς
884 3255 979 3326 αῦτσίνς
994 3253 1191 3332 ἐνεδειξάμεθα
1205 3257 1318 3336 κομιδῆ,

44 3371 89 3430 ἐπεί
114 3375 158 3434 καί
188 3374 397 3456 χρυσοβσθλλου
422 3378 516 3454 τυχεῖν
541 3381 591 3451 τῆς
618 3375 763 3450 βασιλείας
788 3377 867 3452 ἡμῶν
895 3376 1092 3459 ἑπέθεργεσίᾳ
1117 3376 1165 3438 καί
1192 3375 1319 3458 διαγωγῇ

43 3491 118 3568 βιοτῆς
137 3495 250 3572 ἡδίστης
272 3495 320 3556 καί
343 3497 598 3576 ἐρραστωνευμένης
619 3498 754 3579 ᾐτήσαντο
776 3497 824 3558 καὶ
845 3499 924 3559 τοῦδε
948 3498 1068 3574 μάλιστα
1089 3501 1204 3578 τάχιστά
1226 3496 1318 3558 τεκαὶ

41 3615 118 3685 ’θόιοτοί
144 3639 179 3696 γε
207 3619 273 3695 ήμῖν
302 3621 479 3697 τυγχάνουσιν
510 3619 607 3699 ἀνδρες
635 3613 707 3678 οὗτοι
734 3617 783 3679 καὶ
812 3625 984 3700 παραχρῆμα
1005 3621 1091 3699 ορίσιν
1114 3620 1318 3700 ἐπιχορηγεῖται

44 3735 123 3812 πἰτοῖς,
154 3738 189 3798 δι’
202 3733 234 3798 οῦ
259 3739 293 3798 τά
319 3741 467 3820 κατωτέρω
498 3741 674 3820 ρηθησόμενα
700 3742 843 3816 ζητήματα
866 3743 954 3801 αῦτιῦν
976 3741 1133 3820 ἀποπληροῖ
1154 3741 1276 3817 βεβαίως
1298 3743 1317 3816 ἡ

42 3854 150 3924 βασιλεία
172 3881 238 3936 μοσ·
262 3858 407 3940 διορίζεται
429 3863 482 3942 γάρ
501 3861 549 3922 καὶ
563 3860 726 3942 προστάσσει
743 3861 788 3922 διά
801 3866 848 3922 τοῦ
862 3866 994 3945 παρόντος
1009 3861 1216 3943 χρυοσβοθλλου
1231 3861 1318 3940 λόγου

41 3977 54 4047 ἡ
79 3977 197 4049 βασιλεία
219 4002 283 4060 μου,
307 3982 353 4054 ῖνα
374 3985 588 4062 προηγουμένως
614 3985 723 4064 κατέχῃ
749 3984 768 4058 ἡ
796 3983 886 4044 ἐκεῖσε
910 3985 1049 4063 ἀγιωτάτη
1072 3983 1240 4064 μητρόπολις
1262 3989 1316 4042 τῶν

42 4095 183 4162 ’ίιοαννίνων
203 4105 294 4162 πάντα
314 4101 349 4162 τά
367 4106 494 4178 κτήματα
508 4101 556 4164 καί
571 4103 663 4164 δίκαια
678 4105 771 4184 αὐτῆς,
794 4104 845 4164 ὅσα
861 4105 989 4180 δηλονότι
1002 4107 1134 4180 κέκτηται
1149 4105 1195 4164 διά
1209 4103 1316 4164 παλαι-

41 4227 112 4292 γενιῖιν
130 4221 330 4302 δικαιωμάτων,
354 4223 408 4284 εἴτε
422 4224 514 4304 χωρία
527 4227 610 4286 ταῦτα
626 4222 701 4304 είσίν,
725 4223 779 4286 εἴτε
795 4227 929 4306 ἀμπέλια,
953 4224 1008 4286 είτε
1022 4229 1159 4306 χωρσίρια,
1183 4223 1238 4286 εἴτε
1261 4245 1316 4299 μω-

41 4337 128 4400 λιονιιά
142 4343 316 4424 ἐργαστήρια,
340 4343 395 4405 εἴτε
410 4347 491 4425 έτερα
505 4350 615 4406 τοιαῦτα
629 4347 802 4425 ἀποστατικά,
826 4345 882 4407 εἴτε
896 4350 1031 4428 πάροικοι,
1056 4345 1112 4407 είτε
1128 4346 1202 4407 ἀλλο
1216 4367 1242 4405 π
1256 4366 1315 4408 τοι·

41 4464 110 4542 σῖτον,
129 4465 323 4544 ἀνενοχλήτως
343 4468 498 4527 παντάπασι
512 4465 560 4528 καί
575 4467 752 4540 ἀδιασείστως
765 4469 837 4529 κατά
851 4469 901 4541 τάς
914 4468 1077 4549 περιλήψεις
1091 4473 1146 4528 τιῦν
1159 4469 1313 4548 προσόντων
1341 4454 1343 4458 ’

42 4581 94 4663 νὀιῄ
113 4585 153 4646 ἐπί
172 4589 278 4658 τοῦτοις
300 4588 444 4668 ἐγγράφων
467 4587 669 4670 δικαιωμάτων,
691 4591 798 4670 κατέχῃ
822 4589 853 4648 δέ
874 4590 945 4648 κατὰ
967 4591 1013 4650 τόν
1035 4591 1130 4664 ὅμοιον
1151 4591 1252 4667 τρόπον
1267 4587 1315 4648 καί

42 4699 91 4762 Ξῖῑι
108 4708 294 4787 τροτεπεδὸθη
318 4709 385 4789 αθτῇ
407 4710 506 4789 ἀρτίοις
529 4709 574 4769 διὰ
595 4714 760 4790 γράμματος
774 4716 821 4772 τοῦ
833 4711 1014 4790 περιποθήτου
1026 4709 1154 4789 γαμβροῦ
1167 4715 1217 4784 τῆς
1232 4708 1313 4783 βασι-
