3166 5298
261 351 323 416 122
1575 425 1576 428 χ

1575 453 1576 492 ι

259 547 403 620 κέκτηνται
424 543 486 626 περὶ
508 547 538 605 τό
561 541 684 632 [χωρίον]
707 551 754 607 τοῦ
769 547 1000 628 Κραβασμσθντου
1021 553 1075 624 γῆν
1099 547 1144 606 διὰ
1165 547 1380 628 χρυσοβσίιλλου,
1402 545 1452 606 καὶ
1475 567 1541 626 παρ-

260 667 395 728 εκάλεσαν
424 665 470 726 καὶ
502 667 634 742 ἐζήτησαν
663 668 713 743 τἠν
742 667 919 748 νραλλόνητά
950 690 1010 748 μου,
1040 669 1085 728 ἵνα
1110 669 1221 747 γένηται
1248 668 1359 749 ὁρισμός
1385 667 1477 739 αὺτοῖς
1501 665 1543 724 καὶ

259 786 475 869 περισυλλέξωσι
503 785 671 875 [ἀνθρώπους
703 786 875 876 ἐλευθέρους]
897 789 944 851 καί
972 790 1171 870 προσκαθίσωοι
1202 788 1241 862 εἰς
1270 790 1319 866 τὴν
1345 790 1471 866 τοιαύτην
1495 795 1543 866 γῆν
1575 759 1576 786 ³

260 913 356 993 αθτῶν,
385 912 434 986 τὴν
459 912 631 990 παράκλησιν
658 914 745 972 αίνιιῖιν
772 909 978 992 προσθεξαμὲνη
1005 914 1023 988 ἡ
1050 911 1210 992 κραλλότης
1237 932 1288 988 μου
1315 912 1478 992 ἐπιχορηγεῖ
1502 909 1543 970 καί
1575 989 1576 992 γ

260 1032 432 1113 ἐπιβραβεόει
455 1035 543 1106 αίντοῖς
564 1035 610 1094 τόν
631 1035 751 1115 παρόντα
773 1037 893 1115 ὁρισμόν,
918 1033 953 1094 δι’
966 1027 995 1095 οὗ
1013 1036 1157 1114 προστάξει
1172 1033 1218 1094 καί
1234 1034 1388 1115 διορίζεται,
1410 1033 1457 1092 ἵνα
1472 1035 1543 1102 όσους
1575 1001 1576 1048 ί

259 1151 414 1237 ἀνθρώπους
445 1156 605 1235 ἐλευθέρους
630 1157 842 1236 προσκαθίσωσιν
869 1155 908 1229 είς
929 1157 978 1232 τὴν
1001 1155 1146 1236 εἰρημένην
1168 1161 1221 1234 γῆν
1242 1153 1292 1238 καί
1312 1155 1453 1235 ἀλλαχοῦ,
1485 1156 1543 1214 ἔνθα
1575 1173 1576 1230 3

260 1278 352 1354 ἔχουσι
372 1283 435 1356 γῆν,
465 1279 601 1355 κατέχωσι
623 1279 731 1350 τούτους
754 1279 957 1356 άνενοχλήτως,
989 1279 1172 1358 ἀναφαιρέτως
1196 1275 1244 1338 καὶ
1266 1277 1482 1350 ἀναπσσπάστως
1503 1275 1543 1336 κοί
1575 1291 1576 1360 2

260 1396 338 1459 οίιδὲν
365 1397 519 1479 εὑρίσκωσιν
546 1397 606 1459 οίίτε
629 1399 682 1460 ἀπό
704 1405 757 1460 τῶν
778 1399 850 1460 κατὰ
871 1401 981 1480 καιροὺς
1002 1401 1283 1480 κεραλατικευόντων,
1316 1397 1378 1458 οίνιε
1399 1398 1476 1478 παρὰ
1495 1403 1543 1456 τῶν

260 1515 315 1606 [τὰ]
343 1519 460 1596 δημόσια
487 1520 691 1602 διενεργοίιντων
714 1525 732 1597 ῆ
755 1521 799 1602 ἀφ’
812 1523 904 1601 ἑτέρου
925 1524 996 1594 τινός
1017 1527 1071 1582 τῶν
1095 1524 1220 1583 ἁπάντων
1246 1516 1441 1606 [θιασεισμόν],
1474 1519 1544 1580 ἀλλὰ

260 1641 436 1722 διατηρῶνται
460 1643 639 1722 άντνόχλητσι
660 1642 706 1704 καὶ
729 1643 927 1720 άκαταζήτητοι
950 1645 1002 1704 άιτθ
1024 1647 1114 1719 πάσης
1137 1644 1266 1724 ἐπηρείας
1287 1641 1334 1704 καί
1357 1642 1472 1722 δόσεως,
1495 1663 1544 1700 κα-

260 1764 315 1836 θὼς
338 1765 429 1842 ἔχουσι
451 1762 498 1824 καὶ
519 1765 553 1824 τά
574 1765 658 1826 λοιπὰ
679 1768 806 1842 κτήματα
828 1767 915 1826 αὐτῶν
937 1765 983 1826 καί
998 1767 1090 1840 καθὼς
1106 1765 1321 1842 διαλαμβάνουσι
1335 1764 1382 1826 καὶ
1396 1764 1432 1825 τά
1446 1765 1543 1844 χρυσό-
1575 1731 1576 1804 ί

260 1885 368 1960 βουλλα
397 1884 444 1947 καὶ
473 1887 506 1946 τά
532 1891 728 1968 προστάγματα
748 1859 850 1950 οὔτῶν.
888 1887 979 1949 τοθτου
1005 1889 1058 1968 γάρ
1084 1891 1164 1968 χάριν
1193 1888 1302 1967 ἐγένετο
1329 1889 1419 1959 αὺτοῖς
1446 1885 1493 1946 καὶ
1517 1886 1543 1944 τό

259 2009 343 2088 παρόν
369 2011 532 2089 πρόσταγμα
557 2015 606 2087 τῆς
632 2011 822 2090 νραλλότητός
849 2031 900 2085 μου
928 2008 967 2082 είς
993 2010 1152 2090 οἰσράλειαν7
1184 2007 1248 2084 μηνί
1270 2009 1449 2088 σετττεμβρίου
1473 2007 1497 2068 θ’
1519 2013 1542 2082 †.

362 2135 379 2206 †
406 2125 490 2208 Είχε
519 2129 574 2191 καὶ
604 2131 642 2191 δι’
664 2132 808 2212 ἑρυθρῶν
837 2133 1041 2210 γραμμάτων
1070 2139 1128 2208 τῆς
1159 2130 1340 2208 βασιλικῆς
1369 2129 1425 2191 καὶ
1456 2128 1543 2198 θείας

259 2252 374 2331 χειρός
396 2255 443 2311 τό·
468 2252 634 2332 Στέφανος
655 2254 809 2334 κράλλης
832 2257 859 2330 †.
1575 2251 1576 2258 ί

363 2415 507 2470 Ιοαιιιιόάοι
521 2416 573 2470 Nr.
592 2419 620 2471 9.

727 2771 855 2839 XXIV.
884 2771 960 2838 Sine
982 2793 1076 2837 ann0.

262 2956 323 3011 Rex
335 2955 488 3028 Stephanus
500 2957 600 3012 Man
614 2956 753 3027 confimat
764 2958 932 3012 άσιιαίίονιοσι
942 2957 1048 3026 factam
1061 2975 1080 3010 a
1091 2974 1186 3028 σιαριιο
1198 2956 1339 3010 domestico
1352 2955 1448 3010 Αίασάο
1460 2953 1540 3008 lianc.

261 3176 412 3260 Ἕτερον
441 3180 663 3260 πρόσταγμα
694 3177 753 3238 διὰ
782 3179 846 3252 τὴν
875 3183 956 3256 γῆν,
990 3181 1030 3254 ἦν
1062 3178 1226 3238 δέδωκεν
1253 3179 1267 3237 ό
1294 3178 1412 3255 μέγας
1439 3175 1541 3250 όομέ-
1575 3155 1576 3168 ¹

737 3321 864 3373 στικος
890 3301 905 3358 ό
929 3301 1068 3360 Ῥαοίιλ.

363 3479 379 3552 †
402 3471 480 3535 Ἐπεὶ
502 3477 517 3534 ό
539 3474 638 3546 οίκεῐος
660 3471 707 3535 καὶ
728 3475 913 3553 περιλημένος
932 3479 965 3556 τῇ
987 3473 1114 3556 βασιλείᾳ
1130 3493 1191 3550 μου,
1216 3476 1303 3551 μέγας
1320 3472 1482 3548 δομέστικος
1495 3473 1540 3547 κάρ

262 3593 386 3669 Ἀλέξιος
408 3598 423 3654 ό
445 3599 556 3670 Ῥοισθλ,
580 3597 614 3656 δι’
626 3600 660 3671 ἣν
685 3591 740 3654 εἶδε
764 3596 944 3677 στενοχωρίαν
966 3603 1019 3674 γῆς
1043 3594 1081 3668 τίς
1103 3597 1133 3655 τό
1155 3594 1217 3675 περὶ
1240 3596 1286 3670 τὴν
1310 3594 1397 3673 Ζίχνα
1420 3598 1539 3672 μετόχιον

261 3725 310 3794 τῆς
332 3717 481 3794 σεβασμίας
504 3717 648 3795 βασιλικῆς
670 3725 756 3795 μονῆς
778 3724 823 3780 τοῦ
845 3719 931 3794 τιμίου
948 3719 1107 3798 Προθρόμου
1129 3723 1175 3779 τοῦ
1198 3719 1226 3778 ἐν
1248 3718 1286 3798 τῷ
1310 3719 1366 3798 όρει
1380 3721 1426 3778 τοῦ
1442 3719 1539 3777 Μενοι-

261 3840 334 3910 κέως
363 3842 393 3900 τό
420 3839 459 3912 είς
481 3837 568 3916 όνομα
589 3843 743 3916 τιμώμενον
765 3845 818 3900 τῶν
842 3841 1016 3922 Ἀοωμάτων,
1040 3837 1128 3922 οἰκείᾳ
1148 3837 1246 3923 γνώμῃ
1269 3837 1315 3900 καί
1338 3840 1429 3921 ἀγαθῇ
1450 3857 1539 3918 προαι-

262 3963 334 4042 ρέσει
364 3960 479 4042 διέκρινε
504 3961 551 4022 καί
574 3962 681 4024 δέδωκε
702 3966 770 4043 πρός
793 3964 855 4024 αθάο
879 3964 923 4024 διὰ
942 3965 1104 4043 γράμματος
1119 3965 1198 4022 αὑτοῦ
1214 3963 1329 4043 μερικὴν
1344 3969 1407 4043 γῆν,
1430 3965 1539 4040 ψυχικῆς

262 4086 344 4144 ἕνεκα
373 4085 507 4165 σωτηρίας
535 4084 582 4144 καί
612 4087 781 4162 μνημοαίνσυ
807 4093 857 4162 τῆς
879 4084 1021 4161 βασιλείας
1044 4107 1095 4161 μου
1117 4083 1163 4144 καί
1186 4086 1274 4164 αὺτοῦ,
1310 4085 1424 4162 ἐζήτησε
1448 4075 1539 4144 δὲκαὶ

261 4207 436 4288 παρεκάλεσε
461 4207 588 4280 πλείονος
615 4209 696 4267 ἕνεκα
723 4206 762 4281 είς
788 4209 819 4268 τό
847 4207 912 4284 ἑξῆς
939 4207 1089 4288 σίοραλείας
1115 4205 1163 4267 καὶ
1190 4185 1367 4282 βεβαιώσεως
1388 4210 1479 4285 τυχεῖν
1500 4199 1539 4263 καί

261 4331 468 4408 προστάγματος
495 4335 544 4404 τῆς
574 4329 717 4403 βασιλείας
747 4349 797 4406 μου
826 4331 1012 4410 ἐπικυροΰντος
1034 4331 1082 4404 τἠν
1106 4331 1184 4390 αὺτοῦ
1206 4327 1360 4409 προαίρεσιν
1383 4326 1431 4387 καὶ
1452 4322 1538 4406 πρᾶξιν

262 4451 368 4530 ἀγαθὴν
396 4451 440 4510 διά
465 4455 511 4511 τοῦ
539 4451 667 4532 ῥηθέντος
692 4455 856 4534 γράμματος
883 4451 971 4534 αὐτοῦ,
1002 4453 1050 4527 τήν
1072 4451 1196 4528 τοισθιην
1219 4451 1299 4511 αίιτοϋ
1322 4442 1510 4536 [παράκλησιν]
1520 4446 1537 4520 l)

261 4611 466 4620 ——....-—-——.

367 4712 387 4779 ¹)
406 4709 489 4782 πρᾶξιν
507 4715 528 4764 1.
