3194 5298
1294 365 1355 430 155

48 565 148 636 πάσης
171 559 215 620 καὶ
240 561 400 640 ἐλευθερίας
422 561 570 620 ἀπολαύειν
594 561 687 632 αυτούς
711 561 756 620 καί
779 565 867 622 πάντα
889 563 923 620 τὰ
945 563 1079 641 προσόντα
1101 563 1242 639 γονικόθεν
1266 563 1355 634 αὐτοῖς

50 684 183 763 ἀνώτερα
218 685 369 760 κεκτῆσθαι
403 683 500 755 τέλους
535 683 581 743 καὶ
619 684 717 764 βάρους
752 685 954 760 ύποιουδήτινος
988 683 1034 744 καί
1069 683 1237 765 κομμερκίου
1275 687 1355 764 χάριν

49 807 277 880 ἐνταταζητήτους
305 808 467 884 τετηρῆσθαι
493 809 671 886 παντάπασιν,
706 807 747 885 ἐρ’
766 801 808 878 αἷς
836 811 868 865 άν
895 809 981 866 ποιεῖν
1010 806 1128 868 ἐθέλωσι
1155 807 1356 886 πραγματείαις

49 931 77 987 ἐν
102 937 140 1010 τῇ
167 926 297 1010 εἰρημένῃ
319 929 400 988 πόλει
423 935 473 1002 τῆς
496 927 703 1004 Μσνεμβασίας.
729 930 800 1007 ὅθεν,
825 929 922 1004 ἐπειδὴ
944 927 992 988 καὶ
1007 931 1051 986 νύν
1067 928 1133 1009 ύπέρ
1148 929 1247 988 τούτων
1262 933 1354 1007 τυχεῖν

48 1049 223 1132 ἐξῃτήσαντο
246 1050 293 1110 καί
315 1051 524 1130 χρυσοβούλλσυ
548 1058 597 1126 τῆς
620 1049 762 1122 βασιλείας
786 1071 847 1130 μου,
878 1052 999 1126 εὐμενῶς
1021 1071 1052 1110 τε
1075 1047 1147 1128 άγαν
1169 1049 1216 1110 καὶ
1238 1051 1355 1126 ἑτοίμως

24 1165 80 1252 ’τῇ
106 1173 220 1254 τοιαύτη
248 1174 336 1232 αὐτῶν
363 1174 537 1252 παρακλήσει
564 1173 732 1234 συννεύουσα
753 1175 798 1231 τὸν
820 1175 942 1253 παρέντα
963 1173 1062 1248 ταύτης
1083 1174 1152 1254 προς
1174 1173 1269 1246 αύτούς
1292 1173 1353 1234 ἑπι-

49 1295 185 1371 ζοραβεύει
210 1295 418 1373 χρυσέβουλλον
447 1297 543 1374 λόγον,
578 1295 611 1354 δι’
624 1289 655 1354 ού
680 1297 844 1375 προστάσσει
865 1293 912 1355 καὶ
935 1295 1078 1375 διορίζεται
1102 1296 1286 1356 ἐπαπολαύειν
1308 1294 1355 1356 καί

48 1416 88 1488 εἰς
121 1419 156 1476 τε
188 1415 252 1492 ἑξῆς
282 1417 343 1488 τους
374 1416 519 1497 οἰκήτορας
548 1423 597 1492 τῆς
626 1418 750 1493 τοιαύτης
777 1417 888 1488 πόλεως
912 1417 1108 1493 Μονεμβασῖας
1135 1425 1183 1494 τής
1205 1418 1355 1498 προσούσης

50 1540 145 1610 αὐτοῖς
176 1542 258 1618 μέχρι
286 1544 332 1599 τοῦ
359 1544 403 1599 νῦν
430 1542 554 1615 τοιαύτης
578 1536 737 1612 ἐξκουσσίας
758 1559 789 1598 τε
811 1537 858 1598 καί
881 1539 1081 1617 άνενοχλησίας
1103 1538 1150 1600 καί
1173 1540 1355 1620 διατηρεῖσθαι

49 1661 101 1734 μὲν
126 1663 163 1720 τά
185 1682 215 1720 τε
237 1661 334 1740 γονικά
356 1661 402 1721 καί
426 1661 588 1722 ύποστοιτικύι
605 1664 691 1722 σάντων
708 1661 864 1722 άδιάσειστα
879 1663 966 1737 πάντη
982 1660 1028 1721 καί
1046 1662 1178 1743 ἐλεύθερα
1192 1659 1240 1723 καί
1253 1664 1355 1733 παντὸς

49 1783 157 1862 βάρους
179 1782 226 1842 καὶ
247 1783 346 1855 τέλους
369 1783 502 1864 ἀνώτερα,
526 1786 594 1863 άπερ
618 1782 783 1865 εὑρίσκονται
803 1785 967 1860 κεκτημένοι
982 1783 1053 1860 μετὰ
1066 1791 1116 1860 τῆς
1131 1785 1254 1861 τοιαύτης
1271 1783 1354 1844 ἐλευ-

50 1905 148 1983 θερίας
179 1907 261 1986 μέχρι
292 1911 341 1982 τῆς
371 1907 500 1986 σήμερον,
537 1904 674 1981 διαμένειν
705 1905 737 1964 δὲ
765 1905 859 1976 αὺτούς
885 1903 932 1965 καὶ
959 1905 1012 1966 ἀπο
1039 1911 1088 1984 τῆς
1114 1911 1160 1966 τοῦ
1187 1905 1354 1986 κομμερκίου

49 2025 159 2098 ἰάσεως
182 2029 401 2102 άκαταζητήτους
424 2047 453 2086 τε
476 2025 522 2086 καί
545 2027 747 2105 ἀνενοχλήτους
769 2029 948 2107 παντάπασιν,
971 2027 1012 2106 ἐρ’
1027 2022 1069 2100 αἷς
1091 2031 1124 2086 άν
1147 2027 1276 2104 δηλονότι
1290 2047 1352 2086 ποι-

51 2155 135 2207 ῶνται
170 2149 372 2229 πραγματείαις
403 2151 431 2208 ἐν
461 2157 494 2230 τῇ
523 2151 633 2232 τοιαύτη
663 2151 743 2210 πέλει
775 2157 824 2224 τής
848 2149 1059 2226 Μονεμβασίας·
1095 2149 1223 2222 βούλεται
1252 2149 1306 2230 γάρ
1335 2151 1353 2225 ή

53 2271 186 2342 βασιλεία
216 2294 268 2346 μου
295 2271 405 2342 τελείας
429 2273 576 2332 ἀπολαύειν
600 2273 695 2345 αύτούς
719 2275 839 2345 ἅπαντας
861 2277 910 2348 τῆς
934 2271 978 2332 ἐπὶ
1000 2273 1103 2345 τούτοις
1126 2272 1285 2351 ἐλευθερίας
1307 2272 1353 2331 καὶ

53 2395 176 2467 ἀνέσεως
205 2401 238 2476 τῇ
270 2395 403 2476 έμρανείᾳ
432 2399 477 2454 τοῦ
501 2397 634 2475 παρέντος
656 2395 864 2476 χρυσσβσύλλσυ
887 2395 972 2474 λόγου
994 2401 1043 2470 τῆς
1067 2394 1209 2470 βασιλείας
1233 2415 1284 2470 μου
1307 2393 1354 2454 καὶ

54 2517 89 2588 μὴ
123 2517 257 2596 εὑρίσκειν
286 2517 352 2598 ὑπὲρ
375 2518 474 2576 τούτων
497 2517 544 2592 τὴν
568 2517 722 2592 οῖανδήτινοι
745 2518 919 2596 διενόχλησιν
942 2516 989 2578 καί
1012 2519 1162 2593 συζήτησιν.
1202 2514 1246 2578 ἐπί
1268 2517 1353 2595 τούτῳ

55 2637 106 2716 γὰρ
129 2641 255 2718 γεγονὼς
279 2639 324 2700 καὶ
348 2643 363 2698 ὁ
385 2640 478 2719 παρὼν
501 2639 708 2720 χρυσόβουλλος
731 2641 818 2718 λόγος
840 2647 889 2715 τῆς
913 2639 1057 2714 βασιλείας
1081 2660 1132 2714 μου
1157 2640 1352 2719 ἐπεχορηγήθη

54 2758 100 2817 καί
125 2761 315 2840 ἐπεβραβεύθη
341 2764 430 2832 αυτοῖς
452 2763 536 2822 κατὰ
560 2768 648 2837 μῆνα
670 2761 851 2839 αύγουστον
872 2768 932 2837 τής
954 2766 1007 2820 νῦν
1030 2763 1210 2842 τρεχούσης
1232 2759 1270 2834 ιβ’
1295 2759 1352 2820 ίνδ.

54 2887 107 2941 τοῦ
133 2904 165 2963 ,ς
187 2886 450 2946 έπτακοσιοοτοῖι
474 2885 697 2960 ἐνενηκοστού
713 2883 738 2958 β’
764 2886 866 2963 ἐ’τους,
890 2885 919 2944 ἐν
942 2879 965 2963 ᾧ
984 2881 1030 2943 καί
1045 2886 1075 2944 το
1090 2885 1224 2964 ἡμέτερον
1240 2881 1352 2956 εύσεβὲς

57 3003 101 3062 καί
123 3005 330 3086 θεοπράβλητσν
352 3005 543 3081 ύπεσημήνσιτο
566 3009 667 3087 κράτος
689 3011 714 3082 ή.

158 3129 408 3208 ήἈνδράνικος
437 3130 469 3188 ἐν
500 3128 632 3209 Χριστῷ
662 3129 705 3206 τῷ
737 3130 799 3208 θεῷ
830 3129 946 3200 πιστὸς
977 3128 1137 3203 βασιλεύς
1167 3125 1224 3187 καὶ
1256 3127 1352 3186 αῐιτο-

57 3253 184 3331 κράτωρ
212 3251 383 3326 Ῥωμαίων
406 3252 533 3321 Δούκας
558 3249 725 3330 Ἄγγελος
749 3251 927 3326 Κομνηνές
950 3252 964 3309 ὁ
988 3250 1231 3329 Παλαιολάγος
1253 3254 1279 3326 †.

158 3413 256 3468 Edidit
276 3414 312 3467 E.
331 3415 424 3468 Miller
445 3417 472 3467 ιἰι
491 3415 615 3484 υαὶαίυρυ
634 3415 701 3468 Μαι.
723 3433 813 3485 μνασυ.
837 3415 1008 3468 ύίύύίοίίιτσαε
1026 3413 1204 3469 δαυιίαίωκιίο
1221 3433 1251 3484 p.
1272 3417 1312 3469 59
1328 3421 1352 3468 et

60 3515 219 3586 Zachariae,
236 3519 290 3574 άασ
304 3537 401 3589 yraeco
417 3537 482 3572 rom.
502 3519 559 3572 III.
574 3539 605 3588 p.
626 3521 695 3572 605.

340 3857 381 3922 II.
408 3859 632 3936 6801-1‘293,
658 3881 769 3922 mense
791 3861 889 3943 ῖιιτιίο,
913 3859 978 3922 ind.
1004 3859 1062 3923 VI.

64 4037 205 4106 ,Ῑιιιριτιιῖυτ
224 4045 395 4096 Andronicus
418 4045 456 4097 II.
482 4045 665 4114 metropolium·
689 4037 891 4097 Moneinhasiae
916 4045 1034 4098 συιισιτάιῖ
1058 4046 1214 4114 diffinitam
1242 4046 1353 4099 ιάιινυίιί

140 4149 219 4200 totius
239 4148 418 4216 Peloponnesi
431 4150 621 4219 cmtfirmatque
630 4151 710 4218 jura,
725 4151 873 4219 privilegia
889 4157 913 4202 et
924 4150 1106 4218 ριοοιιιόεἰυιι-ασ
1123 4151 1256 4204 ecclesiae.

156 4357 170 4422 †
188 4353 250 4410 Κᾶν
276 4349 297 4410 εί
315 4354 397 4426 μήπω
417 4355 547 4432 πρότερον
565 4354 630 4430 έρθη
647 4354 763 4412 πλεῖστα
779 4353 812 4426 δὴ
828 4353 1007 4430 παραπλήσια
1022 4355 1149 4430 γενέσθαι
1166 4353 1306 4428 βασιλεῦσί
1321 4373 1350 4412 τε

66 4469 103 4524 καὶ
126 4469 231 4553 σίλλοις,
256 4471 302 4532 καί
319 4475 368 4550 οὺχ
383 4468 462 4548 ἧττον
478 4477 553 4554 ἡμῖν,
576 4473 622 4532 καί
638 4477 797 4549 νομισθῆναι
813 4479 858 4533 τοῦ
874 4475 971 4533 λοιποῦ
986 4473 1135 4553 γίγνεσθαι,
1156 4473 1222 4546 ἴσως
1238 4473 1270 4534 ἂν
1286 4473 1351 4548 ἴσως

67 4589 80 4660 ἦ
100 4613 128 4668 γε
150 4600 193 4654 νῦν
217 4597 283 4669 αύτη
308 4601 429 4673 παροῦσά
451 4619 480 4656 τε
504 4595 550 4656 καί
573 4599 769 4675 προτεθειμένη
792 4605 825 4676 τῇ,
850 4597 977 4676 βασιλείᾳ
1001 4615 1052 4670 μου
1074 4595 1172 4676 πρᾶξις
1196 4597 1289 4674 ἐρεύρε
1305 4597 1350 4655 τὀν

69 4717 170 4775 :ainzu
200 4719 289 4778 καλού
318 4719 409 4776 τύπον·
453 4721 551 4793 άμέλει
581 4717 626 4778 καί
657 4719 791 4800 ἐρ’έοιυτή
822 4719 948 4793 κείμενον
973 4719 1004 4777 ἂν
1028 4723 1045 4792 ἢ
1070 4719 1179 4792 μᾶλλον
1203 4719 1285 4798 ἐρεῖν,
1314 4716 1349 4776 δι’
