<?xml version="1.0" encoding="UTF-8"?>
<!DOCTYPE html PUBLIC "-//W3C//DTD XHTML 1.0 Transitional//EN"
    "http://www.w3.org/TR/xhtml1/DTD/xhtml1-transitional.dtd">
<html xmlns="http://www.w3.org/1999/xhtml" xml:lang="en" lang="en">
 <head>
  <title>
</title>
<meta http-equiv="Content-Type" content="text/html;charset=utf-8" />
  <meta name='ocr-system' content='tesseract 3.04.00' />
  <meta name='ocr-capabilities' content='ocr_page ocr_carea ocr_par ocr_line ocrx_word'/>
</head>
<body>
  <div class='ocr_page' id='page_1' title='image "./actaetdiplomata00miklgoog_0450.png"; bbox 0 0 3240 5286; ppageno 0'>
   <div class='ocr_carea' id='block_1_1' title="bbox 1283 337 1344 400">
    <p class='ocr_par' dir='ltr' id='par_1_1' title="bbox 1283 337 1344 400">
     <span class='ocr_line' id='line_1_1' title="bbox 1283 337 1344 400; baseline -0.016 0"><span class='ocrx_word' id='word_1_1' title='bbox 1283 337 1344 400; x_wconf 77' lang='lat'>277</span> 
     </span>
    </p>
   </div>
   <div class='ocr_carea' id='block_1_2' title="bbox 58 529 1352 2678">
    <p class='ocr_par' dir='ltr' id='par_1_2' title="bbox 58 529 1352 2678">
     <span class='ocr_line' id='line_1_2' title="bbox 61 529 1348 612; baseline 0.001 -22"><span class='ocrx_word' id='word_1_2' title='bbox 61 533 211 590; x_wconf 73' lang='grc' dir='ltr'>ἀποσκοπεῖν</span> <span class='ocrx_word' id='word_1_3' title='bbox 242 531 299 590; x_wconf 88' lang='grc' dir='ltr'>δεῖν</span> <span class='ocrx_word' id='word_1_4' title='bbox 330 531 401 608; x_wconf 85' lang='grc' dir='ltr'>ἔγνω</span> <span class='ocrx_word' id='word_1_5' title='bbox 413 529 433 610; x_wconf 89' lang='grc' dir='ltr'>Ι)</span> <span class='ocrx_word' id='word_1_6' title='bbox 463 535 543 605; x_wconf 84' lang='grc' dir='ltr'>τιμάν</span> <span class='ocrx_word' id='word_1_7' title='bbox 574 537 662 612; x_wconf 71' lang='grc' dir='ltr'>σιωπῇ</span> <span class='ocrx_word' id='word_1_8' title='bbox 685 535 703 604; x_wconf 79' lang='grc' dir='ltr'>ἢ</span> <span class='ocrx_word' id='word_1_9' title='bbox 728 531 775 602; x_wconf 85' lang='grc' dir='ltr'>τάς</span> <span class='ocrx_word' id='word_1_10' title='bbox 799 529 956 602; x_wconf 87' lang='grc' dir='ltr'>δυναστείας</span> <span class='ocrx_word' id='word_1_11' title='bbox 979 530 1063 604; x_wconf 80' lang='grc' dir='ltr'>αύτῆς</span> <span class='ocrx_word' id='word_1_12' title='bbox 1086 530 1217 610; x_wconf 79' lang='grc' dir='ltr'>ἀριθμεῖν.</span> <span class='ocrx_word' id='word_1_13' title='bbox 1264 531 1348 610; x_wconf 89' lang='grc' dir='ltr'>μικρά</span> 
     </span>
     <span class='ocr_line' id='line_1_3' title="bbox 62 646 1347 733; baseline 0.002 -22"><span class='ocrx_word' id='word_1_14' title='bbox 62 654 88 712; x_wconf 82' lang='grc' dir='ltr'>δέ</span> <span class='ocrx_word' id='word_1_15' title='bbox 111 673 166 711; x_wconf 88' lang='grc' dir='ltr'>τινα</span> <span class='ocrx_word' id='word_1_16' title='bbox 192 652 363 730; x_wconf 79' lang='grc' dir='ltr'>ἀρσσισῦσθαι</span> <span class='ocrx_word' id='word_1_17' title='bbox 390 653 575 730; x_wconf 75' lang='grc' dir='ltr'>προθυμεῖται,</span> <span class='ocrx_word' id='word_1_18' title='bbox 607 652 651 732; x_wconf 82' lang='grc' dir='ltr'>ἀρ’</span> <span class='ocrx_word' id='word_1_19' title='bbox 664 646 701 712; x_wconf 79' lang='grc' dir='ltr'>ὧν</span> <span class='ocrx_word' id='word_1_20' title='bbox 729 653 748 726; x_wconf 81' lang='grc' dir='ltr'><strong>ἡ</strong></span> <span class='ocrx_word' id='word_1_21' title='bbox 776 651 945 732; x_wconf 81' lang='grc' dir='ltr'>θλβιόδωρος</span> <span class='ocrx_word' id='word_1_22' title='bbox 973 652 1038 726; x_wconf 76' lang='grc' dir='ltr'>αῦτη</span> <span class='ocrx_word' id='word_1_23' title='bbox 1067 653 1133 726; x_wconf 78' lang='grc' dir='ltr'>ἡμῖν</span> <span class='ocrx_word' id='word_1_24' title='bbox 1154 654 1278 733; x_wconf 79' lang='grc' dir='ltr'>παρέσχε</span> <span class='ocrx_word' id='word_1_25' title='bbox 1300 651 1347 713; x_wconf 85' lang='grc' dir='ltr'>καί</span> 
     </span>
     <span class='ocr_line' id='line_1_4' title="bbox 62 770 1348 856; baseline 0 -22"><span class='ocrx_word' id='word_1_26' title='bbox 62 773 232 852; x_wconf 83' lang='grc' dir='ltr'>τεταμίευκεν,</span> <span class='ocrx_word' id='word_1_27' title='bbox 263 771 358 852; x_wconf 83' lang='grc' dir='ltr'>εἰδυία,</span> <span class='ocrx_word' id='word_1_28' title='bbox 386 774 425 845; x_wconf 88' lang='grc' dir='ltr'>ὡς</span> <span class='ocrx_word' id='word_1_29' title='bbox 448 774 478 832; x_wconf 89' lang='grc' dir='ltr'>σύ</span> <span class='ocrx_word' id='word_1_30' title='bbox 500 779 533 854; x_wconf 77' lang='grc' dir='ltr'>τῇ</span> <span class='ocrx_word' id='word_1_31' title='bbox 556 770 620 854; x_wconf 78' lang='grc' dir='ltr'>ἀξίᾳ</span> <span class='ocrx_word' id='word_1_32' title='bbox 642 777 687 833; x_wconf 89' lang='grc' dir='ltr'>τοῦ</span> <span class='ocrx_word' id='word_1_33' title='bbox 711 771 862 852; x_wconf 75' lang='grc' dir='ltr'>διδομένου,</span> <span class='ocrx_word' id='word_1_34' title='bbox 886 777 919 854; x_wconf 75' lang='grc' dir='ltr'>τῇ</span> <span class='ocrx_word' id='word_1_35' title='bbox 943 772 974 834; x_wconf 85' lang='grc' dir='ltr'>δὲ</span> <span class='ocrx_word' id='word_1_36' title='bbox 999 771 1119 832; x_wconf 79' lang='grc' dir='ltr'>διαθέσει</span> <span class='ocrx_word' id='word_1_37' title='bbox 1141 771 1188 832; x_wconf 88' lang='grc' dir='ltr'>καὶ</span> <span class='ocrx_word' id='word_1_38' title='bbox 1210 773 1348 856; x_wconf 75' lang='grc' dir='ltr'>προθυμίᾳ</span> 
     </span>
     <span class='ocr_line' id='line_1_5' title="bbox 62 891 1347 975; baseline 0.001 -21"><span class='ocrx_word' id='word_1_39' title='bbox 62 900 100 954; x_wconf 82' lang='grc' dir='ltr'>τοῦ</span> <span class='ocrx_word' id='word_1_40' title='bbox 119 899 348 974; x_wconf 79' lang='grc' dir='ltr'>καρποφοροῦντος</span> <span class='ocrx_word' id='word_1_41' title='bbox 370 896 465 975; x_wconf 82' lang='grc' dir='ltr'>μετρεῖ</span> <span class='ocrx_word' id='word_1_42' title='bbox 487 895 550 966; x_wconf 85' lang='grc' dir='ltr'>θτδς</span> <span class='ocrx_word' id='word_1_43' title='bbox 571 895 620 969; x_wconf 83' lang='grc' dir='ltr'>τὴν</span> <span class='ocrx_word' id='word_1_44' title='bbox 644 891 770 953; x_wconf 84' lang='grc' dir='ltr'>ἐπίδοσιν.</span> <span class='ocrx_word' id='word_1_45' title='bbox 807 891 867 954; x_wconf 84' lang='grc' dir='ltr'>ἐπεὶ</span> <span class='ocrx_word' id='word_1_46' title='bbox 890 893 921 954; x_wconf 85' lang='grc' dir='ltr'>δὲ</span> <span class='ocrx_word' id='word_1_47' title='bbox 943 895 1026 954; x_wconf 84' lang='grc' dir='ltr'>πόθον</span> <span class='ocrx_word' id='word_1_48' title='bbox 1051 893 1195 974; x_wconf 85' lang='grc' dir='ltr'>ἐγκάρδιον</span> <span class='ocrx_word' id='word_1_49' title='bbox 1217 896 1347 970; x_wconf 88' lang='grc' dir='ltr'>κέκτηται</span> 
     </span>
     <span class='ocr_line' id='line_1_6' title="bbox 62 1013 1347 1104; baseline -0.002 -28"><span class='ocrx_word' id='word_1_50' title='bbox 62 1021 77 1090; x_wconf 80' lang='grc' dir='ltr'><strong>ἡ</strong></span> <span class='ocrx_word' id='word_1_51' title='bbox 97 1016 215 1090; x_wconf 82' lang='grc' dir='ltr'>βασιλεία</span> <span class='ocrx_word' id='word_1_52' title='bbox 247 1037 299 1104; x_wconf 72' lang='grc' dir='ltr'>μου</span> <span class='ocrx_word' id='word_1_53' title='bbox 323 1015 352 1087; x_wconf 86' lang='grc' dir='ltr'>ἐς</span> <span class='ocrx_word' id='word_1_54' title='bbox 375 1017 424 1090; x_wconf 81' lang='grc' dir='ltr'>τὴν</span> <span class='ocrx_word' id='word_1_55' title='bbox 446 1015 618 1090; x_wconf 86' lang='grc' dir='ltr'>πανύμνητσν</span> <span class='ocrx_word' id='word_1_56' title='bbox 644 1015 742 1091; x_wconf 88' lang='grc' dir='ltr'>ταύτην</span> <span class='ocrx_word' id='word_1_57' title='bbox 765 1013 811 1074; x_wconf 89' lang='grc' dir='ltr'>καί</span> <span class='ocrx_word' id='word_1_58' title='bbox 833 1019 1000 1094; x_wconf 83' lang='grc' dir='ltr'>κυριώνυμον</span> <span class='ocrx_word' id='word_1_59' title='bbox 1024 1016 1160 1095; x_wconf 82' lang='grc' dir='ltr'>θεστθκον,</span> <span class='ocrx_word' id='word_1_60' title='bbox 1190 1017 1239 1091; x_wconf 85' lang='grc' dir='ltr'>τὴν</span> <span class='ocrx_word' id='word_1_61' title='bbox 1262 1015 1347 1094; x_wconf 88' lang='grc' dir='ltr'>έγκσ-</span> 
     </span>
     <span class='ocr_line' id='line_1_7' title="bbox 63 1135 1348 1219; baseline 0 -22"><span class='ocrx_word' id='word_1_62' title='bbox 63 1139 138 1214; x_wconf 83' lang='grc' dir='ltr'>σμίως</span> <span class='ocrx_word' id='word_1_63' title='bbox 165 1139 215 1214; x_wconf 83' lang='grc' dir='ltr'>μὲν</span> <span class='ocrx_word' id='word_1_64' title='bbox 246 1136 293 1197; x_wconf 86' lang='grc' dir='ltr'>καὶ</span> <span class='ocrx_word' id='word_1_65' title='bbox 324 1137 511 1218; x_wconf 86' lang='grc' dir='ltr'>ῦπερκσσμίως</span> <span class='ocrx_word' id='word_1_66' title='bbox 543 1135 753 1219; x_wconf 82' lang='grc' dir='ltr'>ἑξυμνουμένην,</span> <span class='ocrx_word' id='word_1_67' title='bbox 785 1135 815 1196; x_wconf 88' lang='grc' dir='ltr'>έν</span> <span class='ocrx_word' id='word_1_68' title='bbox 846 1136 877 1196; x_wconf 87' lang='grc' dir='ltr'>δὲ</span> <span class='ocrx_word' id='word_1_69' title='bbox 907 1135 946 1215; x_wconf 85' lang='grc' dir='ltr'>τῷ</span> <span class='ocrx_word' id='word_1_70' title='bbox 976 1140 1022 1198; x_wconf 86' lang='grc' dir='ltr'>τοῦ</span> <span class='ocrx_word' id='word_1_71' title='bbox 1045 1137 1131 1196; x_wconf 88' lang='grc' dir='ltr'>Μέλα</span> <span class='ocrx_word' id='word_1_72' title='bbox 1158 1137 1216 1217; x_wconf 81' lang='grc' dir='ltr'>θρει</span> <span class='ocrx_word' id='word_1_73' title='bbox 1241 1135 1348 1215; x_wconf 77' lang='grc' dir='ltr'>ἐξόχως</span> 
     </span>
     <span class='ocr_line' id='line_1_8' title="bbox 64 1257 1348 1338; baseline -0.001 -18"><span class='ocrx_word' id='word_1_74' title='bbox 64 1261 257 1338; x_wconf 83' lang='grc' dir='ltr'>σεμιυνομένην,</span> <span class='ocrx_word' id='word_1_75' title='bbox 281 1263 315 1334; x_wconf 73' lang='grc' dir='ltr'>ἣν</span> <span class='ocrx_word' id='word_1_76' title='bbox 336 1259 475 1331; x_wconf 73' lang='grc' dir='ltr'>πολλάκις</span> <span class='ocrx_word' id='word_1_77' title='bbox 497 1257 544 1318; x_wconf 87' lang='grc' dir='ltr'>καὶ</span> <span class='ocrx_word' id='word_1_78' title='bbox 567 1258 703 1338; x_wconf 87' lang='grc' dir='ltr'>διαπύρως</span> <span class='ocrx_word' id='word_1_79' title='bbox 726 1258 836 1318; x_wconf 82' lang='grc' dir='ltr'>ἀνιοῦσα</span> <span class='ocrx_word' id='word_1_80' title='bbox 859 1259 1045 1337; x_wconf 79' lang='grc' dir='ltr'>προσεκύνησε</span> <span class='ocrx_word' id='word_1_81' title='bbox 1067 1259 1116 1334; x_wconf 76' lang='grc' dir='ltr'>τὴν</span> <span class='ocrx_word' id='word_1_82' title='bbox 1139 1260 1238 1335; x_wconf 85' lang='grc' dir='ltr'>ταύτης</span> <span class='ocrx_word' id='word_1_83' title='bbox 1258 1264 1348 1338; x_wconf 87' lang='grc' dir='ltr'>ψυχο-</span> 
     </span>
     <span class='ocr_line' id='line_1_9' title="bbox 62 1379 1349 1462; baseline 0 -22"><span class='ocrx_word' id='word_1_84' title='bbox 62 1387 159 1462; x_wconf 83' lang='grc' dir='ltr'>τύτηρα</span> <span class='ocrx_word' id='word_1_85' title='bbox 179 1382 359 1456; x_wconf 80' lang='grc' dir='ltr'>ἀσπασαμένη</span> <span class='ocrx_word' id='word_1_86' title='bbox 383 1379 485 1460; x_wconf 74' lang='grc' dir='ltr'>εἰκόνα,</span> <span class='ocrx_word' id='word_1_87' title='bbox 508 1379 555 1442; x_wconf 92' lang='grc' dir='ltr'>καί</span> <span class='ocrx_word' id='word_1_88' title='bbox 578 1382 608 1440; x_wconf 82' lang='grc' dir='ltr'>ιδ</span> <span class='ocrx_word' id='word_1_89' title='bbox 630 1386 680 1455; x_wconf 84' lang='grc' dir='ltr'>τῆς</span> <span class='ocrx_word' id='word_1_90' title='bbox 703 1387 790 1457; x_wconf 84' lang='grc' dir='ltr'>μονῆς</span> <span class='ocrx_word' id='word_1_91' title='bbox 811 1381 972 1461; x_wconf 78' lang='grc' dir='ltr'>περίπυστον</span> <span class='ocrx_word' id='word_1_92' title='bbox 986 1382 1133 1456; x_wconf 77' lang='grc' dir='ltr'>πατησασα</span> <span class='ocrx_word' id='word_1_93' title='bbox 1149 1379 1279 1460; x_wconf 82' lang='grc' dir='ltr'>δάπεδον,</span> <span class='ocrx_word' id='word_1_94' title='bbox 1301 1379 1349 1441; x_wconf 90' lang='grc' dir='ltr'>καί</span> 
     </span>
     <span class='ocr_line' id='line_1_10' title="bbox 61 1499 1350 1581; baseline -0.001 -19"><span class='ocrx_word' id='word_1_95' title='bbox 61 1504 104 1577; x_wconf 79' lang='grc' dir='ltr'>τὴν</span> <span class='ocrx_word' id='word_1_96' title='bbox 123 1505 191 1564; x_wconf 83' lang='grc' dir='ltr'>θέσιν</span> <span class='ocrx_word' id='word_1_97' title='bbox 214 1506 261 1563; x_wconf 89' lang='grc' dir='ltr'>τοῦ</span> <span class='ocrx_word' id='word_1_98' title='bbox 282 1505 366 1562; x_wconf 82' lang='grc' dir='ltr'>τύπου</span> <span class='ocrx_word' id='word_1_99' title='bbox 388 1503 428 1574; x_wconf 86' lang='grc' dir='ltr'>ὡς</span> <span class='ocrx_word' id='word_1_100' title='bbox 450 1502 603 1581; x_wconf 86' lang='grc' dir='ltr'>ψυχωρελῆ</span> <span class='ocrx_word' id='word_1_101' title='bbox 625 1499 671 1562; x_wconf 86' lang='grc' dir='ltr'>καὶ</span> <span class='ocrx_word' id='word_1_102' title='bbox 695 1499 852 1574; x_wconf 78' lang='grc' dir='ltr'>ἀξιοθέατον</span> <span class='ocrx_word' id='word_1_103' title='bbox 877 1502 1004 1577; x_wconf 78' lang='grc' dir='ltr'>ἐκθύμοις</span> <span class='ocrx_word' id='word_1_104' title='bbox 1025 1503 1177 1580; x_wconf 87' lang='grc' dir='ltr'>ποθήσασα,</span> <span class='ocrx_word' id='word_1_105' title='bbox 1201 1501 1272 1562; x_wconf 86' lang='grc' dir='ltr'>κατὰ</span> <span class='ocrx_word' id='word_1_106' title='bbox 1288 1506 1350 1563; x_wconf 82' lang='grc' dir='ltr'>νοῦν</span> 
     </span>
     <span class='ocr_line' id='line_1_11' title="bbox 62 1623 1351 1705; baseline 0 -21"><span class='ocrx_word' id='word_1_107' title='bbox 62 1627 119 1703; x_wconf 77' lang='grc' dir='ltr'>ἔσχε</span> <span class='ocrx_word' id='word_1_108' title='bbox 147 1628 243 1705; x_wconf 91' lang='grc' dir='ltr'>μικράν</span> <span class='ocrx_word' id='word_1_109' title='bbox 274 1645 343 1702; x_wconf 88' lang='grc' dir='ltr'>τινα,</span> <span class='ocrx_word' id='word_1_110' title='bbox 375 1626 413 1696; x_wconf 87' lang='grc' dir='ltr'>ὡς</span> <span class='ocrx_word' id='word_1_111' title='bbox 440 1627 473 1683; x_wconf 88' lang='grc' dir='ltr'>ἀν</span> <span class='ocrx_word' id='word_1_112' title='bbox 499 1631 647 1704; x_wconf 83' lang='grc' dir='ltr'>προσῆκον,</span> <span class='ocrx_word' id='word_1_113' title='bbox 678 1623 811 1684; x_wconf 88' lang='grc' dir='ltr'>ἀντίδοσιν</span> <span class='ocrx_word' id='word_1_114' title='bbox 835 1624 868 1684; x_wconf 86' lang='grc' dir='ltr'>ἐκ</span> <span class='ocrx_word' id='word_1_115' title='bbox 888 1625 1075 1704; x_wconf 87' lang='grc' dir='ltr'>προαιρέσεως</span> <span class='ocrx_word' id='word_1_116' title='bbox 1096 1631 1217 1705; x_wconf 82' lang='grc' dir='ltr'>ποιῆσαι,</span> <span class='ocrx_word' id='word_1_117' title='bbox 1247 1623 1294 1684; x_wconf 88' lang='grc' dir='ltr'>καὶ</span> <span class='ocrx_word' id='word_1_118' title='bbox 1316 1623 1351 1684; x_wconf 81' lang='grc' dir='ltr'>τά</span> 
     </span>
     <span class='ocr_line' id='line_1_12' title="bbox 60 1744 1349 1828; baseline 0 -22"><span class='ocrx_word' id='word_1_119' title='bbox 60 1748 266 1825; x_wconf 84' lang='grc' dir='ltr'>πρεπνατεθέντα</span> <span class='ocrx_word' id='word_1_120' title='bbox 290 1745 534 1826; x_wconf 84' lang='grc' dir='ltr'>ἐπικυρῶσαι,καί</span> <span class='ocrx_word' id='word_1_121' title='bbox 558 1745 619 1817; x_wconf 84' lang='grc' dir='ltr'>τούς</span> <span class='ocrx_word' id='word_1_122' title='bbox 643 1744 852 1826; x_wconf 81' lang='grc' dir='ltr'>εἰσερχομένους</span> <span class='ocrx_word' id='word_1_123' title='bbox 874 1744 921 1806; x_wconf 90' lang='grc' dir='ltr'>καί</span> <span class='ocrx_word' id='word_1_124' title='bbox 946 1744 1147 1825; x_wconf 83' lang='grc' dir='ltr'>ἐπηρεάζοντας</span> <span class='ocrx_word' id='word_1_125' title='bbox 1171 1745 1200 1805; x_wconf 87' lang='grc' dir='ltr'>ἐν</span> <span class='ocrx_word' id='word_1_126' title='bbox 1223 1751 1256 1828; x_wconf 75' lang='grc' dir='ltr'>τῇ</span> <span class='ocrx_word' id='word_1_127' title='bbox 1276 1767 1349 1826; x_wconf 89' lang='grc' dir='ltr'>παρ-</span> 
     </span>
     <span class='ocr_line' id='line_1_13' title="bbox 61 1865 1350 1950; baseline 0 -23"><span class='ocrx_word' id='word_1_128' title='bbox 61 1865 148 1950; x_wconf 61' lang='grc' dir='ltr'>τίκῳδ)</span> <span class='ocrx_word' id='word_1_129' title='bbox 171 1871 254 1943; x_wconf 76' lang='grc' dir='ltr'>άυτῆς</span> <span class='ocrx_word' id='word_1_130' title='bbox 276 1875 395 1950; x_wconf 77' lang='grc' dir='ltr'>κατοχῇ,</span> <span class='ocrx_word' id='word_1_131' title='bbox 417 1869 510 1948; x_wconf 78' lang='grc' dir='ltr'>πάρρω</span> <span class='ocrx_word' id='word_1_132' title='bbox 534 1867 695 1928; x_wconf 81' lang='grc' dir='ltr'>ἀπελαύνειν</span> <span class='ocrx_word' id='word_1_133' title='bbox 718 1866 766 1927; x_wconf 88' lang='grc' dir='ltr'>καὶ</span> <span class='ocrx_word' id='word_1_134' title='bbox 790 1867 946 1948; x_wconf 78' lang='grc' dir='ltr'>ἀποσοβεῖν,</span> <span class='ocrx_word' id='word_1_135' title='bbox 970 1867 1064 1927; x_wconf 79' lang='grc' dir='ltr'>καθἰδ</span> <span class='ocrx_word' id='word_1_136' title='bbox 1088 1867 1121 1942; x_wconf 83' lang='grc' dir='ltr'>δὴ</span> <span class='ocrx_word' id='word_1_137' title='bbox 1144 1866 1192 1927; x_wconf 85' lang='grc' dir='ltr'>καὶ</span> <span class='ocrx_word' id='word_1_138' title='bbox 1207 1868 1221 1925; x_wconf 87' lang='grc' dir='ltr'>δ</span> <span class='ocrx_word' id='word_1_139' title='bbox 1238 1867 1267 1926; x_wconf 90' lang='grc' dir='ltr'>ἐν</span> <span class='ocrx_word' id='word_1_140' title='bbox 1283 1869 1350 1950; x_wconf 79' lang='grc' dir='ltr'>αῦτη</span> 
     </span>
     <span class='ocr_line' id='line_1_14' title="bbox 59 1989 1350 2070; baseline 0.002 -24"><span class='ocrx_word' id='word_1_141' title='bbox 59 1991 105 2064; x_wconf 78' lang='grc' dir='ltr'>την</span> <span class='ocrx_word' id='word_1_142' title='bbox 124 1992 239 2070; x_wconf 70' lang='grc' dir='ltr'>σάμερον</span> <span class='ocrx_word' id='word_1_143' title='bbox 261 1991 310 2065; x_wconf 71' lang='grc' dir='ltr'>τἠν</span> <span class='ocrx_word' id='word_1_144' title='bbox 325 1989 489 2070; x_wconf 84' lang='grc' dir='ltr'>προστασίαν</span> <span class='ocrx_word' id='word_1_145' title='bbox 506 1990 694 2066; x_wconf 73' lang='grc' dir='ltr'>ἀνεζωσμένος</span> <span class='ocrx_word' id='word_1_146' title='bbox 709 1991 870 2065; x_wconf 81' lang='grc' dir='ltr'>τιμιώτατος</span> <span class='ocrx_word' id='word_1_147' title='bbox 885 1989 1103 2068; x_wconf 75' lang='grc' dir='ltr'>καθηγούμενος,</span> <span class='ocrx_word' id='word_1_148' title='bbox 1124 1993 1174 2070; x_wconf 86' lang='grc' dir='ltr'>κύρ</span> <span class='ocrx_word' id='word_1_149' title='bbox 1190 1989 1350 2050; x_wconf 87' lang='grc' dir='ltr'>Γαλακτίων</span> 
     </span>
     <span class='ocr_line' id='line_1_15' title="bbox 58 2108 1351 2192; baseline 0.002 -24"><span class='ocrx_word' id='word_1_150' title='bbox 58 2111 240 2192; x_wconf 81' lang='grc' dir='ltr'>ίερομάναχος,</span> <span class='ocrx_word' id='word_1_151' title='bbox 263 2112 410 2187; x_wconf 79' lang='grc' dir='ltr'>μετὰτῶν</span> <span class='ocrx_word' id='word_1_152' title='bbox 432 2109 494 2192; x_wconf 82' lang='grc' dir='ltr'>περὶ</span> <span class='ocrx_word' id='word_1_153' title='bbox 516 2113 596 2172; x_wconf 81' lang='grc' dir='ltr'>αῦτδν</span> <span class='ocrx_word' id='word_1_154' title='bbox 619 2110 807 2192; x_wconf 83' lang='grc' dir='ltr'>ἰερσμονάχων</span> <span class='ocrx_word' id='word_1_155' title='bbox 830 2108 877 2170; x_wconf 85' lang='grc' dir='ltr'>καὶ</span> <span class='ocrx_word' id='word_1_156' title='bbox 901 2115 1032 2189; x_wconf 85' lang='grc' dir='ltr'>μσναχῦν</span> <span class='ocrx_word' id='word_1_157' title='bbox 1046 2111 1195 2192; x_wconf 81' lang='grc' dir='ltr'>πρεσβείαν</span> <span class='ocrx_word' id='word_1_158' title='bbox 1211 2111 1351 2184; x_wconf 77' lang='grc' dir='ltr'>πολλάκις</span> 
     </span>
     <span class='ocr_line' id='line_1_16' title="bbox 58 2230 1352 2315; baseline 0.002 -23"><span class='ocrx_word' id='word_1_159' title='bbox 58 2233 209 2310; x_wconf 85' lang='grc' dir='ltr'>πεποίηκεν.</span> <span class='ocrx_word' id='word_1_160' title='bbox 241 2235 303 2293; x_wconf 75' lang='grc' dir='ltr'>ὅθεν</span> <span class='ocrx_word' id='word_1_161' title='bbox 325 2231 373 2292; x_wconf 81' lang='grc' dir='ltr'>καὶ</span> <span class='ocrx_word' id='word_1_162' title='bbox 396 2235 454 2308; x_wconf 83' lang='grc' dir='ltr'>ἅμα</span> <span class='ocrx_word' id='word_1_163' title='bbox 477 2235 538 2314; x_wconf 85' lang='grc' dir='ltr'>μέν,</span> <span class='ocrx_word' id='word_1_164' title='bbox 563 2232 606 2292; x_wconf 89' lang='grc' dir='ltr'>διά</span> <span class='ocrx_word' id='word_1_165' title='bbox 626 2253 655 2294; x_wconf 91' lang='grc' dir='ltr'>τε</span> <span class='ocrx_word' id='word_1_166' title='bbox 675 2235 705 2292; x_wconf 80' lang='grc' dir='ltr'>τδ</span> <span class='ocrx_word' id='word_1_167' title='bbox 720 2233 819 2309; x_wconf 80' lang='grc' dir='ltr'>ταύτης</span> <span class='ocrx_word' id='word_1_168' title='bbox 834 2232 939 2310; x_wconf 74' lang='grc' dir='ltr'>ύψηλσν</span> <span class='ocrx_word' id='word_1_169' title='bbox 954 2230 1002 2294; x_wconf 85' lang='grc' dir='ltr'>καὶ</span> <span class='ocrx_word' id='word_1_170' title='bbox 1017 2232 1188 2315; x_wconf 66' lang='grc' dir='ltr'>μετέωρονῧ)</span> <span class='ocrx_word' id='word_1_171' title='bbox 1203 2231 1251 2293; x_wconf 88' lang='grc' dir='ltr'>καὶ</span> <span class='ocrx_word' id='word_1_172' title='bbox 1267 2232 1352 2307; x_wconf 85' lang='grc' dir='ltr'>’σ’ντως</span> 
     </span>
     <span class='ocr_line' id='line_1_17' title="bbox 59 2353 1351 2434; baseline 0 -20"><span class='ocrx_word' id='word_1_173' title='bbox 59 2354 193 2427; x_wconf 80' lang='grc' dir='ltr'>βασιλικόν</span> <span class='ocrx_word' id='word_1_174' title='bbox 215 2376 247 2414; x_wconf 91' lang='grc' dir='ltr'>τε</span> <span class='ocrx_word' id='word_1_175' title='bbox 269 2353 316 2415; x_wconf 91' lang='grc' dir='ltr'>καὶ</span> <span class='ocrx_word' id='word_1_176' title='bbox 340 2354 498 2416; x_wconf 83' lang='grc' dir='ltr'>δεσποτικδν</span> <span class='ocrx_word' id='word_1_177' title='bbox 520 2353 567 2415; x_wconf 89' lang='grc' dir='ltr'>καί</span> <span class='ocrx_word' id='word_1_178' title='bbox 589 2357 748 2416; x_wconf 76' lang='grc' dir='ltr'>καινότατον</span> <span class='ocrx_word' id='word_1_179' title='bbox 773 2356 906 2434; x_wconf 88' lang='grc' dir='ltr'>ἀκουομα,</span> <span class='ocrx_word' id='word_1_180' title='bbox 940 2356 999 2430; x_wconf 81' lang='grc' dir='ltr'>ἅμα</span> <span class='ocrx_word' id='word_1_181' title='bbox 1022 2355 1053 2414; x_wconf 89' lang='grc' dir='ltr'>δὲ</span> <span class='ocrx_word' id='word_1_182' title='bbox 1076 2353 1123 2414; x_wconf 87' lang='grc' dir='ltr'>καὶ</span> <span class='ocrx_word' id='word_1_183' title='bbox 1147 2353 1192 2414; x_wconf 85' lang='grc' dir='ltr'>διά</span> <span class='ocrx_word' id='word_1_184' title='bbox 1214 2356 1263 2429; x_wconf 84' lang='grc' dir='ltr'>τὴν</span> <span class='ocrx_word' id='word_1_185' title='bbox 1287 2353 1351 2414; x_wconf 86' lang='grc' dir='ltr'>ἐπί-</span> 
     </span>
     <span class='ocr_line' id='line_1_18' title="bbox 58 2475 1351 2556; baseline 0 -21"><span class='ocrx_word' id='word_1_186' title='bbox 58 2497 133 2550; x_wconf 88' lang='grc' dir='ltr'>μονον</span> <span class='ocrx_word' id='word_1_187' title='bbox 155 2482 208 2536; x_wconf 80' lang='grc' dir='ltr'>τιῦν</span> <span class='ocrx_word' id='word_1_188' title='bbox 235 2477 362 2537; x_wconf 81' lang='grc' dir='ltr'>τοιούτων</span> <span class='ocrx_word' id='word_1_189' title='bbox 387 2475 511 2553; x_wconf 86' lang='grc' dir='ltr'>ἀσκητῶν</span> <span class='ocrx_word' id='word_1_190' title='bbox 535 2475 581 2536; x_wconf 85' lang='grc' dir='ltr'>καὶ</span> <span class='ocrx_word' id='word_1_191' title='bbox 605 2477 730 2551; x_wconf 86' lang='grc' dir='ltr'>εῦλαβῶν</span> <span class='ocrx_word' id='word_1_192' title='bbox 755 2477 859 2556; x_wconf 85' lang='grc' dir='ltr'>ἀνδρῶν</span> <span class='ocrx_word' id='word_1_193' title='bbox 882 2475 984 2555; x_wconf 88' lang='grc' dir='ltr'>δέησιν,</span> <span class='ocrx_word' id='word_1_194' title='bbox 1015 2476 1062 2536; x_wconf 82' lang='grc' dir='ltr'>τδν</span> <span class='ocrx_word' id='word_1_195' title='bbox 1083 2477 1205 2556; x_wconf 82' lang='grc' dir='ltr'>παρόντα</span> <span class='ocrx_word' id='word_1_196' title='bbox 1228 2475 1351 2552; x_wconf 76' lang='grc' dir='ltr'>αἰνιῆςή</span> 
     </span>
     <span class='ocr_line' id='line_1_19' title="bbox 59 2597 1352 2678; baseline 0.002 -22"><span class='ocrx_word' id='word_1_197' title='bbox 59 2597 180 2670; x_wconf 85' lang='grc' dir='ltr'>βασιλεία</span> <span class='ocrx_word' id='word_1_198' title='bbox 201 2619 253 2674; x_wconf 91' lang='grc' dir='ltr'>μου</span> <span class='ocrx_word' id='word_1_199' title='bbox 274 2599 387 2658; x_wconf 90' lang='grc' dir='ltr'>ἀπολύει</span> <span class='ocrx_word' id='word_1_200' title='bbox 403 2598 488 2675; x_wconf 81' lang='grc' dir='ltr'>λύγον</span> <span class='ocrx_word' id='word_1_201' title='bbox 503 2597 721 2678; x_wconf 80' lang='grc' dir='ltr'>χρυσδβσυλλον,</span> <span class='ocrx_word' id='word_1_202' title='bbox 741 2599 833 2678; x_wconf 83' lang='grc' dir='ltr'>ὥσπερ</span> <span class='ocrx_word' id='word_1_203' title='bbox 848 2619 872 2658; x_wconf 92' lang='grc' dir='ltr'>τι</span> <span class='ocrx_word' id='word_1_204' title='bbox 889 2597 1031 2678; x_wconf 85' lang='grc' dir='ltr'>ἑδραίωμα</span> <span class='ocrx_word' id='word_1_205' title='bbox 1043 2598 1215 2678; x_wconf 75' lang='grc' dir='ltr'>ὀχυρώτατον</span> <span class='ocrx_word' id='word_1_206' title='bbox 1229 2600 1352 2678; x_wconf 80' lang='grc' dir='ltr'>ἡτεῖχος</span> 
     </span>
    </p>
   </div>
   <div class='ocr_carea' id='block_1_3' title="bbox 58 2717 1351 2802">
    <p class='ocr_par' dir='ltr' id='par_1_3' title="bbox 58 2717 1351 2802">
     <span class='ocr_line' id='line_1_20' title="bbox 58 2717 1351 2802; baseline 0.001 -23"><span class='ocrx_word' id='word_1_207' title='bbox 58 2720 275 2800; x_wconf 81' lang='grc' dir='ltr'>ἀπερικλένητσν,</span> <span class='ocrx_word' id='word_1_208' title='bbox 299 2721 338 2792; x_wconf 84' lang='grc' dir='ltr'>ὡς</span> <span class='ocrx_word' id='word_1_209' title='bbox 361 2723 393 2778; x_wconf 88' lang='grc' dir='ltr'>ἀν</span> <span class='ocrx_word' id='word_1_210' title='bbox 414 2725 448 2802; x_wconf 82' lang='grc' dir='ltr'>τῇ</span> <span class='ocrx_word' id='word_1_211' title='bbox 472 2717 541 2798; x_wconf 82' lang='grc' dir='ltr'>ἰσχύι</span> <span class='ocrx_word' id='word_1_212' title='bbox 564 2721 656 2780; x_wconf 88' lang='grc' dir='ltr'>τούτου</span> <span class='ocrx_word' id='word_1_213' title='bbox 680 2717 726 2780; x_wconf 88' lang='grc' dir='ltr'>καὶ</span> <span class='ocrx_word' id='word_1_214' title='bbox 751 2719 883 2801; x_wconf 72' lang='grc' dir='ltr'>ἐμφανείᾳ</span> <span class='ocrx_word' id='word_1_215' title='bbox 905 2722 1120 2800; x_wconf 83' lang='grc' dir='ltr'>προηγουμένως</span> <span class='ocrx_word' id='word_1_216' title='bbox 1143 2717 1194 2794; x_wconf 84' lang='grc' dir='ltr'>μὲν</span> <span class='ocrx_word' id='word_1_217' title='bbox 1208 2720 1228 2796; x_wconf 80' lang='grc' dir='ltr'>ἡ</span> <span class='ocrx_word' id='word_1_218' title='bbox 1242 2719 1351 2798; x_wconf 82' lang='grc' dir='ltr'>τοιαύτη</span> 
     </span>
    </p>
   </div>
   <div class='ocr_carea' id='block_1_4' title="bbox 57 2831 1350 2922">
    <p class='ocr_par' dir='ltr' id='par_1_4' title="bbox 57 2831 1350 2922">
     <span class='ocr_line' id='line_1_21' title="bbox 57 2831 1350 2922; baseline 0 -22"><span class='ocrx_word' id='word_1_219' title='bbox 57 2841 121 2916; x_wconf 79' lang='grc' dir='ltr'>μονὴ</span> <span class='ocrx_word' id='word_1_220' title='bbox 145 2831 481 2922; x_wconf 78' lang='grc' dir='ltr'>έλευθέρατηρηθήσεται</span> <span class='ocrx_word' id='word_1_221' title='bbox 503 2840 550 2900; x_wconf 89' lang='grc' dir='ltr'>καί</span> <span class='ocrx_word' id='word_1_222' title='bbox 574 2841 812 2920; x_wconf 85' lang='grc' dir='ltr'>ἀκαταδούλωτος,</span> <span class='ocrx_word' id='word_1_223' title='bbox 836 2841 1034 2914; x_wconf 80' lang='grc' dir='ltr'>αύτοδέοποτάς</span> <span class='ocrx_word' id='word_1_224' title='bbox 1056 2862 1085 2902; x_wconf 89' lang='grc' dir='ltr'>τε</span> <span class='ocrx_word' id='word_1_225' title='bbox 1106 2839 1153 2900; x_wconf 90' lang='grc' dir='ltr'>καὶ</span> <span class='ocrx_word' id='word_1_226' title='bbox 1169 2837 1350 2920; x_wconf 81' lang='grc' dir='ltr'>αύτεξσύσιος,</span> 
     </span>
    </p>
   </div>
   <div class='ocr_carea' id='block_1_5' title="bbox 56 2961 1353 4496">
    <p class='ocr_par' dir='ltr' id='par_1_5' title="bbox 56 2961 1353 4496">
     <span class='ocr_line' id='line_1_22' title="bbox 57 2961 1351 3045; baseline 0.002 -24"><span class='ocrx_word' id='word_1_227' title='bbox 57 2962 100 3021; x_wconf 80' lang='grc' dir='ltr'>καὶ</span> <span class='ocrx_word' id='word_1_228' title='bbox 121 2966 159 3038; x_wconf 80' lang='grc' dir='ltr'>μή</span> <span class='ocrx_word' id='word_1_229' title='bbox 182 2983 233 3023; x_wconf 86' lang='grc' dir='ltr'>τινι</span> <span class='ocrx_word' id='word_1_230' title='bbox 255 2964 419 3044; x_wconf 77' lang='grc' dir='ltr'>ὑποκειμένη</span> <span class='ocrx_word' id='word_1_231' title='bbox 436 2961 572 3043; x_wconf 80' lang='grc' dir='ltr'>βασιλικῷ</span> <span class='ocrx_word' id='word_1_232' title='bbox 587 2963 809 3044; x_wconf 74' lang='grc' dir='ltr'>λειτουργήματα,</span> <span class='ocrx_word' id='word_1_233' title='bbox 829 2967 847 3038; x_wconf 80' lang='grc' dir='ltr'>ἢ</span> <span class='ocrx_word' id='word_1_234' title='bbox 864 2964 972 3045; x_wconf 85' lang='grc' dir='ltr'>ύπάρχη</span> <span class='ocrx_word' id='word_1_235' title='bbox 989 2962 1185 3039; x_wconf 87' lang='grc' dir='ltr'>δεδουλωμένη</span> <span class='ocrx_word' id='word_1_236' title='bbox 1202 2963 1253 3023; x_wconf 85' lang='grc' dir='ltr'>ύπύ</span> <span class='ocrx_word' id='word_1_237' title='bbox 1269 2983 1351 3042; x_wconf 89' lang='grc' dir='ltr'>τινος,</span> 
     </span>
     <span class='ocr_line' id='line_1_23' title="bbox 57 3082 1352 3165; baseline 0.002 -23"><span class='ocrx_word' id='word_1_238' title='bbox 57 3084 129 3142; x_wconf 81' lang='grc' dir='ltr'>ἀλλὰ</span> <span class='ocrx_word' id='word_1_239' title='bbox 156 3084 232 3164; x_wconf 87' lang='grc' dir='ltr'>παρὰ</span> <span class='ocrx_word' id='word_1_240' title='bbox 253 3089 303 3160; x_wconf 80' lang='grc' dir='ltr'>τῆς</span> <span class='ocrx_word' id='word_1_241' title='bbox 326 3083 470 3157; x_wconf 87' lang='grc' dir='ltr'>βασιλείας</span> <span class='ocrx_word' id='word_1_242' title='bbox 493 3105 544 3159; x_wconf 88' lang='grc' dir='ltr'>μου</span> <span class='ocrx_word' id='word_1_243' title='bbox 567 3085 748 3165; x_wconf 77' lang='grc' dir='ltr'>πηρηθήσεται</span> <span class='ocrx_word' id='word_1_244' title='bbox 771 3082 817 3144; x_wconf 84' lang='grc' dir='ltr'>καί</span> <span class='ocrx_word' id='word_1_245' title='bbox 841 3083 1040 3159; x_wconf 79' lang='grc' dir='ltr'>διοικηθήσεται</span> <span class='ocrx_word' id='word_1_246' title='bbox 1064 3083 1135 3143; x_wconf 88' lang='grc' dir='ltr'>κατά</span> <span class='ocrx_word' id='word_1_247' title='bbox 1156 3090 1246 3143; x_wconf 83' lang='grc' dir='ltr'>πᾶσαν</span> <span class='ocrx_word' id='word_1_248' title='bbox 1269 3085 1352 3160; x_wconf 77' lang='grc' dir='ltr'>αθιῆς</span> 
     </span>
     <span class='ocr_line' id='line_1_24' title="bbox 57 3203 1353 3286; baseline 0 -24"><span class='ocrx_word' id='word_1_249' title='bbox 57 3205 179 3266; x_wconf 77' lang='grc' dir='ltr'>ἀπόθεσιν</span> <span class='ocrx_word' id='word_1_250' title='bbox 202 3203 248 3265; x_wconf 91' lang='grc' dir='ltr'>καὶ</span> <span class='ocrx_word' id='word_1_251' title='bbox 272 3203 399 3278; x_wconf 81' lang='grc' dir='ltr'>διένεξιν·</span> <span class='ocrx_word' id='word_1_252' title='bbox 425 3207 518 3266; x_wconf 81' lang='grc' dir='ltr'>ἔπειτα</span> <span class='ocrx_word' id='word_1_253' title='bbox 540 3205 587 3266; x_wconf 90' lang='grc' dir='ltr'>καί</span> <span class='ocrx_word' id='word_1_254' title='bbox 603 3206 772 3266; x_wconf 88' lang='grc' dir='ltr'>ἀδιάσειστον</span> <span class='ocrx_word' id='word_1_255' title='bbox 787 3204 834 3265; x_wconf 89' lang='grc' dir='ltr'>καί</span> <span class='ocrx_word' id='word_1_256' title='bbox 851 3204 1051 3281; x_wconf 88' lang='grc' dir='ltr'>ἀμεταποίητον</span> <span class='ocrx_word' id='word_1_257' title='bbox 1068 3205 1148 3286; x_wconf 87' lang='grc' dir='ltr'>οχοίῃ</span> <span class='ocrx_word' id='word_1_258' title='bbox 1163 3207 1194 3266; x_wconf 85' lang='grc' dir='ltr'>τδ</span> <span class='ocrx_word' id='word_1_259' title='bbox 1209 3207 1291 3285; x_wconf 81' lang='grc' dir='ltr'>κῦρος</span> <span class='ocrx_word' id='word_1_260' title='bbox 1306 3203 1353 3266; x_wconf 89' lang='grc' dir='ltr'>καί</span> 
     </span>
     <span class='ocr_line' id='line_1_25' title="bbox 56 3325 1352 3409; baseline 0 -25"><span class='ocrx_word' id='word_1_261' title='bbox 56 3327 101 3402; x_wconf 77' lang='grc' dir='ltr'>τήν</span> <span class='ocrx_word' id='word_1_262' title='bbox 120 3327 207 3402; x_wconf 81' lang='grc' dir='ltr'>νομὴν</span> <span class='ocrx_word' id='word_1_263' title='bbox 237 3325 281 3386; x_wconf 87' lang='grc' dir='ltr'>έπί</span> <span class='ocrx_word' id='word_1_264' title='bbox 303 3331 367 3387; x_wconf 88' lang='grc' dir='ltr'>πάσι</span> <span class='ocrx_word' id='word_1_265' title='bbox 389 3330 446 3399; x_wconf 89' lang='grc' dir='ltr'>τοῖς</span> <span class='ocrx_word' id='word_1_266' title='bbox 472 3329 744 3409; x_wconf 85' lang='grc' dir='ltr'>προανατεθειμένοις</span> <span class='ocrx_word' id='word_1_267' title='bbox 767 3329 835 3409; x_wconf 85' lang='grc' dir='ltr'>αῦτη</span> <span class='ocrx_word' id='word_1_268' title='bbox 858 3330 978 3406; x_wconf 89' lang='grc' dir='ltr'>γονικσῖς</span> <span class='ocrx_word' id='word_1_269' title='bbox 1000 3330 1119 3401; x_wconf 77' lang='grc' dir='ltr'>κτήμασι</span> <span class='ocrx_word' id='word_1_270' title='bbox 1142 3325 1190 3388; x_wconf 88' lang='grc' dir='ltr'>καί</span> <span class='ocrx_word' id='word_1_271' title='bbox 1210 3325 1352 3405; x_wconf 88' lang='grc' dir='ltr'>παροίκοις</span> 
     </span>
     <span class='ocr_line' id='line_1_26' title="bbox 56 3443 1352 3530; baseline 0 -24"><span class='ocrx_word' id='word_1_272' title='bbox 56 3449 126 3528; x_wconf 85' lang='grc' dir='ltr'>παρὰ</span> <span class='ocrx_word' id='word_1_273' title='bbox 147 3447 201 3507; x_wconf 80' lang='grc' dir='ltr'>τιῖνν</span> <span class='ocrx_word' id='word_1_274' title='bbox 230 3443 361 3523; x_wconf 84' lang='grc' dir='ltr'>ἀοιδίμων</span> <span class='ocrx_word' id='word_1_275' title='bbox 388 3447 435 3508; x_wconf 89' lang='grc' dir='ltr'>καί</span> <span class='ocrx_word' id='word_1_276' title='bbox 459 3455 632 3528; x_wconf 84' lang='grc' dir='ltr'>μακαρισιῶν</span> <span class='ocrx_word' id='word_1_277' title='bbox 656 3448 804 3530; x_wconf 82' lang='grc' dir='ltr'>βασιλέων,</span> <span class='ocrx_word' id='word_1_278' title='bbox 832 3453 885 3507; x_wconf 85' lang='grc' dir='ltr'>τῶν</span> <span class='ocrx_word' id='word_1_279' title='bbox 913 3451 1017 3527; x_wconf 90' lang='grc' dir='ltr'>γονέων</span> <span class='ocrx_word' id='word_1_280' title='bbox 1040 3447 1087 3508; x_wconf 91' lang='grc' dir='ltr'>καί</span> <span class='ocrx_word' id='word_1_281' title='bbox 1109 3449 1279 3528; x_wconf 77' lang='grc' dir='ltr'>γεννητόρων</span> <span class='ocrx_word' id='word_1_282' title='bbox 1302 3455 1352 3524; x_wconf 79' lang='grc' dir='ltr'>τῆς</span> 
     </span>
     <span class='ocr_line' id='line_1_27' title="bbox 58 3568 1352 3651; baseline 0 -21"><span class='ocrx_word' id='word_1_283' title='bbox 58 3569 196 3644; x_wconf 82' lang='grc' dir='ltr'>βασιλείας</span> <span class='ocrx_word' id='word_1_284' title='bbox 220 3591 281 3649; x_wconf 89' lang='grc' dir='ltr'>μου,</span> <span class='ocrx_word' id='word_1_285' title='bbox 311 3577 365 3630; x_wconf 81' lang='grc' dir='ltr'>τῶν</span> <span class='ocrx_word' id='word_1_286' title='bbox 390 3571 532 3648; x_wconf 87' lang='grc' dir='ltr'>Μεγάλων</span> <span class='ocrx_word' id='word_1_287' title='bbox 554 3571 708 3646; x_wconf 84' lang='grc' dir='ltr'>Κσμνηνιῖιν</span> <span class='ocrx_word' id='word_1_288' title='bbox 733 3568 854 3648; x_wconf 82' lang='grc' dir='ltr'>ἐκείνων,</span> <span class='ocrx_word' id='word_1_289' title='bbox 877 3570 962 3646; x_wconf 84' lang='grc' dir='ltr'>ἤγουν</span> <span class='ocrx_word' id='word_1_290' title='bbox 987 3568 1076 3648; x_wconf 84' lang='grc' dir='ltr'>ἐντῷ</span> <span class='ocrx_word' id='word_1_291' title='bbox 1099 3569 1193 3649; x_wconf 88' lang='grc' dir='ltr'>βάνδῳ</span> <span class='ocrx_word' id='word_1_292' title='bbox 1216 3570 1352 3651; x_wconf 85' lang='grc' dir='ltr'>Γημωράς</span> 
     </span>
     <span class='ocr_line' id='line_1_28' title="bbox 57 3688 1352 3772; baseline 0.001 -22"><span class='ocrx_word' id='word_1_293' title='bbox 57 3692 103 3750; x_wconf 86' lang='grc' dir='ltr'>κάν</span> <span class='ocrx_word' id='word_1_294' title='bbox 125 3695 185 3764; x_wconf 86' lang='grc' dir='ltr'>ταῖς</span> <span class='ocrx_word' id='word_1_295' title='bbox 205 3694 321 3770; x_wconf 88' lang='grc' dir='ltr'>στάσεσι,</span> <span class='ocrx_word' id='word_1_296' title='bbox 344 3695 390 3751; x_wconf 91' lang='grc' dir='ltr'>τοῦ</span> <span class='ocrx_word' id='word_1_297' title='bbox 404 3711 435 3752; x_wconf 86' lang='grc' dir='ltr'>τε</span> <span class='ocrx_word' id='word_1_298' title='bbox 450 3691 550 3766; x_wconf 88' lang='grc' dir='ltr'>Κοσμοῖ</span> <span class='ocrx_word' id='word_1_299' title='bbox 564 3697 618 3752; x_wconf 84' lang='grc' dir='ltr'>τῶν</span> <span class='ocrx_word' id='word_1_300' title='bbox 635 3689 806 3762; x_wconf 81' lang='grc' dir='ltr'>Ἀλεξάντων</span> <span class='ocrx_word' id='word_1_301' title='bbox 821 3688 870 3750; x_wconf 87' lang='grc' dir='ltr'>καὶ</span> <span class='ocrx_word' id='word_1_302' title='bbox 886 3691 915 3750; x_wconf 85' lang='grc' dir='ltr'>ἐν</span> <span class='ocrx_word' id='word_1_303' title='bbox 931 3691 1033 3772; x_wconf 88' lang='grc' dir='ltr'>ἑτέροις</span> <span class='ocrx_word' id='word_1_304' title='bbox 1048 3691 1186 3770; x_wconf 86' lang='grc' dir='ltr'>ἀλλαχοῦ,</span> <span class='ocrx_word' id='word_1_305' title='bbox 1210 3690 1244 3750; x_wconf 87' lang='grc' dir='ltr'>τὰ</span> <span class='ocrx_word' id='word_1_306' title='bbox 1259 3691 1352 3751; x_wconf 83' lang='grc' dir='ltr'>ὁπωσ-</span> 
     </span>
     <span class='ocr_line' id='line_1_29' title="bbox 58 3809 1351 3894; baseline -0.001 -21"><span class='ocrx_word' id='word_1_307' title='bbox 58 3814 154 3889; x_wconf 76' lang='grc' dir='ltr'>δήποτε</span> <span class='ocrx_word' id='word_1_308' title='bbox 176 3813 335 3892; x_wconf 81' lang='grc' dir='ltr'>διαρέροιτα</span> <span class='ocrx_word' id='word_1_309' title='bbox 360 3815 425 3894; x_wconf 83' lang='grc' dir='ltr'>αῦτῆ</span> <span class='ocrx_word' id='word_1_310' title='bbox 448 3812 545 3891; x_wconf 86' lang='grc' dir='ltr'>γσνικά</span> <span class='ocrx_word' id='word_1_311' title='bbox 566 3815 703 3892; x_wconf 69' lang='grc' dir='ltr'>κτήματα,</span> <span class='ocrx_word' id='word_1_312' title='bbox 728 3812 837 3891; x_wconf 83' lang='grc' dir='ltr'>εύλάγῳ</span> <span class='ocrx_word' id='word_1_313' title='bbox 862 3811 933 3894; x_wconf 87' lang='grc' dir='ltr'>αἰτίᾳ</span> <span class='ocrx_word' id='word_1_314' title='bbox 954 3809 1001 3871; x_wconf 89' lang='grc' dir='ltr'>καὶ</span> <span class='ocrx_word' id='word_1_315' title='bbox 1021 3815 1159 3890; x_wconf 79' lang='grc' dir='ltr'>προφάσει,</span> <span class='ocrx_word' id='word_1_316' title='bbox 1184 3811 1351 3894; x_wconf 83' lang='grc' dir='ltr'>άγοραστικῇ</span> 
     </span>
     <span class='ocr_line' id='line_1_30' title="bbox 60 3931 1352 4016; baseline -0.001 -24"><span class='ocrx_word' id='word_1_317' title='bbox 60 3935 181 4008; x_wconf 73' lang='grc' dir='ltr'>δηλονότι</span> <span class='ocrx_word' id='word_1_318' title='bbox 197 3932 243 3994; x_wconf 86' lang='grc' dir='ltr'>καί</span> <span class='ocrx_word' id='word_1_319' title='bbox 260 3934 430 4016; x_wconf 80' lang='grc' dir='ltr'>δωρεαστικῇ</span> <span class='ocrx_word' id='word_1_320' title='bbox 446 3933 519 4012; x_wconf 84' lang='grc' dir='ltr'>παρὰ</span> <span class='ocrx_word' id='word_1_321' title='bbox 534 3938 580 3993; x_wconf 91' lang='grc' dir='ltr'>τοῦ</span> <span class='ocrx_word' id='word_1_322' title='bbox 596 3932 718 4008; x_wconf 79' lang='grc' dir='ltr'>ἀοιδίμου</span> <span class='ocrx_word' id='word_1_323' title='bbox 734 3934 835 4013; x_wconf 76' lang='grc' dir='ltr'>πατρός</span> <span class='ocrx_word' id='word_1_324' title='bbox 851 3954 912 4012; x_wconf 87' lang='grc' dir='ltr'>μου,</span> <span class='ocrx_word' id='word_1_325' title='bbox 929 3937 977 4010; x_wconf 83' lang='grc' dir='ltr'>κύρ</span> <span class='ocrx_word' id='word_1_326' title='bbox 995 3931 1138 3992; x_wconf 84' lang='grc' dir='ltr'>Βασιλείαν</span> <span class='ocrx_word' id='word_1_327' title='bbox 1153 3935 1200 3990; x_wconf 88' lang='grc' dir='ltr'>τσῦ</span> <span class='ocrx_word' id='word_1_328' title='bbox 1215 3932 1352 4009; x_wconf 87' lang='grc' dir='ltr'>Μεγάλου</span> 
     </span>
     <span class='ocr_line' id='line_1_31' title="bbox 58 4051 1353 4136; baseline -0.002 -23"><span class='ocrx_word' id='word_1_329' title='bbox 58 4055 207 4130; x_wconf 79' lang='grc' dir='ltr'>Κομνηνοῦ.</span> <span class='ocrx_word' id='word_1_330' title='bbox 255 4055 283 4114; x_wconf 85' lang='grc' dir='ltr'>έν</span> <span class='ocrx_word' id='word_1_331' title='bbox 309 4062 343 4136; x_wconf 80' lang='grc' dir='ltr'>τῇ</span> <span class='ocrx_word' id='word_1_332' title='bbox 371 4058 461 4114; x_wconf 87' lang='grc' dir='ltr'>στάσει</span> <span class='ocrx_word' id='word_1_333' title='bbox 490 4061 545 4114; x_wconf 87' lang='grc' dir='ltr'>τῶν</span> <span class='ocrx_word' id='word_1_334' title='bbox 573 4054 750 4132; x_wconf 85' lang='grc' dir='ltr'>Μοχλάντων</span> <span class='ocrx_word' id='word_1_335' title='bbox 776 4053 810 4114; x_wconf 84' lang='grc' dir='ltr'>τά</span> <span class='ocrx_word' id='word_1_336' title='bbox 833 4054 1027 4130; x_wconf 83' lang='grc' dir='ltr'>Τζαχιανέσια,</span> <span class='ocrx_word' id='word_1_337' title='bbox 1055 4052 1089 4111; x_wconf 85' lang='grc' dir='ltr'>τὰ</span> <span class='ocrx_word' id='word_1_338' title='bbox 1113 4051 1277 4123; x_wconf 84' lang='grc' dir='ltr'>ίίιτζελέσια</span> <span class='ocrx_word' id='word_1_339' title='bbox 1305 4052 1353 4112; x_wconf 87' lang='grc' dir='ltr'>καί</span> 
     </span>
     <span class='ocr_line' id='line_1_32' title="bbox 59 4171 1351 4256; baseline -0.001 -22"><span class='ocrx_word' id='word_1_340' title='bbox 59 4175 231 4256; x_wconf 85' lang='grc' dir='ltr'>Κσνιητέσια,</span> <span class='ocrx_word' id='word_1_341' title='bbox 261 4175 308 4236; x_wconf 84' lang='grc' dir='ltr'>καὶ</span> <span class='ocrx_word' id='word_1_342' title='bbox 336 4171 369 4236; x_wconf 79' lang='grc' dir='ltr'>τά</span> <span class='ocrx_word' id='word_1_343' title='bbox 392 4174 431 4248; x_wconf 87' lang='grc' dir='ltr'>εἰς</span> <span class='ocrx_word' id='word_1_344' title='bbox 453 4175 487 4234; x_wconf 85' lang='grc' dir='ltr'>τά</span> <span class='ocrx_word' id='word_1_345' title='bbox 511 4176 682 4256; x_wconf 84' lang='grc' dir='ltr'>Πυργσθίοια</span> <span class='ocrx_word' id='word_1_346' title='bbox 707 4175 735 4233; x_wconf 86' lang='grc' dir='ltr'>ἐν</span> <span class='ocrx_word' id='word_1_347' title='bbox 757 4181 789 4256; x_wconf 73' lang='grc' dir='ltr'>τῇ</span> <span class='ocrx_word' id='word_1_348' title='bbox 814 4175 952 4255; x_wconf 81' lang='grc' dir='ltr'>Δισκκινῇ,</span> <span class='ocrx_word' id='word_1_349' title='bbox 984 4174 1143 4244; x_wconf 80' lang='grc' dir='ltr'>Ἀλετζέσια</span> <span class='ocrx_word' id='word_1_350' title='bbox 1165 4171 1212 4233; x_wconf 90' lang='grc' dir='ltr'>καὶ</span> <span class='ocrx_word' id='word_1_351' title='bbox 1235 4171 1351 4245; x_wconf 80' lang='grc' dir='ltr'>Βουεξι-</span> 
     </span>
     <span class='ocr_line' id='line_1_33' title="bbox 59 4293 1350 4378; baseline -0.002 -23"><span class='ocrx_word' id='word_1_352' title='bbox 59 4299 140 4378; x_wconf 89' lang='grc' dir='ltr'>κέσια,</span> <span class='ocrx_word' id='word_1_353' title='bbox 172 4294 310 4377; x_wconf 74' lang='grc' dir='ltr'>ἀμφότερα</span> <span class='ocrx_word' id='word_1_354' title='bbox 340 4297 414 4376; x_wconf 79' lang='grc' dir='ltr'>παρὰ</span> <span class='ocrx_word' id='word_1_355' title='bbox 443 4305 489 4356; x_wconf 85' lang='grc' dir='ltr'>τοῦ</span> <span class='ocrx_word' id='word_1_356' title='bbox 520 4297 659 4372; x_wconf 81' lang='grc' dir='ltr'>βασιλέως</span> <span class='ocrx_word' id='word_1_357' title='bbox 689 4295 736 4356; x_wconf 90' lang='grc' dir='ltr'>καί</span> <span class='ocrx_word' id='word_1_358' title='bbox 757 4297 858 4375; x_wconf 83' lang='grc' dir='ltr'>πατρδς</span> <span class='ocrx_word' id='word_1_359' title='bbox 882 4316 934 4370; x_wconf 89' lang='grc' dir='ltr'>μου</span> <span class='ocrx_word' id='word_1_360' title='bbox 957 4293 1122 4374; x_wconf 82' lang='grc' dir='ltr'>δωρηθέντα.</span> <span class='ocrx_word' id='word_1_361' title='bbox 1168 4293 1243 4366; x_wconf 82' lang='grc' dir='ltr'>αὖθις</span> <span class='ocrx_word' id='word_1_362' title='bbox 1266 4293 1350 4376; x_wconf 74' lang='grc' dir='ltr'>ἔνι-ᾖ</span> 
     </span>
     <span class='ocr_line' id='line_1_34' title="bbox 60 4411 1351 4496; baseline 0.001 -21"><span class='ocrx_word' id='word_1_363' title='bbox 60 4422 142 4480; x_wconf 85' lang='grc' dir='ltr'>στάσει</span> <span class='ocrx_word' id='word_1_364' title='bbox 174 4424 227 4480; x_wconf 84' lang='grc' dir='ltr'>τῶν</span> <span class='ocrx_word' id='word_1_365' title='bbox 251 4419 428 4496; x_wconf 87' lang='grc' dir='ltr'>Μοχλάντων</span> <span class='ocrx_word' id='word_1_366' title='bbox 449 4419 497 4493; x_wconf 82' lang='grc' dir='ltr'>τὴν</span> <span class='ocrx_word' id='word_1_367' title='bbox 521 4423 567 4478; x_wconf 90' lang='grc' dir='ltr'>τοῦ</span> <span class='ocrx_word' id='word_1_368' title='bbox 589 4418 719 4478; x_wconf 82' lang='grc' dir='ltr'>Σωκάνου</span> <span class='ocrx_word' id='word_1_369' title='bbox 744 4411 848 4476; x_wconf 84' lang='grc' dir='ltr'>ἐκείνου</span> <span class='ocrx_word' id='word_1_370' title='bbox 870 4416 1018 4496; x_wconf 84' lang='grc' dir='ltr'>γονικείαν,</span> <span class='ocrx_word' id='word_1_371' title='bbox 1049 4415 1094 4474; x_wconf 83' lang='grc' dir='ltr'>σὺν</span> <span class='ocrx_word' id='word_1_372' title='bbox 1116 4421 1149 4496; x_wconf 82' lang='grc' dir='ltr'>τῇ</span> <span class='ocrx_word' id='word_1_373' title='bbox 1172 4420 1218 4476; x_wconf 89' lang='grc' dir='ltr'>τοῦ</span> <span class='ocrx_word' id='word_1_374' title='bbox 1241 4416 1351 4492; x_wconf 87' lang='grc' dir='ltr'>ἀνεψιοῦ</span> 
     </span>
    </p>
   </div>
   <div class='ocr_carea' id='block_1_6' title="bbox 60 4575 261 4586">
    <p class='ocr_par' dir='ltr' id='par_1_6' title="bbox 60 4575 261 4586">
     <span class='ocr_line' id='line_1_35' title="bbox 60 4575 261 4586; baseline -0.005 0"><span class='ocrx_word' id='word_1_375' title='bbox 60 4575 261 4586; x_wconf 49' lang='grc' dir='ltr'>ψ</span> 
     </span>
    </p>
   </div>
   <div class='ocr_carea' id='block_1_7' title="bbox 157 4674 853 4746">
    <p class='ocr_par' dir='ltr' id='par_1_7' title="bbox 157 4674 853 4746">
     <span class='ocr_line' id='line_1_36' title="bbox 157 4674 853 4746; baseline -0.003 -18"><span class='ocrx_word' id='word_1_376' title='bbox 157 4679 178 4744; x_wconf 90' lang='lat'>¹)</span> <span class='ocrx_word' id='word_1_377' title='bbox 198 4675 247 4746; x_wconf 78' lang='grc' dir='ltr'>ἐγώ</span> <span class='ocrx_word' id='word_1_378' title='bbox 266 4679 297 4728; x_wconf 75' lang='lat' dir='ltr'>F.</span> <span class='ocrx_word' id='word_1_379' title='bbox 368 4677 391 4741; x_wconf 87' lang='lat'>²)</span> <span class='ocrx_word' id='word_1_380' title='bbox 408 4675 553 4745; x_wconf 77' lang='grc' dir='ltr'>παροικικῇί</span> <span class='ocrx_word' id='word_1_381' title='bbox 624 4677 646 4742; x_wconf 83' lang='lat'>³)</span> <span class='ocrx_word' id='word_1_382' title='bbox 666 4674 803 4743; x_wconf 88' lang='grc' dir='ltr'>μεταίωροιι</span> <span class='ocrx_word' id='word_1_383' title='bbox 822 4677 853 4726; x_wconf 77' lang='lat' dir='ltr'>F.</span> 
     </span>
    </p>
   </div>
   <div class='ocr_carea' id='block_1_8' title="bbox 0 0 1626 5286">
    <p class='ocr_par' dir='ltr' id='par_1_8' title="bbox 0 0 1626 5286">
     <span class='ocr_line' id='line_1_37' title="bbox 0 0 1626 5286; baseline 0 0"><span class='ocrx_word' id='word_1_384' title='bbox 0 0 1626 5286; x_wconf 95' lang='lat' dir='ltr'> </span> 
     </span>
    </p>
   </div>
  </div>
 </body>
</html>
