3208 5310
1293 387 1334 457 65

64 581 86 642 τύ
105 581 291 662 ἐπιλεγόμενον
313 591 363 662 τῆς
379 578 491 657 Βάλτας
512 579 560 646 καὶ
583 579 646 644 οῦτύ
667 581 742 664 παρὰ
755 587 802 646 τοῦ
818 582 897 646 αύτοῦ
912 581 1067 665 Θεοδώρου.
1091 585 1183 666 ἕτερον
1197 589 1336 666 χωρσίριον

62 711 98 764 τοῦ
110 705 271 766 λαλικακίου
293 706 325 765 τῦ
348 705 458 785 σύνορον
480 706 620 786 χωραρίου
640 711 687 766 τοῦ
702 705 864 782 Καζσυλύτη
881 701 983 782 μαδίων
998 705 1026 784 γ’
1038 703 1090 786 ς”,
1113 708 1143 766 τ“ο
1159 707 1247 768 ύιυθὲν
1261 708 1337 786 παρὰ

62 825 184 886 Βασιλείαν
206 828 323 905 ψυχικὸν
345 831 391 887 τοῦ
412 825 588 902 Δακαδιιίντη.
613 829 693 907 ἕτερα
714 830 840 907 χωροίρια
862 827 896 886 τά
919 826 1106 906 ἐπιλεγόμενα
1127 827 1161 886 τά
1183 829 1335 903 Ζυμιυνοίτα

62 947 97 1006 καί
114 949 161 1007 ἀπὸ
181 948 213 1008 τύ
235 948 346 1028 σύνορον
367 950 414 1007 τοῦ
430 947 590 1008 Μανύακίου
612 953 658 1008 τοῦ
679 949 828 1029 χιυραρίου,
851 945 898 1010 καί
920 949 1065 1030 ἀνέρχεται
1081 949 1134 1009 ἀπὸ
1148 950 1198 1024 τἠν
1212 949 1335 1010 παλαιὰν

63 1069 189 1146 ἐκκλησίαν
217 1075 268 1145 τῆς
291 1067 431 1130 Θεοτῦκου
457 1067 504 1129 καί
526 1070 579 1130 ἀπὸ
601 1070 632 1129 τὸ
654 1071 762 1150 σύνορον
784 1074 831 1130 τοῦ
853 1070 1032 1152 Χρυσσβέργη
1053 1075 1101 1130 τοῦ
1122 1070 1270 1150 χυραρίσυ,
1301 1071 1336 1130 τά

63 1191 114 1268 hep
139 1191 263 1262 δεσπόζει
292 1193 312 1267 ἡ
342 1192 451 1267 τοιαύτη
482 1191 548 1269 ἀγία
578 1193 647 1268 μονὴ
677 1190 725 1252 καὶ
746 1191 868 1272 περαίνει
890 1193 935 1252 τὸν
959 1193 1046 1272 ῥύακα
1068 1189 1115 1251 καί
1138 1193 1283 1273 ἀνέρχεται
1304 1194 1335 1252 τύ

60 1311 114 1371 κατὰ
140 1312 217 1393 ῥάχιν
247 1313 331 1394 μέχρι
361 1319 411 1389 τῆς
433 1311 623 1392 Ἀγριλλοίδας
645 1318 691 1374 τοῦ
713 1311 831 1391 πλησίον
852 1317 899 1373 τοῦ
921 1313 1104 1384 Μαζουλάτου
1126 1313 1266 1393 χωραρίσυ
1288 1311 1335 1373 καὶ

62 1431 188 1512 ἀπέρχεται
216 1434 270 1494 ἀπὸ
296 1435 331 1494 τὰ
356 1435 463 1494 παλαιά
490 1432 629 1509 οἰκήματα
654 1433 701 1494 καὶ
728 1435 877 1515 ἀπέρχεται
904 1435 987 1515 μέχρι
1008 1439 1055 1494 τοῦ
1084 1434 1194 1515 ρυακίσυ
1219 1434 1337 1510 πλησίον
1449 1491 1454 1501 ,

61 1554 176 1626 ἀμπελίου
203 1561 254 1631 τῆς
280 1556 404 1632 τοιαύτης
431 1555 512 1634 ἁγίας
540 1561 625 1630 μονῆς
651 1553 698 1615 καὶ
725 1555 885 1630 καταβαίνει
910 1555 941 1614 τὸ
969 1555 1046 1635 βυοίκι
1068 1552 1116 1614 καί
1137 1554 1285 1634 ἀνέρχεται
1306 1557 1336 1614 τὸ

60 1675 114 1734 κατὰ
137 1677 214 1755 ῥάχιν
241 1681 292 1752 τῆς
314 1673 508 1756 Δωκανίστρας
533 1674 581 1736 καὶ
608 1676 768 1753 καταβαίνει
795 1679 877 1757 μέχρι
903 1677 957 1735 ἀπὸ
983 1677 1014 1736 τύ
1042 1676 1152 1756 σύνορον
1174 1681 1227 1735 τῶν
1251 1673 1336 1754 ἁγίων

60 1794 187 1874 Νεορανῶν
213 1795 262 1856 καὶ
287 1794 447 1871 καταβαίνει
474 1798 489 1855 ὁ
515 1797 600 1874 ῦχθος
626 1797 673 1856 καὶ
695 1797 838 1877 ἀνέρχεται
863 1795 902 1870 εἰς
922 1797 969 1855 τ’σν
992 1796 1071 1856 αὐτὸν
1093 1799 1175 1855 τύπον
1197 1801 1244 1856 τοῦ
1264 1817 1334 1876 προ-

59 1919 243 2000 γεγραμμένου,
273 1918 325 1976 ὅσα
350 1915 398 1977 καί
425 1911 468 1978 οίά
496 1916 571 1996 εἰσιν,
601 1919 635 1978 τά
662 1917 783 1978 διαθέντα
807 1918 934 1995 Ψυχικῦν
956 1918 1038 1992 Ζιυῆς
1063 1921 1110 1977 τοῦ
1133 1918 1262 1992 Ζυμῦννου
1290 1919 1335 1976 σῦν

59 2041 93 2094 τοῦ
105 2037 247 2110 Χαλκέυις.
272 2040 364 2118 ἕτερον
385 2041 524 2118 χιυροίριον
547 2039 577 2097 τῦ
599 2039 725 2120 ἀπύπερα
745 2043 792 2100 τοῦ
814 2043 947 2118 ποταμοῦ,
970 2037 1017 2098 καί
1035 2037 1136 2119 γυρίζει
1151 2041 1274 2098 κάτωθεν
1289 2044 1335 2099 τοῦ

60 2157 192 2238 λίηνίστρου
214 2158 261 2218 σύν
283 2163 330 2219 τοῦ
352 2159 446 2239 ἀγροῦ,
470 2161 532 2220 ὅσον
553 2157 601 2218 καὶ
623 2153 678 2219 οἷὸν
700 2160 769 2239 ἐστι,
791 2159 838 2220 καὶ
854 2161 917 2220 αύτύ
934 2159 987 2219 ἀπὸ
1001 2161 1047 2218 τοῦ
1061 2160 1180 2219 τοιούτου
1195 2161 1334 2236 Ζυμιῦνου.

61 2279 135 2357 ἓτερον
154 2282 294 2359 χυράριον
316 2283 363 2340 τοῦ
382 2280 512 2355 Ποταμοῦ
533 2282 563 2340 τύ
585 2279 703 2355 πλησίον
725 2287 774 2358 τῆς
789 2281 901 2354 Βάλτας
922 2281 953 2341 τύ
976 2282 1107 2359 σύνεγγυς
1128 2285 1174 2341 τοῦ
1196 2281 1337 2362 χωραηίσυ

59 2402 95 2456 τοῦ
113 2401 248 2480 Μαγουλᾶ
270 2401 373 2476 μοδίων
389 2399 416 2462 α’
427 2397 479 2482 ς”,
509 2403 540 2461 τίν
569 2403 672 2480 ἔχομεν
700 2403 745 2463 διά
772 2404 886 2481 ψυχικὸν
914 2401 967 2462 ἀπο
993 2407 1040 2463 τοῦ
1063 2398 1211 2481 Μαγδυλά.
1243 2405 1336 2484 ἕτερον

59 2519 167 2598 λσχίλιον
187 2524 219 2584 τ“ο
241 2523 367 2602 ἀπύπερα
388 2526 434 2582 τοῦ
455 2527 579 2598 ποταμοῦ
601 2521 641 2596 εἰς
661 2525 708 2583 τὸν
731 2523 811 2584 αύτὲν
833 2525 914 2583 τύπον
932 2525 979 2583 τύν
993 2524 1110 2599 πλησίον
1124 2529 1171 2584 τοῦ
1188 2525 1335 2603 σπηλαίου,

18 2649 19 2704 3
59 2641 109 2698 ὅσον
127 2642 171 2702 καί
191 2635 249 2704 οἶόν
273 2643 353 2704 ἐστιν.
379 2645 459 2724 έτερα
481 2649 607 2723 χωροίρια
629 2644 756 2724 ἀπύπερα
777 2649 827 2720 τῆς
849 2643 930 2723 ἁγίας
946 2643 1123 2716 Ἀναστασίας
1145 2649 1191 2705 τοῦ
1211 2644 1336 2721 Καμίνου

18 2841 20 2864 f
60 2761 95 2818 σύν
119 2769 161 2824 τοῦ
182 2765 267 2844 ἀγροῦ
295 2766 377 2845 μέχρι
403 2769 449 2825 τοῦ
471 2765 610 2846 Τρυκίυλι,
637 2766 672 2824 πά
695 2767 763 2846 ἅπερ
786 2766 889 2843 ἔχομεν
911 2765 1033 2826 ἀπὸτοῦ
1055 2767 1239 2843 ἀποιχομένου
1261 2767 1335 2845 Δρό-

60 2878 134 2970 ,ίγγουί
166 2886 210 2945 διὰ
240 2886 446 2946 Κωνσπαντίνου
478 2889 525 2946 τοῦ
540 2887 736 2969 Μερσινιὼτη,
770 2885 855 2962 ἤγουν
888 2887 919 2945 τ“ο
949 2887 1075 2965 τέταρτον
1105 2887 1199 2965 μέρος.
1245 2889 1338 2966 ἕτερον

61 3008 177 3084 γυρέηισν
199 3005 239 3078 εἰς
260 3008 307 3066 τάν
329 3007 409 3066 αἰπύν
430 3009 512 3066 τόπον
535 3007 588 3066 ἀπὸ
610 3009 641 3066 τύ
665 3005 742 3088 ρυοίκι
764 3005 811 3066 καί
833 3005 949 3082 πλησίον
971 3011 1018 3066 τοῦ
1033 3006 1178 3066 Βασιλείου
1197 3007 1336 3086 χωραρίου

18 3199 19 3202 ¹
60 3123 155 3186 καὶτοῦ
176 3126 338 3187 Μανδοαιίου
359 3125 408 3187 καί
430 3128 570 3208 συσύνορον
592 3132 639 3186 τοῦ
656 3126 830 3188 Ἰυναννακίου
851 3131 898 3186 τοῦ
921 3129 1092 3207 Μερσινιιίιτη
1115 3132 1161 3188 τοῦ
1184 3127 1333 3207 χωραρίου,

18 3271 19 3338 3
61 3241 97 3302 καί
116 3246 259 3326 ἀπέρχεται
283 3249 367 3308 πολιν
390 3249 444 3308 ἀπὸ
465 3254 512 3308 τοῦ
527 3250 642 3329 φρέατος
657 3251 741 3329 μέχρι
755 3251 802 3308 τοῦ
816 3247 950 3328 Τρικῦλι,
972 3251 1003 3308 τὀ
1019 3251 1086 3329 ὅπερ
1103 3251 1205 3327 ἔχομεν
1221 3251 1335 3326 ψυχικὸν

61 3365 102 3425 ἀεὶ
121 3369 223 3446 Νικητα
244 3375 292 3430 τοῦ
314 3371 487 3450 Μερσινιιῦιη
509 3367 548 3450 τῷ
572 3372 648 3449 μέρει
670 3369 710 3448 τῷ
733 3365 810 3454 μὲίν]
835 3369 1046 3448 έπιλαγχάνοντι
1069 3371 1100 3430 τ“ο
1115 3367 1167 3444 ς”.
1195 3373 1335 3449 χωραίριον

62 3485 84 3544 ἐν
108 3490 172 3568 αύτῷ
202 3497 289 3566 μονῆς
317 3495 367 3566 τῆς
389 3490 488 3571 ’νίτρου
517 3492 548 3550 τὸ
577 3490 733 3568 λεγόμενον
762 3497 816 3551 σῦν
839 3491 960 3550 Ἐλαιῶν
990 3489 1107 3566 πλησίον
1129 3490 1268 3572 χωραρίου
1290 3494 1337 3550 τοῦ

61 3611 203 3689 ίσκαάιῦτη
234 3613 317 3690 μέχρι
347 3616 393 3671 τοῦ
419 3611 530 3690 Βερήβη
560 3615 606 3672 τοῦ
633 3613 765 3692 Βοναρίου
796 3612 897 3687 μοδίυνν
915 3609 967 3686 ιβ’.
999 3613 1090 3690 ἕτερον
1121 3617 1167 3672 τοῦ
1194 3613 1335 3687 Δυμινάκη

62 3726 144 3802 μοέίιυν
166 3731 214 3805 έξι.
240 3735 332 3813 ἕτερον
355 3737 405 3807 τῆς
421 3733 534 3792 Ἀπάνω
550 3729 651 3812 Ἀτρου
672 3735 702 3792 τύ
717 3735 872 3810 λεγομενσν
886 3734 917 3792 τὸ
934 3733 1029 3811 Πλάγι
1045 3733 1092 3793 σύν
1107 3737 1153 3792 τοῦ
1168 3733 1336 3792 Καυκάλλου

62 3849 158 3925 πλησίον
178 3858 226 3914 τοῦ
249 3851 383 3932 Καμίνου,
405 3851 453 3912 καί
474 3851 575 3934 γυρίζει
598 3854 775 3914 ἀποκάτυθεν
796 3859 847 3929 τῆς
866 3853 981 3927 Πλακῦς
1003 3853 1051 3914 καὶ
1072 3852 1231 3926 καταβαίνει
1253 3855 1336 3934 μέχρι

60 3975 96 4028 τοῦ
108 3975 212 4050 Λίμνου
234 3973 282 4034 καί
305 3971 450 4056 ἀνέρχεται
473 3979 557 4055 μέχρι
580 3974 619 4045 είς
641 3978 689 4051 τὴν
713 3977 795 4052 αῦτὴν
817 3976 897 4054 ἁγίαν
921 3977 1015 4055 μονήν,
1040 3974 1141 4052 μσδίιυν
1159 3973 1210 4050 ιη’.
1243 3977 1335 4054 ἕτερον

61 4097 177 4172 χυρέηιον
205 4101 253 4154 τοῦ
277 4095 438 4176 Ἄγραγέιυς
466 4097 497 4155 τὸ
526 4097 650 4156 κάτιυθεν
680 4101 728 4171 τῆς
755 4094 837 4176 ἁγίας
859 4093 1031 4177 Ἐμπραξίας
1057 4096 1174 4171 πλησίον
1195 4094 1334 4174 χωραρίου

60 4217 96 4272 τοῦ
113 4215 272 4298 λίατζαράρι
299 4217 400 4291 μοδίων
416 4213 452 4290 β’.
485 4219 576 4296 ἕτερον
602 4220 740 4298 χωρσίριον
765 4222 815 4292 τῆς
842 4217 925 4294 αὐτῆς
948 4223 1034 4292 μονῆς
1057 4219 1086 4276 έν
1111 4213 1166 4304 [τῇ]
1188 4215 1335 4298 τοποθεσίηι

60 4339 97 4410 τῆς
116 4338 214 4399 Ὑπολυ
238 4385 244 4398 .
264 4385 295 4400 ..
318 4340 457 4419 χωράριον
478 4340 526 4398 τοῦ
540 4339 732 4417 Χοιρολάκκου
753 4339 784 4398 τὸ
808 4334 861 4397 ἀπὸ
883 4341 930 4398 τοῦ
945 4336 1043 4410 Ἀλέξι
1065 4338 1113 4398 καί
1127 4337 1268 4398 Νικολάου
1287 4341 1334 4396 τοῦ

61 4453 227 4540 Romarm,
251 4461 315 4519 ὅσον
337 4458 383 4518 καί
406 4451 462 4518 οίύν
486 4459 566 4518 ἐστιν.
591 4461 682 4538 ἕτερον
705 4461 843 4538 χωροίηιον
864 4460 896 4518 τύ
919 4456 1013 4531 ἀπέξω
1029 4459 1166 4534 ἀμπελίου
1186 4465 1235 4535 τῆς
1251 4457 1333 4534 αὐτης

60 4585 129 4654 μείης
147 4583 177 4640 τὸ
198 4581 254 4642 ἀπὸ
275 4585 322 4640 τοῦ
337 4581 479 4642 Νικολάου
493 4578 541 4639 καί
556 4579 693 4660 Γεωργίου
707 4585 754 4640 τοῦ
770 4579 992 4660 Μαρλιβητζέως
1007 4579 1060 4640 ἀπὸ
1075 4584 1121 4640 τοῦ
1136 4579 1272 4656 ἀμπελίου
1286 4582 1333 4638 τοῦ

61 4697 123 4759 τἰισῦ
142 4695 333 4782 μοναστηρίου,
355 4699 402 4761 καί
424 4701 584 4777 καταβαίνει
607 4703 689 4782 μέχρι
713 4699 753 4772 είς
773 4703 820 4760 τὀν
843 4701 931 4781 ῥύακα
953 4699 1000 4760 καὶ
1023 4699 1063 4772 είς
1077 4701 1125 4775 τὴν
1140 4700 1333 4780 Δωκανίσπραν

1107 4823 1123 4870 ῦ
