3194 5298
243 367 303 432 148

242 561 467 642 ἐγκαθιδρθσεως.
506 565 539 622 ἂν
562 559 593 620 δέ
615 581 649 640 γε
671 563 752 639 τυχόν
775 561 932 634 τελευτήσει
956 551 995 632 εἷς
1017 565 1070 619 τῶν
1094 566 1223 638 μοναχιῖνν
1240 558 1279 631 εἰς
1294 558 1388 633 αίλλην
1405 559 1531 639 ἐπαρχίαν

241 680 288 742 καί
310 685 401 762 τόπον,
433 677 486 768 [ὃς]
509 683 602 764 μακρὰ
624 689 674 759 τῆς
697 683 780 758 σιίντῆς
803 687 889 758 μονῆς
911 683 1035 762 ὑπάρχει,
1064 681 1096 741 τὰ
1119 681 1222 741 ἐκείνου
1245 682 1352 741 ἅπαντα
1373 681 1469 758 κινητὰ
1489 678 1531 738 ααί

241 805 356 881 ἀκίνητα
385 805 444 883 ἔχει
473 806 491 880 ἡ
519 806 589 880 μονὴ
621 804 687 881 αίαη
718 805 813 864 ἄδειαν
843 803 997 880 λαμβάνειν
1026 805 1100 864 αθτοί.
1138 805 1200 863 όθεν
1222 801 1269 863 καί
1293 801 1332 874 είς
1356 804 1468 878 μόνιμον
1488 799 1531 860 καί

243 927 355 1002 διηνεκῆ
377 929 427 1002 τὴν
450 927 601 1006 ἀσφάλειαν
626 928 736 1005 ἐγένετο
759 925 806 987 καί
828 929 859 986 τό
881 927 967 1006 παρόν
989 932 1039 1002 τῆς
1061 928 1140 1004 ἡμῶν
1156 928 1330 1008 μετριότητος
1344 928 1532 1005 πατριαρχινόν

242 1049 289 1110 καὶ
318 1049 456 1109 συνοδικδν
479 1049 671 1128 ἑπικυρωτικδν
693 1051 810 1128 γράμμα
832 1047 879 1108 καί
903 1047 1020 1125 ἐπεδόθη
1043 1054 1076 1130 τῇ
1100 1048 1281 1131 διαληρθείσρ
1303 1049 1387 1130 ταθτη
1410 1046 1470 1128 θείᾳ
1491 1044 1532 1105 καί

242 1172 303 1255 ἱερᾷ
324 1171 372 1232 καὶ
395 1172 524 1254 βασιλικῇ
547 1168 595 1232 καί
617 1176 836 1253 αταυραπηγιακῇ
858 1172 1062 1253 παντελευθέρᾳ
1085 1177 1154 1254 μονῇ
1177 1175 1223 1230 τοῦ
1246 1170 1318 1231 όσίου
1341 1167 1388 1230 καὶ
1411 1171 1532 1250 θεσρόρου

242 1296 345 1375 πατρός
366 1295 445 1370 ἡμῶν
460 1295 555 1354 Λουκᾶ
577 1297 623 1352 τοῦ
638 1294 790 1374 Στηριὼτου
814 1293 847 1352 ἐν
864 1293 930 1353 ἔτει
948 1292 1034 1375 ,ζρνθ
1050 1292 1128 1368 μηνί
1144 1288 1230 1372 μαίῳ
1247 1290 1456 1363 ίνδικτιῶνος
1471 1289 1494 1350 θ’
1509 1295 1531 1364 †.

348 1421 363 1494 †
397 1416 573 1496 Νεόρυτος,
609 1417 695 1496 ἐλέῳ
729 1417 805 1476 θεοῦ
839 1414 1104 1495 ἀρχιεπίσκοπος
1134 1415 1531 1485 Κωνσταντινουπόλεως,

141 1567 146 1578 ·
243 1541 332 1612 Νέας
355 1539 493 1618 Ῥώμης,
517 1537 572 1598 καί
595 1536 829 1614 οἰκουμενικδς
850 1541 1061 1618 πατριάρχης
1083 1543 1107 1614 γ.

346 1666 363 1738 ί
386 1659 569 1739 Θεοφάνης,
601 1660 688 1739 ἐλέῳ
719 1661 795 1720 θεοῦ
821 1662 1032 1741 πατριάρχης
1054 1666 1112 1736 τῆς
1135 1659 1235 1737 ἁγίας
1257 1659 1393 1731 πόλεως
1417 1660 1532 1739 Ἰερου-

282 1906 317 1964 ‘0
345 1903 600 1978 Θεσσαλονίκης
628 1903 811 1983 Παρθένιος
838 1909 864 1981 †.
918 1909 935 1980 γ
956 1897 1329 1986 (ΟΦιλαδελφείαςβί)
1360 1905 1531 1982 Μητροροί-

284 2028 319 2086 ‘0
344 2027 492 2106 Προθσης
515 2026 705 2104 Ἰωσίσαργ.
961 2030 1065 2102 νηςγ

283 2150 317 2208 Ο
342 2146 480 2209 Ἰκονίου
504 2148 709 2224 ἩΑνθιμοςγ
918 2149 992 2224 †'0
1016 2147 1324 2219 Φιλτππουπόλεως
1347 2147 1490 2223 Κλήμης
1511 2150 1532 2220 †.

284 2272 390 2352 ‘0119
397 2270 729 2345 οκοννήσουΔανιηλ
751 2275 777 2346 †.
917 2270 992 2347 †‘0
1016 2271 1119 2330 Γάνον
1142 2268 1360 2346 Μελέτιοςβ.

684 2396 708 2469 †·

282 2395 317 2452 ‘0
341 2394 468 2471 Ζιχνῶν
489 2392 661 2464 Φίλιππος
918 2395 933 2466 γ
957 2391 992 2450 ‘0
1008 2390 1196 2452 Ταλαντίου
1211 2389 1533 2461 καίΔιαυλείαςΜε·

284 2515 319 2574 0
343 2512 473 2590 Ξάνθης
495 2513 693 2592 Γαβριηλγ.
960 2516 1126 2593 τροφάνης
1147 2517 1171 2590 ί.

283 2637 500 2697 ’01]αλαιῶν
533 2637 668 2715 Πατρῶν
698 2637 866 2712 Τιμόθεος
918 2629 990 2712 †‘0
1015 2635 1232 2716 Ἀρδαμερίου
1255 2630 1454 2719 θεο[ράνης]
1477 2638 1500 2708 ί.

289 2759 436 2840 ἀρκετῶς
458 2759 631 2837 ὑπέγραψα
652 2761 677 2835 γ.
919 2762 935 2834 †
958 2757 993 2816 ‘0
1023 2757 1286 2838 ἀρχιεπίσκοπος
1317 2755 1532 2834 Κασσάνδρας

242 2885 259 2958 †
283 2881 316 2940 ‘0
341 2881 479 2957 Ἀθηνῶν
501 2879 672 2958 Κόριλλος
694 2885 719 2956 †.
961 2881 1073 2953 Ἰωνᾶς
1096 2885 1120 2957 †.

243 3007 258 3079 ί
281 3003 317 3061 ’0
340 3001 585 3079 Διδυμοτείχου
601 2998 644 3085 (ί)
660 2999 817 3077 Ἅνθιμος
839 3005 863 3079 ί.
918 3008 933 3080 †
957 2999 1532 3080 Ὁμέγαςοίκονόμοςτῆςμεγοίλης

242 3129 253 3202 1
281 3124 316 3183 ‘0
342 3124 509 3200 Λαρίσσης
531 3125 698 3200 Τιμόθεος
720 3129 744 3202 †.
962 3125 1148 3201 ἐκκλησίας
1170 3129 1194 3201 β.

242 3246 316 3322 †‘0
340 3246 618 3322 Λακεδαιμονίας
644 3245 816 3318 Διονύσιος
838 3251 862 3322 †.
916 3247 991 3324 †¹0
1026 3247 1167 3322 εθτελὴς
1201 3246 1359 3319 διάκονος
1394 3244 1531 3327 ἔξαρχος

241 3372 257 3442 †
281 3367 315 3426 ‘0
341 3413 397 3426 ...
420 3368 572 3448 Γαβριήλ
594 3372 619 3444 γ.
959 3371 1202 3449 πατριαρχικός
1224 3374 1249 3446 †.

346 3479 452 3533 Ατοίιαί.
469 3481 615 3534 membran.

517 3765 560 3830 ΙΙ.
590 3763 814 3848 7306-1798,
839 3787 950 3830 mense
973 3767 1128 3849 ianuario,
1151 3766 1217 3832 ind.
1242 3765 1267 3830 Ι.

244 3934 410 3988 Ραίτίανσίια
426 3933 575 4004 Gregorius
591 3932 621 3984 V.
636 3932 776 4002 confimat
782 3933 932 4004 privileqia
945 3939 969 3986 el
976 3933 1157 4001 possessiones
1173 3934 1331 3986 monasterii
1342 3933 1438 3987 Sancti
1447 3933 1531 3984 Lucae

821 4036 962 4092 διακέοιντο.

349 4227 365 4300 †
395 4223 580 4303 Γρηγόριος
611 4223 697 4303 ἐλέῳ
728 4227 804 4283 θεοῦ
839 4221 1109 4302 ἀρχιεπίσκοπος
1138 4222 1529 4294 Κωνοταντινουπόλεως,

246 4345 337 4416 Νέας
360 4346 500 4425 Ῥώμης,
523 4339 580 4406 καί
603 4344 839 4422 οἰκουμενικός
860 4349 1049 4426 παριάρχης
1072 4351 1096 4424 ί.

248 4589 405 4662 συνοδικοθς
426 4593 544 4662 κανόνας
566 4593 696 4669 τυγχάνει
719 4590 966 4670 διακυβερνιθμενσ,
989 4589 1099 4665 πολλὴν
1124 4591 1214 4669 ἔχουσι
1233 4593 1282 4666 τὴν
1298 4595 1377 4672 χάριν
1392 4590 1463 4670 παρὰ
1477 4587 1530 4646 θεοῦ

352 4473 368 4544 †
389 4467 463 4528 Ὅσα
492 4469 543 4544 μὲν
569 4469 641 4528 κατὰ
665 4467 727 4539 τοίνς
754 4468 841 4540 θείους
868 4468 984 4544 θεσμοὺς
1010 4467 1057 4528 καί
1084 4467 1144 4539 τοίνς
1167 4467 1255 4548 ίεροθς
1277 4468 1471 4536 αἰποστολικοὺς
1491 4461 1530 4523 καί
1591 4519 1592 4560 ,

246 4712 293 4774 καί
315 4715 345 4772 τό
370 4713 450 4784 ἔλεος
473 4715 610 4792 μέγιστον,
639 4715 689 4773 ὅσα
713 4713 744 4772 δὲ
766 4713 916 4774 τούναντίον
937 4711 1102 4793 παραβαίνει
1123 4719 1177 4773 τῶν
1200 4717 1269 4795 ὅρων
1294 4715 1485 4796 ἐκτρεπόμενα,
1506 4709 1529 4766 ἐν
