3222 5284
1311 331 1375 398 371

64 527 134 586 θεοῦ
159 526 208 588 καὶ
232 533 355 608 σωτῆρος
376 529 455 604 ἡμῶν
473 529 562 604 Ἰησοῦ
576 528 692 608 Χριστοῦ
714 527 819 606 ἀρείλει
841 527 962 606 γίνεσθαι
985 527 1068 603 ὁμοία
1090 531 1124 609 τῆ
1146 533 1195 602 τῆς
1218 529 1376 602 κοιμήσεως

63 653 117 723 τῆς
151 651 293 730 θεοτόκου,
323 651 341 724 ή
373 648 405 710 δὲ
436 649 555 722 διάδοσις
585 649 654 710 ἔστω
684 648 756 710 σίτου
787 648 889 724 μοδίων
917 648 963 710 δύο
986 647 1033 710 καὶ
1060 648 1178 726 νουμμία
1201 651 1375 724 νομισμάτων

65 772 203 850 τραχέων
226 774 375 852 τεσσάρων.

178 894 258 974 Κερ.
284 891 340 967 ξδ’.
374 893 454 974 Περὶ
476 899 532 955 τοῦ
554 894 706 973 γίνεσθαι
729 894 910 970 μετάδοσιν
932 894 1003 955 καθ’
1020 894 1164 969 ἑκάστην
1187 894 1318 974 ἡμέραν
1341 893 1375 953 ἐν

66 1014 113 1092 τῷ
148 1016 288 1076 πυλῶνι.
333 1017 403 1076 Δέον
434 1017 465 1078 δέ
493 1017 563 1078 ἐστιν
585 1017 632 1078 καὶ
656 1017 685 1076 ἐν
707 1013 746 1094 τῷ
768 1017 872 1078 πυλῶνι
893 1016 1015 1096 γίνεσθαι
1038 1016 1158 1078 διάδοσιν
1180 1017 1242 1076 καθ’
1260 1017 1377 1091 ἑκάστην

67 1137 181 1216 ἡμέραν
205 1121 304 1214 ψωμία
323 1135 395 1198 σίτου
418 1137 515 1214 μσδίου
536 1143 582 1198 τοῦ
604 1137 693 1220 τρίτου
714 1138 776 1214 ἤτοι
790 1140 850 1210 ταῖς
869 1137 953 1219 τρισίν
972 1139 1090 1220 ἡμέραις
1105 1139 1178 1200 σίτου
1194 1137 1288 1214 μοδίου
1305 1139 1376 1216 ἑνός,

69 1259 109 1330 ὡς
133 1258 184 1318 καὶ
207 1265 261 1318 τῶν
283 1263 504 1342 περισσευμοίτων
527 1266 576 1336 τῆς
605 1262 741 1340 τραπέζης
771 1260 890 1336 ἑκάστης
920 1261 1026 1341 ἡμέρας
1057 1261 1221 1340 ὀφειλόντων
1245 1259 1376 1338 δίδοσθαι,

69 1380 109 1450 ὡς
134 1383 170 1438 ἂν
195 1379 240 1440 διά
261 1387 311 1456 τῆς
338 1383 405 1462 πρδς
431 1383 493 1454 τούς
522 1381 658 1462 ἀδελφούς
689 1381 788 1463 ἱλαρᾶς
818 1382 1008 1460 ἐλεημοσύνης
1037 1381 1133 1464 ἱλαρόν
1155 1381 1202 1444 καί
1232 1384 1309 1459 ὑμεῖς
1330 1379 1377 1442 καὶ

71 1499 182 1579 δαψιλῆ
205 1504 252 1562 τὀν
276 1504 309 1564 ἐκ
330 1504 393 1564 θεοῦ
416 1504 497 1564 ἔλεον
521 1505 693 1580 ἀπολάβητε.

181 1625 261 1704 Κερ.
293 1622 349 1698 ξέ.
386 1624 466 1705 Περί
499 1630 555 1686 τοῦ
588 1623 877 1706 ἀναγινώσκεσθαι
911 1628 946 1686 τδ
979 1626 1114 1686 τυπικδν
1145 1623 1194 1698 εἰς
1229 1625 1378 1700 ἐπήκοον

71 1751 190 1804 πασῶν
212 1746 296 1806 κατά
319 1753 415 1824 μῆνα.
448 1747 510 1808 Ἐπὶ
525 1754 589 1808 πάσι
606 1747 743 1810 καὶτοῦτο
766 1747 995 1829 παραρυλακτέον
1012 1746 1090 1808 ούδέν
1105 1742 1185 1822 ἧττον
1201 1754 1254 1807 τῶν
1269 1747 1378 1826 άλλων,

73 1864 96 1924 εἰ
120 1869 162 1942 μὴ
187 1866 234 1929 καί
257 1869 378 1948 μᾶλλον,
402 1871 440 1942 ώς
463 1870 552 1951 ἀρχήν
575 1869 667 1932 τεκαὶ
688 1868 773 1930 αἰτίαν
788 1875 837 1947 τῆς
853 1866 1047 1946 ἀμεταπτώτου
1062 1874 1115 1928 τῶν
1132 1867 1377 1943 διατετυπωμένωυ

72 1991 220 2067 τηρήσεως
242 1987 289 2049 καὶ
310 1994 356 2051 τοῦ
379 1991 445 2051 όλου
467 1996 517 2066 τῆς
540 1998 627 2068 μονῆς
656 1994 847 2071 καταρτισμοῦ,
879 1989 946 2070 ρημί
969 1989 1004 2066 δὴ
1027 1991 1057 2050 τό
1088 1989 1322 2069 ἀναγινώσκεσθαι
1344 1991 1376 2050 τό

73 2111 185 2170 τυπικδν
208 2109 247 2184 εἰς
274 2111 392 2188 ἐπήκοον
422 2119 518 2174 πασῶν
540 2118 593 2174 τῶν
617 2113 702 2195 έντῇ
733 2119 803 2196 μονῇ
833 2113 895 2172 καθ’
909 2113 1025 2188 ἑκάστην
1056 2111 1202 2190 νουμηνίαν
1211 2112 1244 2194 ¹),
1275 2113 1375 2195 ἵνατῆ

74 2235 186 2310 συνεχεῖ
215 2231 369 2311 ἀναγνώσει
399 2234 519 2308 μάλιστα
547 2237 693 2314 παράμσνα
724 2231 772 2294 καί
801 2231 987 2306 ἀνεξάλειπτα
1017 2233 1059 2311 εἴη
1091 2234 1125 2294 τά
1155 2235 1376 2310 διατετυπωμένα

74 2352 121 2411 καί
144 2355 213 2434 πρός
243 2356 400 2430 συνεθισμδν
422 2361 472 2432 τῆς
493 2357 594 2416 τούτων
623 2357 795 2437 πληρώσεως
824 2354 916 2436 εὔοδα,
949 2355 1032 2416 ἀδεῖ
1053 2353 1127 2439 πάσῃ
1155 2356 1263 2439 φυλακῇ
1285 2359 1376 2437 τηρεῖν

77 2475 224 2555 ἔμπρακτα
246 2475 293 2536 καί
316 2477 416 2558 ἐνεργά
431 2477 477 2537 καί
494 2479 532 2550 ῶς
555 2479 655 2553 νόμους
678 2476 767 2551 θείους
788 2478 975 2558 ἀταραβάτως
990 2475 1037 2538 καί
1052 2474 1251 2550 ἀναλλοιώτως
1267 2478 1378 2558 έχοντα,

77 2599 141 2672 μήθ’
155 2597 206 2658 ύπδ
228 2599 328 2678 χρόνου
357 2599 550 2674 παλαιούμενα
571 2598 618 2659 καί
641 2599 834 2680 ἀφανιζόμενα,
865 2600 930 2674 μήθ’
943 2599 993 2658 ύπά
1015 2620 1088 2672 τινος
1111 2598 1243 2680 ἐπηρείας
1264 2603 1282 2674 ἢ
1307 2599 1377 2674 βιω-

76 2727 155 2795 τικῆς
177 2727 342 2801 περιτροπῆς
371 2721 574 2802 άμαυρούμενα,
606 2722 671 2798 μήθ’
685 2723 734 2780 ύπό
758 2721 890 2804 ῥᾳθυμίας
912 2727 945 2805 τῇ
968 2720 1043 2806 λήθη
1065 2721 1281 2802 παραδιδόμενα,
1312 2722 1377 2796 μήθ’

78 2843 116 2912 ώς
139 2842 248 2920 ἐπαχθῆ
271 2843 315 2902 ὑπ’
327 2843 497 2919 ἀνασκησίας
520 2843 713 2918 ἀποσειόμενα.

182 2965 262 3044 Κερ.
287 2961 351 3040 ξς’.
387 2963 469 3046 Περὶ
495 2971 555 3043 τῆς
580 2969 635 3024 τοῦ
658 2964 748 3026 θείου
779 2968 859 3025 ναοῦ
889 2965 1118 3045 καθημερινῆς
1147 2963 1377 3044 ρωταγωγίας.
1434 2944 1440 2954 ’

79 3080 172 3146 Ἔστω
193 3085 281 3146 τοίνυν
303 3087 321 3161 ή
344 3086 416 3146 κατὰ
437 3088 483 3146 τδν
505 3088 578 3146 θεῖον
600 3088 664 3147 ναόν
695 3087 865 3166 καθημερινή
888 3078 1055 3166 ρωταγωγία
1081 3087 1205 3162 τοιαύτη·
1239 3085 1378 3162 κανδῆλαι

79 3206 223 3284 ἀκοίμητοι
253 3207 447 3289 νυχθημεριναὶ
478 3208 717 3290 διατηρείσθωσαν,
749 3209 778 3267 ἐν
806 3209 857 3284 μέν
883 3207 922 3288 τῷ
952 3208 1035 3283 μύακι
1066 3206 1124 3288 μία,
1156 3208 1307 3287 ἔμπροσθεν
1328 3213 1379 3283 τῆς

79 3328 313 3409 Κεχαριτωμένης
342 3331 470 3392 θεοτόκου
493 3330 552 3410 μία,
584 3331 612 3390 ἐν
635 3329 674 3410 τῷ
696 3331 812 3410 τέμπλῳ
836 3329 895 3410 μία,
924 3329 952 3389 ἐν
975 3328 1014 3408 τῷ
1037 3327 1181 3411 νάρθηκιέ)
1205 3327 1255 3404 μία
1277 3327 1324 3388 καί
1349 3327 1378 3388 ἐν
1440 3375 1442 3382 .

80 3449 116 3530 τῷ
139 3449 312 3533 ἐξωνάρθηκι
320 3449 344 3536 ³)
370 3453 459 3533 ἑτέρα.
504 3455 568 3514 όταν
592 3452 624 3512 δέ
646 3453 675 3513 έν
697 3473 747 3513 τινι
769 3455 844 3532 τάρῳ
867 3453 954 3535 ρθάση
977 3451 1086 3526 τεθῆναι
1109 3450 1252 3532 λείψανον,
1275 3450 1380 3531 όρείλει

82 3573 173 3633 ἅπτειν
196 3573 327 3650 κανδήλα
350 3575 408 3651 μία.

184 3696 263 3777 Κερ.
285 3694 345 3769 ξζ’.
371 3695 453 3777 Περὶ
474 3701 537 3756 τῶν
558 3697 672 3776 κύκλῳ
694 3701 749 3757 τοῦ
771 3695 937 3777 τρούλλου
959 3696 1183 3776 κρεμαμένων
1206 3697 1380 3776 κρατήρων

82 3811 221 3878 καὶτῶν
244 3820 383 3882 λοιπῶν.
415 3817 451 3878 Οἱ
473 3818 505 3878 δέ
527 3818 555 3878 ἐν
579 3820 655 3900 μέσῳ
677 3821 724 3878 τοῦ
745 3821 830 3898 χοροῦ
852 3820 1022 3898 κρεμάμενοι
1044 3822 1180 3898 κρατῆρες
1203 3817 1381 3877 άπτέσθωσαν

82 3941 130 4013 μὲν
153 3933 195 4014 εἷς
216 3942 282 4021 παρ’
295 3943 344 4001 ἕνα
366 3941 427 4000 κατ’
440 3940 530 4022 ἀρχάς
551 3946 605 4000 τῶν
627 3940 801 4015 τελουμένων
824 3940 946 4014 συνήθως
968 3940 997 3998 ἐν
1020 3938 1058 4019 τῷ
1073 3939 1131 4016 ναῷ
1147 3937 1294 4020 ουνάξεων,
1318 3939 1380 3998 κατ’

83 4061 186 4143 ὄρθρον,
210 4063 349 4143 ἑσπερινόν
372 4060 419 4122 καί
441 4061 623 4144 λειτουργίαν,
647 4063 849 4138 οβεννύσθωσον
874 4062 904 4122 δέ
927 4061 1011 4122 πάλιν
1034 4061 1105 4121 κατὰ
1121 4061 1156 4120 τά
1177 4061 1246 4136 τέλη
1270 4062 1379 4121 τούτων.

83 4185 110 4242 τθ
133 4187 197 4246 οῦτδ
221 4185 253 4245 δὲ
275 4187 392 4264 γινέσθω
415 4183 462 4246 καί
483 4183 545 4268 περὶ
566 4189 658 4258 πάσας
680 4186 730 4258 τάς
752 4189 797 4245 τοῦ
820 4185 944 4260 τέμτλσυ
966 4183 1120 4260 κανδήλας.

160 4285 263 4386 Κεφ.
281 4304 340 4384 ξή.
365 4306 447 4387 Περὶ
469 4313 532 4366 τῶν
556 4306 762 4388 δρειλόντων
785 4309 947 4368 ἅπτεσθαι
969 4305 1101 4386 κηρίων.
1134 4305 1227 4384 Κηρία
1242 4303 1274 4364 δέ
1294 4305 1380 4364 ἀττέ-

85 4429 191 4488 σθωσαν
206 4429 390 4508 νυχθήμερινά
406 4429 552 4508 ἀκοίμητα,
576 4431 605 4489 ἐν
622 4429 673 4505 μέν
688 4429 726 4507 τῷ
742 4429 845 4504 βήματι
860 4431 899 4508 έν,
922 4426 969 4490 καί
986 4429 1136 4508 ἔμπροσθεν
1151 4433 1200 4502 τῆς
1215 4427 1380 4508 Κεχαριτω-

185 4691 205 4756 ¹)
223 4686 349 4758 νουμτνίαν
369 4689 406 4740 M.
477 4689 498 4754 ²)
517 4681 603 4756 ἀρθηκι
621 4687 658 4738 Μ.
731 4689 751 4752 ³)
771 4673 904 4756 ἐξωάρθηιιι
923 4688 959 4738 Μ.

1122 4789 1172 4842 24*
