3194 5298
252 327 313 393 132

248 521 336 602 γενῶν
360 521 560 604 δικαιωμάτων,
583 522 661 583 ἀλλὰ
684 523 718 599 δὴ
741 522 787 584 καί
809 523 1000 604 ἀπογραρικῶν
1021 523 1277 604 ἀποκαταστάσεων,
1300 521 1347 585 καί
1364 522 1480 596 ἐζήτησε
1497 521 1545 582 καί

248 646 454 726 παρεκλήτευσε
476 652 509 728 τῇ
533 643 661 728 βασιλείᾳ
684 667 734 721 μου
757 648 772 706 ό
795 647 824 706 ἐν
847 647 912 729 οιύτῇ
929 647 1097 722 ἀσκούμενος
1112 650 1272 723 τιμιώτατος
1288 647 1317 707 ἐν
1333 647 1477 724 μσναχοῖς,
1494 649 1545 723 κῦρ

248 763 392 846 Ἰάκωβος,
415 767 459 827 ἵνα
480 770 594 848 γένηται
615 766 662 827 καί
683 771 846 848 πρόσταγμα
869 775 917 844 τῆς
941 768 1083 841 βασιλείας
1106 790 1167 848 μου,
1194 769 1242 844 τὴν
1264 768 1438 848 παράκλησιν
1462 769 1545 826 αὺτοῦ

248 888 369 964 εὐμενῶς
391 887 598 970 προσδεξαμέντ,
621 891 639 964 ἡ
663 889 790 964 βασιλεία
814 911 865 966 μου
886 892 917 951 τό
939 891 1025 970 παρόν
1047 893 1209 970 πρόσταγμα
1231 890 1357 970 ἀπολύει,
1381 887 1416 950 δι’
1428 883 1460 948 οίι
1482 888 1543 948 διο-

248 1009 357 1091 ρίζεται,
381 1012 424 1072 ίνα
446 1014 464 1088 ἠ
484 1013 592 1087 τοιαύτη
610 1012 679 1088 μονὴ
694 1019 743 1088 τῆς
759 1012 840 1092 ἁγίας
856 1010 967 1085 ἐνδόξου
983 1013 1229 1092 μεγαλομσίρτυρσς
1243 1011 1419 1083 Ἀναστασίας
1434 1011 1543 1091 κατέχῃ

246 1133 277 1192 τό
299 1135 417 1193 τοιοῦτον
439 1133 654 1215 παλαιοχωρίσν,
677 1133 756 1194 ἀλλὰ
778 1134 811 1209 δὴ
834 1131 881 1193 καί
903 1133 931 1193 εί
950 1155 972 1194 τι
996 1133 1070 1194 ἀλλο
1092 1136 1221 1209 κέκτηται
1245 1133 1288 1193 διά
1310 1154 1340 1194 τε
1362 1133 1542 1212 παλαιγενῶν

247 1253 437 1330 δικαιωμάτων
458 1249 505 1315 καί
528 1231 724 1336 ἀπογραρικῶνί
744 1257 990 1316 ἀποκαταστάσεων
1011 1251 1160 1338 ἀταράχως
1178 1258 1266 1331 πάντη
1287 1253 1333 1316 καί
1350 1251 1540 1331 ἀδιασείστως,

247 1377 287 1436 ἔτι
313 1398 343 1436 τε
370 1377 574 1453 ἀνεμποδίστως
601 1379 648 1440 καί
670 1377 893 1458 ἀναποσπσίοτως,
920 1376 967 1438 καὶ
990 1377 1079 1450 οῑιδεὶς
1101 1385 1154 1438 τῶν
1177 1379 1227 1438 ὑπό
1250 1380 1298 1453 τὴν
1322 1375 1465 1452 βασιλείαν
1491 1395 1541 1451 μου

247 1497 442 1578 εὑρισκομένων
473 1501 639 1580 κεφαλάδων
669 1502 824 1562 καθολικῶν
854 1505 872 1575 ἢ
905 1507 1023 1580 μερικῶν
1047 1503 1186 1572 ζουπσίνων
1209 1498 1265 1574 ἕξει
1288 1499 1382 1560 ἀδειαν
1406 1499 1541 1559 διασεῖσαι

245 1623 263 1694 ἢ
292 1620 469 1700 διενοχλῆσαι
496 1625 514 1698 ἢ
538 1623 683 1699 ἀπαιτῆσαι
704 1625 735 1683 τό
757 1626 849 1702 τυχόν,
882 1624 958 1684 ἀλλὰ
979 1620 1090 1696 καθέξει
1113 1621 1160 1682 καί
1182 1622 1366 1698 νεμηθήσεται
1387 1623 1406 1699 ἡ
1428 1623 1539 1696 τοιαόσς

246 1742 382 1818 σεβασμία
405 1744 475 1819 μονὴ
497 1750 546 1819 τῆς
569 1744 650 1824 άγίας
666 1744 842 1818 Ἀναστασίας
863 1747 893 1805 τό
916 1749 1032 1806 τοιοῦτον
1052 1744 1256 1826 παλαιοχωρίον
1277 1744 1348 1820 μετὰ
1362 1741 1471 1804 πάντων
1487 1749 1539 1804 τῶν

244 1871 398 1943 προνομιῶν
423 1867 501 1925 αὺτοῦ
523 1864 570 1926 καί
592 1866 620 1926 εί
640 1862 724 1952 τι[να]
747 1868 824 1928 ἀλλα
838 1869 968 1942 κέκτηται
984 1868 1116 1948 ἐλεύθερα
1131 1864 1178 1926 καί
1193 1867 1393 1945 ἀκαταζίγτητα,
1410 1865 1451 1944 μὴ
1465 1867 1539 1946 παρά

244 2007 316 2060 τινος
345 1987 504 2066 εόρίοκουσα
535 1989 581 2049 τόν
610 1992 724 2067 τυχόντα
746 1989 831 2068 λόγον
853 1993 871 2064 ἢ
895 1987 1062 2064 ἑμποδισμδν
1085 1992 1103 2064 ἡ
1127 1987 1301 2067 διενόχλησιν
1323 1987 1371 2063 τὴν
1393 1992 1536 2066 τυχοῦσαν,

244 2109 347 2189 όφείλει
378 2109 408 2170 δὲ
437 2109 483 2170 καί
506 2113 522 2170 ό
545 2108 644 2183 οἰκεῖος
667 2111 733 2194 αθιῃ
755 2112 846 2192 κύριος
868 2157 874 2172 .
893 2159 899 2172 .
917 2113 956 2170 ,ό
978 2110 1131 2190 λογοθέτιγς
1155 2108 1323 2190 δερενδείιειν
1346 2107 1394 2170 καί
1416 2111 1468 2170 ουκ
1491 2109 1537 2169 ἐᾶν

244 2232 398 2311 διενοχλεῐν
424 2253 448 2292 τι
476 2234 507 2292 τό
533 2234 615 2312 τυχόν
642 2229 673 2305 ἐξ
700 2233 786 2293 αθτῶν
810 2233 844 2309 δὴ
867 2232 921 2292 τῶν
943 2233 1120 2308 δηλωθεισῶν
1143 2238 1243 2308 μονῶν.
1273 2231 1320 2291 καὶ
1342 2232 1435 2292 τσίιιου
1457 2233 1536 2311 χάριν

180 2341 186 2355 ’
244 2353 355 2430 ἐγένετο
377 2352 424 2412 καί
446 2355 477 2413 τδ
499 2355 585 2433 παρδν
606 2355 768 2434 πρόσταγμα
790 2361 839 2431 τῆς
862 2353 1005 2428 βασιλείας
1029 2375 1079 2430 μου
1102 2354 1138 2414 δι’
1151 2351 1300 2433 ἀσφάλειαν
1323 2357 1348 2430 ί.

346 2470 461 2554 γΕίχε
480 2474 536 2534 καί
553 2475 592 2534 δι’
605 2477 747 2558 ἐρυθρῶν
762 2480 966 2558 γραμμάτων
983 2483 1041 2554 τῆς
1057 2477 1239 2552 βασιλικῆς
1253 2477 1369 2555 χειρός
1384 2477 1434 2536 τό·
1460 2471 1534 2549 μηνί

243 2595 451 2678 φεβρουαρίῳ
474 2595 531 2656 ίνδ.
557 2577 587 2656 ε’·
603 2601 628 2674 †.
1586 2653 1587 2711 ρ

320 2725 323 2736 ’
346 2725 492 2780 Ιααιιιιίάιιε
506 2725 557 2780 Nr.
577 2727 625 2780 16.
656 2725 736 2780 Solus
755 2743 843 2780 αηιικιι
859 2727 975 2781 decimus
990 2729 1101 2797 quintus
1116 2727 1194 2798 τορνιί
1210 2723 1342 2796 Scapham·
1355 2725 1465 2794 Man,
1489 2721 1535 2794 qui
1585 2745 1586 2787 γ

242 2837 281 2885 σαί
299 2831 391 2899 1352,
407 2831 486 2886 habet
501 2831 556 2884 ind.
580 2830 610 2885 V.

480 3151 640 3218 XXXIV.
665 3151 889 3236 6860-1352‚
913 3173 1023 3217 mense
1045 3152 1141 3238 maj0,
1164 3151 1230 3216 ind.
1253 3150 1294 3216 V.

242 3335 302 3390 Ra
319 3334 472 3406 Stephanus
488 3335 588 3390 Βυίαιι
607 3335 748 3405 οουάπιιιαί
766 3336 883 3408 Θεωρία
899 3335 1052 3406 Ράοοομιιίο
1072 3352 1160 3390 omnes
1171 3335 1352 3405 μοεοωιιιδιιω
1367 3333 1528 3402 conceditque
1577 3389 1578 3399 ¹

594 3441 620 3495 ei
628 3439 792 3510 famtltatem
807 3441 928 3495 demendi
946 3458 992 3495 οαο
1007 3441 1178 3496 monasterio.
1576 3455 1577 3472 ν

240 3642 498 3722 Χρυσόβουλλον
525 3648 579 3704 τοῦ
603 3643 771 3718 βασιλέως
794 3645 956 3724 Στεφάνου
982 3645 1194 3724 περιεκτικόν
1222 3641 1269 3716 είς
1291 3643 1330 3706 τὰ
1351 3647 1524 3723 γράμματα
1573 3609 1575 3703 ί

657 3771 711 3826 τοῦ
734 3767 848 3848 κυρίου
871 3767 1108 3828 Φωκοποιίλσυ.

342 3943 357 4016 †
375 3939 452 3999 Ἐπεί
475 3940 490 3998 ό
505 3938 605 4012 οἰκεῖος
625 3948 657 4022 τῇ
674 3941 803 4025 βασιλείᾳ
818 3963 879 4021 μου,
903 3941 993 4020 κύριος
1009 3941 1144 4021 Γεῶργιος
1160 3941 1175 3999 ό
1192 3939 1392 4019 Φωκόπουλος,
1417 3940 1522 4014 ἐζήτησε
1568 4013 1569 4016 ¹

237 4054 285 4120 καί
306 4063 508 4142 παρεκάλεσεν,
533 4063 607 4135 όπως
630 4061 776 4144 διορίοηται
799 4065 816 4137 ἡ
841 4062 969 4138 βασιλεία
993 4084 1044 4138 μου
1066 4061 1113 4122 καὶ
1135 4063 1241 4146 κατέχῃ
1265 4059 1309 4122 διὰ
1324 4059 1521 4142 χρυσοβοίιλλου

238 4182 321 4258 αθιῆς
344 4183 537 4262 ἀνενσχλήτως
559 4182 606 4244 καί
628 4185 813 4264 άνυοτερήτως
836 4185 870 4245 τόι
892 4183 923 4258 ἐξ
943 4185 1046 4266 ἀγορᾶς
1061 4183 1107 4244 καί
1124 4183 1230 4245 οίκείων
1245 4187 1337 4244 κόπων
1352 4183 1399 4245 καὶ
1415 4184 1518 4244 ἀναλω-

237 4307 330 4382 μάτων
359 4307 491 4385 προσόντα
518 4307 603 4386 τοίιτῳ
630 4305 767 4382 οἰκήματα
795 4307 871 4376 ἐντός
893 4313 942 4384 τῆς
965 4303 1114 4368 θεοσώστου
1136 4307 1247 4378 πόλεως
1269 4307 1378 4387 Σερρῶν
1401 4305 1447 4366 καί
1468 4300 1518 4368 τοὺς
1564 4243 1566 4322 ί

237 4427 316 4499 ἐκτός
331 4425 526 4508 θδρομόλωνας
545 4427 592 4488 καί
606 4429 636 4488 τό
653 4429 768 4510 ἀμπέλι,
792 4429 829 4488 ἔτι
845 4449 875 4488 τε
890 4432 920 4489 τό
936 4427 976 4502 εἰς
990 4429 1142 4504 Λεστιανὴν
1154 4429 1358 4508 ζευγηλατεῖον,
1383 4429 1445 4488 όοον
1461 4419 1516 4496 ἐστί,

235 4547 313 4609 ἀλλὰ
336 4547 370 4625 δὴ
392 4547 439 4609 καί
462 4551 510 4625 τὴν
527 4549 566 4622 είς
580 4549 629 4626 τὴν
645 4551 775 4626 Τοόμβοιν
791 4557 843 4630 γῆν
858 4556 912 4610 τῶν
928 4551 1086 4631 τριακοσίων
1110 4549 1222 4631 μοδίων,
1245 4547 1292 4610 καὶ
1308 4551 1361 4633 ἔχῃ
1378 4548 1421 4610 ἐπ’
1434 4543 1515 4610 ἀδείας

234 4671 411 4751 προσηλῶσαι
434 4677 516 4732 ταῦτα
539 4671 585 4731 καί
607 4671 647 4742 είς
669 4674 859 4754 μοναστήριον,
884 4673 947 4733 ἔνθα
963 4669 1017 4755 ἀρα
1031 4671 1137 4756 θελήσῃ
1153 4671 1199 4732 καί
1215 4671 1349 4756 βουληθῇ,
1371 4673 1421 4752 τὴν
1435 4667 1513 4750 ιταρί1
1550 4726 1554 4741 ,
