3486 5282
629 1087 630 1092 γ
664 982 737 1057 XI.

418 1173 494 1248 λιιι
516 1175 686 1248 monasterii
709 1175 738 1247 ln
761 1180 856 1248 monte
880 1175 974 1249 Sinai.

323 1401 350 1466 Ι.
376 1399 625 1488 [6779-1271],
648 1423 759 1466 mense
782 1401 867 1478 iulio,
891 1401 958 1468 ind.
981 1402 1074 1468 XIV.

106 1571 257 1640 Imperator
272 1566 392 1623 Μιόίιαὲί
407 1568 585 1639 Ραίαεοίορυσ
600 1567 697 1622 montis
713 1567 795 1622 Sinai
805 1569 992 1638 praepositum
1007 1555 1153 1639 hypertimi
1166 1569 1297 1639 ἅίριιίίαίε

642 1674 759 1727 decorat.

59 1859 210 1940 Ὁρισμδς
232 1862 289 1918 τοῦ
312 1855 551 1932 εὐσεβεστάτου
575 1858 752 1938 βασιλέως,
775 1858 810 1918 δν
835 1857 976 1934 ἐποίησε
999 1859 1050 1918 διὰ
1073 1861 1108 1919 τό
1127 1859 1347 1934 θεοβοίδιστον

551 1979 627 2060 ύρος
649 1980 684 2039 τό
707 1978 849 2040 Σίναιον.

154 2143 170 2214 ή
193 2135 227 2196 Εἰ
250 2136 281 2196 δὲ
304 2135 351 2196 καί
366 2136 487 2216 ἀνδράσι,
503 2137 561 2206 τοῖς
575 2133 739 2215 περιδεξίοις
759 2133 798 2207 εἰς
814 2137 960 2217 ὑπηρεσίαν
975 2143 1025 2212 τῆς
1040 2138 1194 2218 βασιλείας,
1211 2141 1349 2220 ἀρχόντων

59 2265 310 2340 καταστρατηγῆσαι
332 2259 517 2340 όρεγομένοις,
539 2261 557 2332 ἢ
577 2258 687 2318 πόλεων
704 2257 848 2334 διοικήσεις
865 2259 1066 2339 ἐγχειρισθῆναι
1080 2263 1098 2334 ἢ
1114 2261 1201 2333 λαούς
1215 2260 1349 2340 όδηγῆσαι

59 2381 140 2455 ήκαί
162 2378 231 2442 ἄλλ’
244 2378 313 2442 αἰτα
335 2385 445 2441 τοιαῦτα
466 2382 602 2460 ττροίττεινΙ
615 2379 757 2454 δεομένοις
779 2379 818 2460 τῷ
839 2383 934 2461 κράτει
955 2387 1005 2458 τῆς
1026 2387 1079 2442 τῶν
1096 2383 1242 2459 Ῥωμαίων
1262 2383 1351 2463 ἀρχῆς

60 2509 205 2581 σαινόμενοι
218 2508 353 2587 χρήσιμα,
375 2505 455 2580 τιμὴ-ν
472 2503 611 2584 έπιμετρεῖ
624 2503 673 2578 τὴν
687 2507 884 2584 προσήκουσαν,
907 2510 961 2564 τῶν
977 2503 1148 2584 δ’όπηκόων,
1171 2507 1229 2565 ὅσοι
1242 2507 1350 2585 ,είκγνω-

60 2629 143 2700 μόνως
173 2625 374 2705 εἰσηγούμενοι,
405 2625 504 2686 δίκαιοι
534 2627 567 2683 ἂν
591 2619 645 2684 εἷεν
668 2627 702 2684 τό
724 2631 773 2700 της
795 2627 933 2700 ὑποθήκης
954 2627 1054 2686 τούτων
1077 2627 1191 2702 βλέπειν
1213 2628 1244 2686 τό
1266 2629 1352 2707 πέρας

60 2747 255 2828 ἑπιόεχόμενα·
288 2748 402 2828 ἀνδράσι
422 2749 531 2822 σεμνοῖς
557 2745 604 2805 καί
627 2747 677 2826 βίῳ
700 2745 747 2806 καί
768 2751 859 2827 τρόπω
881 2747 936 2826 θεῷ
948 2748 968 2823 ¹)
990 2747 1193 2827 πλησιάζουσιν,
1226 2747 1278 2826 ούχ
1300 2751 1352 2808 ὅσα

61 2877 108 2929 τῶν
131 2869 171 2943 εἰς
193 2870 226 2930 τόι
252 2871 331 2942 ἐκτός
353 2855 550 2947 συντεινόντων,
574 2869 650 2928 ἀλλὰ
673 2869 786 2950 κρείττω
807 2868 854 2929 καί
877 2868 916 2939 εἰς
932 2871 1022 2948 ψυχὴν
1038 2873 1120 2946 αύτίην
1136 2873 1352 2951 παραπέμποντα

60 2993 103 3066 την
126 2993 273 3072 ὠφέλειαν,
299 2991 410 3067 μᾶλλον
433 2991 464 3051 δὲ
487 2991 632 3051 καὶτοῦτο
654 2991 766 3050 κάκεῖνο
788 2993 1000 3071 περιποιούμενκ
1017 2993 1120 3064 τούτοις
1136 2993 1169 3052 ἐκ
1184 2999 1231 3068 τής
1248 2992 1351 3051 ἄνωθεν

61 3111 148 3187 δεξιᾶς
170 3113 414 3195 προβαλλομένοις
435 3116 491 3184 τοῖς
514 3115 714 3193 αἰντοκράτορσι,
742 3119 800 3184 πῶς
823 3114 871 3172 ούκ
893 3116 926 3172 όν
950 3113 991 3190 εἰη
1014 3119 1068 3172 τῶν
1091 3115 1265 3188 καθηκόντων
1290 3115 1352 3173 ἐπι-

60 3236 149 3306 κλινὲς
172 3236 253 3295 ὠτίον
277 3235 421 3315 βραβεύειν
443 3234 490 3294 καί
515 3233 554 3306 εἰς
575 3235 605 3294 τό
621 3235 703 3306 τέλος
720 3235 805 3313 ἄγειν,
830 3235 897 3314 ἅπερ
914 3233 1083 3315 αἰτήσαιντο,
1108 3233 1130 3294 εί
1147 3233 1177 3295 δὲ
1193 3233 1240 3294 καὶ
1256 3237 1353 3307 άλλως

61 3376 89 3438 τη
118 3357 212 3434 δεήσει
233 3363 342 3433 τιμᾶται
365 3359 395 3418 τό
418 3356 544 3436 εὔλογον,
577 3358 628 3434 οὺχ
650 3359 724 3428 ὅπως
747 3355 792 3417 διὰ
813 3357 861 3430 τὴν
884 3357 984 3418 τούτων
1005 3358 1187 3439 παράκλησιν,
1218 3354 1353 3434 ἀλλ’ήδη

60 3477 103 3536 καί
124 3481 186 3538 καθ’
201 3481 265 3540 αὺτδ
287 3482 318 3539 τό
340 3485 456 3560 πρᾶγμα
476 3475 560 3551 ἀξίως
576 3479 635 3556 ἔχει
649 3479 785 3556 γενέσθαι,
808 3484 954 3555 τηνικαῦτα
969 3477 1015 3538 καί
1032 3479 1142 3554 μᾶλλον
1157 3482 1217 3552 ταῖς
1232 3478 1354 3556 οἰκήσεσι

62 3601 156 3660 τούτων
180 3602 333 3662 ἐπινευτέον
356 3600 419 3672 τούς
442 3601 562 3673 ἄνακτας
583 3599 631 3660 καί
652 3602 813 3681 παρεκτέον,
837 3602 906 3681 ἅπερ
930 3602 1064 3680 ἐθέλοιεν,
1094 3601 1127 3660 ἵν’
1141 3597 1195 3660 εἰεν
1218 3602 1249 3660 ού
1271 3605 1355 3678 μόνον

63 3724 154 3803 αυτοῖς,
179 3723 259 3784 ἀλλὰ
280 3721 327 3782 καί
349 3721 388 3802 τῷ
412 3721 508 3800 δικαίῳ
531 3721 654 3780 κατὰτὸ
677 3719 751 3793 εἰκός
772 3723 958 3802 χαριζόμενοι.
989 3727 1066 3784 τοῦτο
1088 3720 1135 3784 καί
1151 3724 1209 3803 ἄρτι
1224 3730 1258 3804 τῇ
1274 3724 1354 3798 βασι-

61 3844 121 3926 λείᾳ
150 3867 203 3922 μου
232 3845 361 3925 ποίρεοτιν
393 3842 458 3904 ἰδεῖν
487 3843 695 3923 ἐκτελούμενον,
727 3843 884 3927 δωρουμένη
912 3848 968 3918 τοῖς
991 3842 1080 3924 ἐντῷ
1104 3844 1159 3926 όρει
1182 3845 1249 3928 Σινᾷ
1273 3840 1356 3930 [κατὰ
1448 3836 1449 3840 “

63 3967 168 4048 καιρούς
194 3962 437 4050 προστησομένοις]
463 3967 544 4041 τιμὴν
566 3965 614 4040 τὴν
636 3963 690 4024 τῶν
713 3963 911 4051 ιἰιιερτίμωνό)·
942 3970 1019 4027 τοῦτο
1042 3967 1093 4043 μὲν
1117 3967 1151 4026 δι’
1163 3965 1291 4048 ἱκετείαν,
1321 3969 1355 4044 ἢν

64 4087 204 4162 ἐποιήσατο
227 4089 295 4168 πρὸς
318 4107 354 4161 με
376 4087 600 4162 όΠτολεμοίιδος
623 4087 835 4168 μητροπολίιης,
867 4086 1050 4169 δίεριύτατος
1072 4087 1119 4148 καὶ
1140 4090 1294 4170 ύιτέρτιμος,
1325 4090 1356 4148 σὺ

64 4208 113 4288 γὰρ
135 4211 230 4290 ἔκρινα
252 4209 327 4280 ὅλως
350 4204 427 4280 οἰξιον
451 4209 489 4284 μὴ
511 4207 663 4282 πειθηνίους
684 4213 770 4288 τούτῳ
793 4208 886 4268 δοῦναι
899 4209 949 4280 τός
964 4210 1060 4288 ἀκοάς,
1085 4207 1190 4288 εὔλογα
1206 4209 1356 4290 αἰτουμένῳ

63 4328 106 4390 καὶ
135 4335 153 4391 ἂ
181 4332 220 4409 μὴ
248 4331 436 4407 τετελεσμένα
457 4332 495 4411 τῷ
520 4330 616 4409 δικαίῳ
638 4330 686 4406 τὴν
709 4331 808 4406 ζημίαν
830 4329 1006 4414 προεξὲνησε,
1035 4335 1113 4392 τοῦτο
1136 4333 1167 4392 δὲ
1190 4331 1236 4392 καὶ
1260 4334 1304 4392 διὰ
1326 4336 1357 4392 τό

165 4620 186 4684 ¹)
205 4617 367 4668 Delevimus
388 4615 427 4666 καί
440 4622 503 4667 ante
516 4615 571 4684 θεῷ,
592 4617 663 4682 quod
676 4616 776 4684 legitur
789 4617 816 4668 in
830 4617 869 4669 ed.
884 4619 1038 4670 Zachariae.
1110 4618 1130 4686 ²)
1149 4615 1220 4687 τιμήν
1233 4614 1275 4684 τήν
1287 4614 1356 4688 ὑπέρ-

66 4726 129 4780 τιμου
147 4715 185 4777 Ζ.,
204 4729 276 4779 quae
294 4715 372 4764 uncis
389 4713 555 4776 inclusimus,
575 4713 721 4778 supplenda
741 4717 966 4780 exsequentibus
985 4715 1117 4766 videntur.
