3208 5310
1304 353 1324 414 9

35 549 156 628 ἡμετέρας
178 544 364 628 προστάξεως
386 547 551 624 ἀναδοθῆναι
576 549 676 619 τούτοις
700 548 744 607 διά
766 554 816 624 τῆς
837 549 975 627 παρούσης
997 547 1205 626 χρυοαβούλλου
1218 554 1324 626 γραφῆς

37 670 125 744 δαψιλῆ
155 667 204 728 καὶ
231 669 378 748 πολύφσρα
404 669 438 728 τά
464 670 549 730 καλά.
579 669 627 728 καὶ
655 669 723 746 δῆτα
750 669 874 744 τοιαύτην
899 670 988 740 αύτοῖς
1008 671 1027 743 ἡ
1051 668 1180 741 βασιλεία
1202 689 1254 742 μου
1276 669 1324 743 τὴν

37 794 103 870 χάριν
123 789 284 872 χαρίζεται·
307 791 488 870 πρωτοτύπως
510 789 557 850 καί
579 790 633 870 γάρ
657 791 819 870 ἐπῶρθωσεν
842 790 932 861 αύτοίς
954 792 984 850 τό
1006 795 1060 850 τῶν
1083 791 1129 850 δύο
1152 790 1251 870 λιτρῶν
1273 811 1324 849 σο-

36 913 135 986 λὲμνισν
165 912 212 972 διά
242 911 385 972 πιττοοιίου
415 913 497 987 αύιῆς
524 910 564 984 εἰς
589 914 620 970 τό
646 916 692 972 τού
719 911 846 989 μεγάλου
873 911 1059 992 σακελλαρίου
1085 911 1325 990 καταπεμφθέντος

38 1037 150 1114 τὲκρετον
173 1035 376 1114 διοριζομένου,
403 1033 447 1092 ίνα
474 1034 566 1104 καθὼς
588 1029 682 1114 πρῴην
705 1034 734 1092 ἑν
756 1033 795 1112 τῷ
817 1036 957 1113 πράγματι
979 1039 1032 1093 τῶν
1054 1034 1324 1113 πρωτοοπαθαράτων

41 1159 89 1214 isis
111 1155 283 1233 ἐλάμβανον,
316 1155 481 1231 λαμβάνωσι
508 1154 652 1216 τοῦτοκαὶ
675 1152 804 1232 καθεξῆς.
829 1149 880 1214 εἷθ’
893 1155 977 1226 σύτως
1000 1153 1039 1225 εἰς
1062 1155 1255 1230 ἀνακαινιομδν
1270 1159 1324 1214 τῶν

39 1277 81 1354 ἤδη
101 1275 137 1354 τῷ
158 1278 254 1356 χρόνῳ
276 1277 446 1352 σβεσθέντων
457 1275 477 1359 1)
500 1276 714 1358 χρυσοβούλλων
738 1277 824 1336 αύτῶν
847 1277 957 1336 ἀνανεοῑ
978 1281 1061 1336 ταύτα
1082 1279 1101 1354 ἡ
1124 1273 1252 1351 βασιλεία
1273 1296 1325 1350 μου

41 1396 77 1456 καί
96 1399 215 1478 ἐπικυροῖ
237 1397 287 1458 καὶ
311 1399 359 1471 τὰς
380 1398 544 1477 περιλήψεις
567 1399 652 1458 αἰτιῶν
674 1401 764 1470 πάσας
785 1397 832 1458 καὶ
855 1395 992 1471 διατάξεις
1015 1391 1117 1483 [καὶ]ί)
1142 1398 1278 1476 διατρανοῖ
1292 1396 1327 1455 τά

42 1519 83 1595 ἤδη
107 1521 336 1599 προγεγενημένα
364 1519 560 1600 χρυσόβουλλα
587 1517 712 1598 σιγιλλια
739 1523 813 1600 παρά
835 1541 865 1578 τε
893 1526 946 1578 τῶν
969 1517 1153 1599 μακαριτιδων
1178 1520 1326 1578 δεσποινῶν

42 1638 147 1700 καὶτῶν
169 1641 198 1701 ἐν
222 1641 350 1723 μακαρίᾳ
372 1645 406 1722 τῇ
428 1639 510 1715 λήξει
532 1641 664 1716 ἀοιδίμων
685 1641 832 1720 βασιλέων,
856 1645 902 1702 τού
916 1662 947 1700 τε
967 1647 1047 1720 κυρού
1063 1639 1265 1699 Κωνσταντίνσυ
1279 1642 1326 1699 τού

45 1763 205 1842 θοντμάχου,
229 1767 279 1822 τού
294 1765 376 1842 κυρού
392 1760 528 1822 Ἰσααιιίου
542 1766 589 1822 τού
603 1762 759 1840 Κομνηνού,
781 1765 851 1840 [τοῦ]
867 1767 947 1842 κυρού
962 1761 1107 1840 Διογένους
1121 1764 1168 1820 τού
1183 1763 1326 1836 Ῥωμανού

46 1877 91 1964 [καὶ
111 1879 165 1966 τού]
186 1887 270 1962 κυρού
294 1883 415 1960 Μιχαὴλ
441 1887 487 1943 τού
509 1883 610 1962 Δούκα,
641 1883 802 1954 θεσπίζουσα
823 1883 854 1943 τό
878 1883 1025 1958 ἑνδύναμον
1050 1883 1124 1960 ἔχειν
1146 1883 1217 1942 κατὰ
1238 1884 1325 1942 πάντα

45 2003 81 2062 καί
99 2005 214 2086 ἐνεργεῖν
245 2006 281 2065 τά
308 2009 418 2066 τοιαύτα
444 2003 490 2064 καὶ
517 2006 556 2078 ῶς
581 2003 644 2084 παρ’
662 2005 744 2081 αὐτῆς
770 2011 820 2081 τῆς
843 2005 985 2078 βασιλείας
1008 2027 1059 2080 μου
1084 2005 1273 2084 ἑκφωνηθέντα
1294 2024 1325 2062 τε

46 2123 81 2182 ιαὶ
100 2128 233 2204 ὁραθέντα
257 2128 344 2198 ούτως
366 2124 467 2204 ἰσχύειν
489 2124 536 2186 καὶ
558 2129 589 2186 τό
605 2127 755 2201 ἑνδύναμον
771 2128 961 2206 ἀποφέρεσθαι.
987 2129 1028 2187 διδ
1042 2125 1264 2206 παρεγγυώμεθα
1279 2123 1326 2184 καὶ

48 2251 132 2320 πάντας
153 2246 393 2329 ἐξασφαλιζόμεθα
414 2249 468 2310 ἀπό
490 2269 519 2308 τε
542 2255 596 2308 τῶν
618 2248 689 2308 κατὰ
704 2249 814 2329 καιρούς
829 2249 1032 2330 σακελλαρίων,
1055 2255 1172 2328 γενικῶν
1187 2244 1233 2308 καὶ
1249 2267 1325 2326 στρα-

48 2375 156 2428 τιωτικῶν
178 2371 350 2448 λσγσθετιῖιν,
376 2376 430 2430 τῶν
458 2369 502 2431 ἐπὶ
523 2375 575 2448 τῆς
596 2371 733 2449 ἡμετέρας
756 2371 899 2446 σακέλλης
921 2370 1036 2431 καὶτοῦ
1059 2369 1220 2448 βεστιαρίου,
1249 2366 1325 2428 οἱκο-

50 2491 123 2562 νόμων
141 2498 192 2550 τῶν
215 2493 324 2570 εύαγῶν
347 2491 438 2570 οἴκων,
467 2497 520 2550 τῶν
544 2490 663 2552 ἐπὶτῶν
686 2489 831 2552 οἱκειακῶν
854 2490 976 2552 καὶτῶν
999 2493 1102 2573 ἐφόρων
1125 2490 1246 2552 καὶτῶν
1270 2491 1321 2563 βα-

51 2609 143 2670 σιλικῶν
162 2618 355 2694 κουρατοριῶν,
384 2611 503 2692 είδικῶν,
533 2616 718 2694 γηροτρόφων,
741 2611 794 2672 τῶν
818 2613 862 2674 ἐπὶ
883 2618 929 2674 τοῦ
952 2613 1024 2673 θείου
1045 2617 1124 2690 ἡμῶν
1146 2614 1258 2688 ταμείου
1281 2617 1327 2672 τού

52 2729 173 2811 (θύλακος,
201 2736 374 2816 κσυρατόρων
397 2739 443 2794 τού
465 2733 540 2796 οἴκου
562 2739 615 2794 τῶν
636 2731 811 2813 Ἐλευθερίου
833 2733 879 2795 καί
900 2741 954 2795 τῶν
975 2738 1145 2815 Μαγγοίνων,
1173 2733 1326 2795 σίκιστικῶν

53 2849 152 2912 καὶτῶν
172 2854 325 2927 ύπάδτούς
347 2855 581 2936 πρωτονοταρίων,
604 2855 812 2936 χαρτουλαρίων
834 2855 881 2916 καί
905 2857 1055 2930 βασιλικῶν
1076 2856 1215 2938 νοταρίων,
1241 2857 1277 2914 ἔτι
1294 2855 1326 2914 δὲ

53 2969 195 3044 δεμαστίκων
215 2983 270 3036 τῶν
295 2977 416 3056 σχολῶν,
439 2979 594 3056 κατεπάνω,
618 2984 776 3058 στρατηγῶν
798 2984 847 3054 τῆς
863 2979 931 3040 Χίου
952 2977 999 3038 καὶ
1021 2985 1074 3038 τῶν
1091 2974 1325 3056 ἀντιπρσσωπσύν-

54 3111 95 3149 των
114 3097 194 3170 αύτοῖς
214 3095 381 3178 ταξιαρχῶν,
408 3105 598 3179 τουρμαρχῶν,
626 3105 784 3180 μεραρχῶν,
806 3100 1012 3180 χαρτουλαρίων
1035 3105 1080 3160 τοῦ
1103 3121 1133 3160 τε
1156 3101 1257 3178 δρόμου
1279 3099 1325 3158 καὶ

56 3221 95 3270 τῶν
114 3219 238 3299 θεμάτων,
262 3222 393 3295 κομήτων
408 3226 457 3296 τῆς
473 3221 597 3304 κούριης,
622 3220 790 3297 δομεστίκων
804 3227 858 3281 τῶν
874 3223 1009 3299 θεμάτων,
1034 3221 1325 3303 δρσυγγαροκομήτων,

57 3337 276 3421 τρωτσκειτάρχων
300 3340 451 3416 βασιλικῶν
473 3347 527 3402 τῶν
550 3345 683 3423 κάστρων,
711 3343 950 3422 καστροφυλάκων,
972 3349 1196 3423 καστροκτιοτῶν,
1222 3341 1325 3417 βεστια-

57 3463 126 3535 φιτῶν,
147 3462 319 3542 μανδατόρων
340 3464 468 3544 πρέσβεις
490 3464 612 3542 ἀγόντων
634 3468 652 3538 ἢ
677 3461 829 3546 ἐξορίσιους
850 3469 868 3540 ἢ
893 3465 1014 3535 ἑθνικσύς
1035 3469 1053 3539 ἡ
1074 3467 1145 3524 κατά
1160 3485 1219 3524 τινα
1234 3465 1326 3539 ἀλλην

59 3578 132 3652 χρείαν
157 3581 349 3664 διερχομένων,
378 3586 614 3666 προελευσιμαίων
641 3587 791 3660 βασιλικῶν
814 3585 860 3646 καὶ
882 3588 987 3647 λοιπῶν
1011 3593 1186 3665 ταγματικῶν
1208 3585 1254 3646 καὶ
1277 3587 1326 3646 θε-

60 3707 154 3766 θῐῖθιῖιν
174 3705 323 3786 ἀρχόντων,
346 3707 413 3786 πρός
435 3709 537 3780 τούτοις
559 3715 667 3788 κριτῶν,
698 3708 832 3788 ἑποπτῶν,
856 3709 1045 3788 ἀναγραφὲων,
1070 3717 1246 3788 στρατευτῶν,
1272 3707 1326 3782 βα-

63 3819 147 3880 σιλικῶν
160 3821 329 3911 [ἀνθρώπων]
339 3825 365 3912 ³)
382 3829 423 3901 είς
437 3849 510 3900 τινας
523 3829 652 3902 δουλείας
664 3830 922 3910 ἀποστελλομένων,
938 3831 1169 3910 πρωτονοταρίων,
1185 3830 1327 3911 νσταρίων,

64 3945 209 4029 ἴθυναρίων,
236 3950 397 4029 ῶρειαρίων,
424 3956 625 4030 τοποτηρητῶν,
655 3951 860 4030 παραφυλάκων
887 3950 934 4012 καὶ
962 3954 1060 4023 παντός
1084 3953 1175 4030 ἑτέρου
1200 3946 1327 4010 δουλείαν

63 4064 94 4118 ού
114 4073 191 4128 κοινού
216 4072 476 4151 μεταχειριζομένου
498 4075 544 4131 τού
568 4071 674 4147 μηδένα
697 4077 749 4130 τῶν
773 4075 898 4132 ἀπάντων
923 4073 951 4132 ἐν
975 4073 1126 4152 οίῳδήπστε
1149 4073 1241 4151 χρόνῳ
1264 4070 1327 4131 καθ’

65 4177 184 4260 εύνδήτινα
203 4194 301 4272 τρόπον
326 4189 357 4264 ἐξ
379 4191 547 4268 οἱασδήτινος
568 4195 730 4273 προφάσεως
754 4194 796 4252 ἐπ’
813 4195 907 4265 ἀδείας
931 4195 1005 4272 ἔχειν
1024 4191 1128 4254 ἀθετεῖν
1144 4215 1169 4254 τι
1183 4199 1236 4253 τῶν
1252 4193 1327 4272 παρὰ

65 4305 98 4373 7θὶ
109 4305 235 4385 βασιλείας
257 4333 310 4390 μου
327 4313 510 4394 διωρισμένων
525 4314 571 4374 καὶ
588 4315 843 4395 ἀναγεγραμμένων
860 4317 975 4376 ἐνταῦθα
991 4319 1029 4388 ὡς
1045 4315 1158 4392 βεβαίου
1173 4314 1221 4374 καὶ
1236 4314 1326 4394 ἀσφα-

66 4417 111 4496 >055
128 4435 298 4510 τυγχάνοντος
321 4439 368 4494 τού
389 4437 522 4516 παρόντος
544 4437 623 4512 ἡμῶν
640 4437 767 4511 εύσεβούς
782 4437 990 4518 χρυσοβούλλου
1007 4435 1153 4518 σιγιλλίου,
1177 4438 1327 4516 γενομένου

69 4573 236 4600 κ

145 4688 162 4753 ¹)
178 4689 344 4758 σιβαοθέντων
362 4693 425 4746 Βαίτ.
497 4696 516 4762 ²)
537 4693 576 4744 καί
595 4697 733 4762 proposuit
750 4695 813 4748 θείς.
885 4697 905 4760 ³)
924 4693 1059 4762 ἀνθρώπων
1078 4695 1215 4761 supplevit
1233 4695 1295 4746 Sak.
