3194 5298
1269 344 1331 408 125

60 537 197 613 νομίσματα
221 536 256 598 θ’.
295 541 371 620 χήρα
393 540 411 615 ἡ
435 538 517 598 Δεσία
541 538 602 616 ἔχει
623 537 678 597 υίδν
701 537 912 618 Κωνσταντῑνον,
936 535 1056 598 οίκωαόν
1077 535 1159 609 τέλος
1181 537 1333 614 νομίσματα

59 657 84 736 θ’,
105 659 160 736 ἔχει
175 657 313 741 Ζωρίτζοιν
336 659 471 736 ἀμπέλων
493 658 595 736 μοδίων
612 657 645 739 ς’,
670 655 722 718 ἀπό
737 665 786 736 τῆς
801 665 912 738 γονικῆς
928 660 1007 719 αὑτοῦ
1022 659 1202 738 ὑποστάσεως,
1219 660 1332 735 μύλωνα

57 781 93 840 καί
117 782 312 863 χερσάμπελον
342 781 448 858 μοδίων
466 781 489 854 ς’
512 780 559 842 καὶ
588 786 640 859 γῆν
673 780 776 854 μοδίων
799 777 834 861 ρ’,
868 781 950 854 τέλος
977 781 1130 858 νομίσματα
1148 779 1174 842 δ’
1195 783 1261 863 ὑπὲρ
1283 763 1335 859 τῆς.

57 905 275 984 ἐναποληρθείσης
299 891 329 977 ἐξ
351 904 434 980 αὑτῆς
450 899 683 979 ἐξαλειμματικῆς
698 903 883 976 ὑποστάσεως·
904 904 1101 985 χερσάμπελον
1117 903 1218 979 μοδίων
1234 902 1261 978 β’
1282 910 1331 981 τῆς

55 1024 165 1100 ἡμισείας
195 1025 308 1106 μερίδος
333 1023 379 1086 καὶ
405 1032 458 1104 γῆς
485 1025 566 1096 τέλος
589 1025 742 1101 νομίσματα
764 1024 802 1084 δ’·
842 1023 881 1096 εἰς
903 1027 933 1085 τό
955 1023 1055 1106 χωρίον
1078 1027 1123 1086 τ’σν
1145 1025 1251 1106 Σφολὺν
1278 1026 1331 1086 ἀπό

55 1155 95 1222 της
113 1149 283 1219 ὑποστάσεως
305 1151 351 1208 τοὺ
366 1149 496 1229 Μερζάνη
521 1147 685 1221 βαλανίδας·
711 1147 838 1208 ἐπέκεινα
861 1147 893 1208 δὲ
914 1148 1013 1208 τοότων
1029 1149 1090 1226 ἔχει
1104 1150 1122 1224 ἡ
1136 1148 1244 1225 τοιαύτη
1260 1148 1330 1223 μονὴ

55 1268 119 1351 κτίί)
151 1268 290 1346 ίδιόκτητα
323 1274 420 1346 ταῦτα·
457 1267 519 1350 περὶ
551 1269 600 1341 τὰς
629 1269 734 1350 Σέρρας
763 1270 891 1348 μετέχων
921 1266 960 1342 είς
989 1269 1076 1346 όνομα
1105 1272 1256 1346 τιμώμενον
1285 1273 1331 1330 τοὺ

56 1391 77 1448 ἐν
96 1391 179 1470 ἁγίοις
200 1394 304 1472 πατρὸς
326 1395 405 1469 ημῶν
421 1393 549 1452 Ἰωάννου
571 1393 737 1471 πατριάρχου
752 1391 1065 1462 Κωνσταντινονπόλεως
1080 1394 1125 1451 τοὺ
1141 1393 1331 1469 Χρυσοστόμου
1421 1441 1426 1456 .

55 1512 113 1585 μετὰ
131 1517 238 1574 πάντων
262 1520 314 1574 τῶν
338 1513 448 1574 δικαίων
471 1512 517 1574 καί
539 1514 691 1594 προνομίων
714 1514 793 1572 αὑτοῦ
815 1514 862 1572 καί
883 1514 974 1574 τόπων
995 1507 1113 1590 πλησίον
1137 1514 1226 1596 αὑτοῦ,
1257 1513 1286 1573 ἐν
1309 1507 1331 1594 ᾧ

55 1637 243 1714 προσκάθηνται
269 1637 316 1696 καί
338 1657 409 1709 τινες
429 1635 544 1715 πτωχοί,
567 1633 639 1708 ξένοι
661 1633 707 1696 καὶ
730 1635 881 1716 ἐλεὺθεροι·
920 1636 1011 1716 ἕτερον
1034 1637 1162 1713 μετέχων
1185 1633 1224 1706 εἰς
1246 1634 1332 1710 όνσμα

54 1759 191 1831 τιμώμενον
213 1761 261 1818 τοὺ
283 1756 361 1836 άγίου
384 1740 493 1830 ἐνδόξου
516 1757 760 1837 μεγαλομάρτυρος
780 1755 827 1816 καὶ
848 1759 1040 1837 τροπαιοφόρου
1055 1756 1191 1836 Γεωργίσυ
1205 1753 1252 1816 καὶ
1268 1756 1330 1817 ἑπι-

54 1878 212 1954 νεκλημένον
239 1883 285 1940 τοὺ
312 1879 500 1960 Κρνονερίτου,
533 1881 599 1958 όπερ
627 1881 804 1953 συνεστήσατο
832 1877 882 1953 μὲν
910 1877 943 1936 ἐκ
969 1878 1077 1958 βάθρων
1103 1879 1117 1936 ό
1145 1877 1331 1958 σακελλάριος

54 2003 94 2073 τῆς
113 2001 265 2079 ἁγιωτάτης
288 2001 484 2081 μητροπόλεως
500 2001 619 2080 Σερρῶν,
643 2002 856 2079 όΜουρμουρᾶς
873 1998 985 2078 ἐκεῖνος,
1009 1995 1124 2076 ἐξεδόθη
1147 1998 1178 2059 δὲ
1201 1999 1271 2074 μετὰ
1285 2001 1330 2060 τόν

55 2119 145 2180 ἐκείνου
174 2124 290 2182 θάνατον
317 2123 391 2203 παρὰ
418 2129 467 2198 τῆς
490 2123 601 2200 συζὺγου
625 2121 703 2182 αὑτοῦ
725 2119 772 2180 καὶ
794 2127 846 2180 τῶν
868 2121 939 2180 κατὰ
960 2122 1059 2196 νόμους
1081 2121 1261 2202 κληρονόμων
1283 2119 1330 2182 καί

55 2370 126 2445 τροπῇ
147 2362 194 2425 καί
216 2370 263 2426 τοὺ
277 2365 422 2446 ἱερωτάτου
438 2365 635 2446 μητροπολίτου
650 2366 758 2446 Σερρῶν
774 2364 820 2426 καί
835 2365 979 2445 ὑπερτίμοιι
995 2365 1065 2440 μετὰ
1078 2372 1128 2441 τῆς
1142 2365 1331 2445 προσηκούσης

57 2485 115 2564 σἰτῷ
143 2489 315 2559 ὑποστάσεως
341 2485 387 2547 καί
414 2493 466 2548 τῶν
493 2485 554 2566 περὶ
581 2486 652 2566 αὑτῷ
680 2485 835 2564 οἰκημάτων
858 2485 904 2546 καί
926 2491 972 2547 τοὺ
993 2487 1196 2548 πλινθοκτίστου
1217 2489 1328 2568 πύργου,

57 2604 309 2689 ἀμπελοπεριβολίου
335 2610 455 2689 γὺρωθεν
474 2610 570 2669 αὑτοῦ·
610 2611 701 2688 ἕτερον
731 2609 866 2685 ἀμπέλων
891 2609 918 2669 έν
941 2614 974 2692 τῇ
997 2609 1140 2692 τοποθεσίᾳ
1161 2613 1207 2670 τοὺ
1229 2609 1329 2669 Καλο-

8 2765 9 2768 =
56 2729 137 2808 γέρον·
159 2733 250 2810 έτερον
273 2729 427 2806 ἀμπελῶνα
450 2729 490 2804 είς
511 2733 557 2791 τὀν
581 2732 655 2810 ἅγιον
673 2731 803 2809 Ἰωάννην
819 2737 868 2807 τῆς
885 2731 1035 2808 Ἡμίσεως·
1060 2733 1152 2812 ἕτερον
1176 2731 1329 2808 ἀμπελῶνα

58 2847 80 2906 ἐν
98 2858 127 2934 τῇ
147 2853 290 2936 ταιωθεσίᾳ
311 2857 356 2914 τοὺ
380 2853 531 2926 Ἐλαιῶνος
555 2856 713 2934 στρέμματα
736 2851 775 2928 β’·
816 2853 891 2926 ἐντδς
913 2858 959 2913 τοὺ
980 2856 1095 2934 κάστρου
1118 2855 1226 2934 Σερρῶν
1249 2852 1328 2930 οίκή-
1367 2940 1370 2944 ¹

58 2990 117 3041 ματα
141 2971 404 3060 άνωγαιωκάτω[γα]
434 2974 458 3046 ς’
488 2973 518 3048 ἐξ
546 2975 726 3054 ἀνταλλαγῆς
753 2975 806 3034 ἀπό
833 2973 919 3034 Ξένον
944 2979 990 3034 τοῦ
1013 2975 1176 3054 Μουρκουρᾱ
1202 2973 1249 3034 καί
1276 2981 1328 3035 τῶν

57 3089 144 3153 λοιπῶν
164 3097 246 3156 πέντε
268 3101 314 3156 τοὺ
336 3097 445 3174 ἀνεψιοῦ
468 3097 547 3157 αὑτοῦ
568 3101 614 3157 τοὺ
630 3097 808 3176 Μουρμουρᾶ·
836 3097 885 3172 τὴν
909 3093 940 3168 ἐξ
962 3095 1112 3177 ἀγορασίαις
1135 3097 1186 3156 ἀπό
1208 3102 1257 3171 τῆς
1280 3097 1328 3155 θυ-

57 3215 142 3294 γατρός
162 3221 206 3277 τοὺ
221 3217 327 3296 Τρίβολ
350 3215 453 3278 ἐκείνου
476 3217 590 3298 μερίδας
613 3218 670 3298 δὺο,
694 3218 776 3293 μόδια
791 3216 844 3296 ρκ’,
868 3220 907 3290 ῶς
928 3225 977 3294 τῆς
999 3218 1098 3294 λοιπῆς
1112 3217 1203 3298 τρίτης
1218 3215 1329 3298 μερίδος

56 3341 229 3416 κατεχομένης
251 3339 325 3420 παρὰ
346 3343 392 3400 τοῦ
408 3340 555 3400 Συναδικοὺ
571 3337 601 3412 ἐξ
617 3339 797 3428 ἀνταλλαγῆς
812 3347 858 3400 τοῦ
873 3338 1016 3420 εἰρημένου
1031 3339 1134 3400 Ξένον·
1159 3341 1250 3424 ἕτερον
1265 3359 1327 3418 χω-

56 3460 135 3536 μάρων
157 3458 195 3532 είς
217 3461 266 3536 τὴν
289 3461 412 3522 Κοὺσταν
434 3461 550 3538 πλησίον
572 3467 617 3522 τοὺ
635 3461 764 3541 Πηγδέρη
788 3461 889 3537 μοδίων
913 3461 954 3520 α’·
978 3463 1069 3541 ἕτερον
1090 3463 1228 3542 χωράρων
1251 3461 1327 3536 πλη-

57 3579 100 3638 τίτν
120 3583 208 3643 τσὺτου
232 3581 334 3658 μοδίων
358 3582 373 3642 ι’
403 3581 433 3656 ἐξ
457 3579 605 3663 ἀγορασίας
629 3583 682 3644 ἀπό
704 3587 750 3644 τοὺ
773 3581 915 3663 εἰρημένου
937 3582 1040 3644 Ξένου·
1079 3585 1170 3664 ἕτερον
1191 3585 1328 3664 χωράρων

57 3703 156 3778 πλησίον
177 3709 224 3765 τοὺ
247 3705 374 3780 μόλωνος
395 3709 441 3766 τοὺ
458 3704 590 3780 Παλοὺκη
614 3703 716 3781 μοδίων
732 3703 757 3764 δ’
780 3705 833 3764 ἀπό
854 3702 1040 3786 προσενέξεως
1061 3710 1107 3765 τοὺ
1122 3704 1260 3764 Κανακίου
1282 3703 1328 3765 καί

57 3821 87 3896 τίς
106 3829 148 3886 τὀν
168 3825 389 3905 Εὑοιγγελίτζην-·
424 3829 515 3910 ἕτερον
537 3829 675 3906 χωράφων
698 3827 750 3886 ἀπό
772 3826 956 3906 τροσενέξεως
978 3832 1024 3888 τοὺ
1048 3825 1203 3903 Ἀπλεμαλὲ
1226 3825 1327 3902 μοδίων

55 3945 91 4020 θ’·
123 3948 182 4031 περὶ
204 3954 250 4009 τοῦ
272 3947 358 4027 Ζίχνα
381 3947 420 4020 εἰς
442 3951 472 4010 τό
495 3949 595 4030 χωρίον
619 3997 674 4012 ...

564 4095 683 4166 Reliqua
698 4097 801 4150 deeaae.

145 4235 288 4289 Ioannidee
300 4231 363 4303 (Na.
380 4231 431 4302 11)
446 4235 506 4288 uait
520 4235 567 4288 Ιιοο
577 4235 763 4306 fragmenta-m
778 4251 837 4288 cam
850 4235 1015 4288 antecedente
1028 4235 1078 4289 Nr.
1094 4237 1142 4304 10,
1159 4235 1189 4289 id
1202 4239 1240 4289 eet
1247 4251 1328 4305 prae·

57 4341 119 4404 apto
137 4340 207 4411 τορίι
229 4329 262 4394 de
284 4339 427 4394 donatione
450 4339 589 4394 άστιισαίίσί
607 4339 692 4394 Raal.
724 4339 808 4393 Νοόίι
829 4339 937 4392 videtur
959 4356 1013 4393 εσσε
1027 4337 1211 4410 Ῑταρτιιειτίιωτ
1230 4355 1330 4394 aureae

57 4437 133 4496 bullae
146 4443 177 4498 de
189 4443 402 4514 ροοεσοτίοιιὶόυε
417 4444 583 4513 maeuii,
607 4444 685 4498 σιτίων
699 4443 806 4496 initiam
822 4449 846 4496 et
855 4441 921 4512 fiais
936 4443 1133 4498 άσνίάσναπόιιτ.

58 4587 245 4601 *a*

147 4697 166 4762 ¹)
184 4694 224 4746 καί
243 4693 329 4755 αὑτοὺς
347 4698 367 4746 1.
