3246 5288
1331 339 1397 405 455

82 530 248 590 καὶταῦτα
262 529 349 590 πάντα
373 531 423 606 μὲν
440 531 497 608 ἐγὼ
514 532 542 589 ἐν
558 533 680 610 σεκρὲτῳ
695 530 733 608 τῷ
757 532 892 612 βασιλικῷ
915 527 987 593 εἶδον
1010 533 1057 592 καὶ
1079 533 1219 606 πολλάκις
1243 536 1396 616 ἀνέγνωκα,

84 655 127 713 τὸ
148 652 179 712 δὲ
194 655 280 734 παρὸν
303 652 509 732 χρυσόβουλλον
533 651 572 724 εἰς
593 655 690 732 χεῖράς
714 675 761 726 μοι
784 654 854 729 μετὰ
876 655 924 729 τὴν
948 653 1141 733 αἰχμαλωσίαν
1164 652 1240 733 εἶχον
1263 662 1322 732 (aed
1343 682 1397 718 aaa

87 784 285 854 archetypam,
317 789 348 836 ιιι
372 789 452 852 patet
480 799 512 835 ea
539 783 733 851 subscriptione
758 801 790 852 ρ.
817 786 894 837 405ι
924 777 955 836 τὸ
977 778 1063 857 παρον
1086 777 1143 838 ἴσον
1165 778 1327 855 ἀντιβληθὲν
1350 778 1397 838 καὶ

90 899 212 976 εὑρεθὲν
228 899 299 958 κατὰ
312 901 402 958 πάντα
423 897 513 968 ἰσάζον
528 905 561 980 τῇ
584 899 749 976 πρωτστὺπῳ
773 893 938 984 [ὑπ]εγροὶρη
962 899 998 959 δι’
1011 899 1170 978 ἀσφάλειαν.
1205 908 1301 978 Confer
1316 909 1396 962 eiiam

89 1027 117 1079 I.
138 1029 180 1080 30
203 1024 381 1100 τοῦπατρὸς,
405 1029 435 1082 id
458 1033 496 1080 eei
518 1027 671 1096 Michailie,
691 1027 748 1097 fila·
761 1027 911 1082 Andronici
931 1047 997 1096 eea,
1023 1031 1071 1099 qui
1091 1031 1134 1083 die
1158 1033 1198 1083 21
1222 1031 1290 1084 maii
1314 1033 1397 1084 1204

91 1167 117 1200 a
142 1155 226 1218 patre
249 1150 287 1202 ad
313 1151 455 1218 imperium
483 1153 623 1217 cooptatae
649 1149 714 1202 obiit
737 1167 808 1202 αιιιιο
834 1151 925 1218 1320,
954 1148 999 1202 τοῦ
1021 1141 1140 1222 πάππου,
1165 1153 1183 1205 ι’.
1204 1170 1226 1205 e.
1250 1153 1399 1206 Andrmeiai

90 1271 224 1338 eeaiarie,
247 1267 293 1323 τοῦ
314 1266 477 1342 προπάππου
499 1270 564 1338 imp.
581 1269 725 1324 Micaaeia
749 1272 914 1342 Palaeolayi.
955 1271 1009 1326 Sed
1030 1291 1091 1326 οιιικ
1112 1291 1155 1327 ree
1178 1275 1220 1328 iia
1242 1292 1268 1328 ee
1290 1275 1396 1343 habeat,

94 1410 179 1446 error
201 1399 240 1444 eet
262 1392 291 1444 ia
314 1407 393 1459 αιιιιο,
418 1399 443 1444 ei
459 1409 492 1460 p.
512 1394 582 1458 168,
606 1392 625 1446 l.
645 1393 684 1446 10
708 1385 803 1469 ,ςωκέ
827 1411 896 1447 σοον.
915 1385 1030 1468 ,ςωμαᾏ
1054 1396 1083 1448 id
1105 1402 1143 1450 eei
1168 1398 1264 1464 1332,
1284 1397 1340 1450 aiei
1360 1403 1398 1450 eei

93 1532 177 1568 error
200 1515 280 1568 eiiam
304 1515 332 1566 in
354 1515 505 1568 indictione.
542 1513 560 1567 l.
580 1515 620 1566 32
642 1520 668 1568 ei
684 1531 717 1582 p.
736 1515 806 1583 165,
830 1515 849 1569 l.
869 1515 886 1568 1
909 1513 959 1584 τῆς
982 1515 1024 1570 Μ.
1049 1507 1095 1568 καὶ
1119 1508 1169 1588 Θρ.
1186 1533 1256 1571 corr.
1273 1535 1333 1571 aum
1355 1518 1396 1572 ed.

96 1638 197 1690 Bana:
219 1627 265 1690 καὶ
288 1629 337 1699 τὰς
361 1629 451 1700 ἄλλας
473 1634 523 1705 τῆς
537 1636 580 1690 Μ.
596 1629 716 1701 πόλεις
736 1626 785 1688 καὶ
807 1627 908 1690 δίδωσι.
944 1637 986 1690 Ol.
1009 1638 1054 1690 air
1071 1637 1225 1692 Zachariae
1248 1657 1267 1693 a
1281 1639 1398 1709 Liaqea·

96 1759 159 1812 thal
181 1760 306 1828 emijicii:
328 1750 374 1812 καὶ
396 1751 446 1823 τὰς
469 1749 561 1822 αλλας
583 1751 699 1822 σκάλας.
731 1758 750 1812 ἰ.
777 1761 816 1812 10
839 1751 865 1811 οἱ
887 1759 923 1812 Β.
961 1759 979 1812 l.
1007 1761 1047 1812 18
1070 1753 1173 1834 ἀγορᾶς
1196 1753 1242 1814 καὶ
1265 1755 1336 1832 ἑτέρ.
1360 1761 1396 1814 Β.

95 1883 116 1936 l.
137 1884 181 1935 20
202 1875 304 1946 τούτοις
320 1882 355 1934 B.
387 1882 406 1935 l.
424 1881 466 1934 26
476 1897 531 1948 pro
545 1873 652 1950 ὀρεινῆς
672 1881 826 1934 amendam
841 1887 871 1935 ui
886 1883 914 1935 ιἰι
930 1883 993 1936 aliie
1010 1881 1120 1952 diplom¹
1138 1876 1239 1955 ὄρικῆς.
1264 1883 1396 1949 Maiae,

97 2005 191 2058 Ellen.
211 2021 243 2072 p.
263 2007 324 2057 484
346 2003 440 2057 scribit
462 1998 556 2075 ὁρικῆς
579 2007 603 2055 et
626 2003 743 2071 explicat
766 2004 795 2056 ia
816 2011 895 2058 aeta:
922 1999 1051 2073 ἠὲνεκειι
1065 2003 1119 2057 τῶν
1135 1999 1205 2077 ὁρῶν
1223 1997 1350 2077 ἐπιβολή,
1373 2019 1396 2057 τ.

100 2123 123 2180 ἑ.
143 2121 163 2195 ἡ
187 2117 230 2179 ἐπὶ
253 2118 361 2200 φυλακῇ
384 2123 437 2178 τῶν
460 2119 529 2196 ὁρῶν
553 2114 699 2196 εἴοπραξις.
733 2143 766 2194 p.
785 2127 856 2194 167,
880 2126 898 2180 l.
919 2129 958 2180 15
982 2115 1187 2205 [Νικο]μηδιάκ
1224 2126 1398 2181 Scribonium

98 2256 153 2311 eet,
186 2254 216 2300 ιιι
245 2265 292 2300 aee
323 2255 407 2301 maaet
439 2247 471 2300 el.
503 2248 547 2300 vir
582 2246 737 2300 Zachariae
764 2267 783 2300 a
804 2248 968 2318 Liaqaeihai
1001 2241 1137 2317 Μήδειαν.
1184 2249 1226 2303 De
1261 2250 1316 2302 eila
1349 2249 1398 2318 τῆς

98 2362 246 2444 Θρᾳκικῆς
270 2360 398 2438 Μηδείας
421 2371 476 2423 vid.
494 2369 554 2422 Nic.
576 2368 735 2440 Greyoram.
756 2371 804 2438 16,
832 2373 848 2423 1
872 2367 916 2439 (p.
938 2372 998 2424 759
1020 2373 1061 2425 ed.
1080 2369 1182 2438 Bana.)
1206 2377 1231 2424 ei
1253 2371 1278 2424 I.
1298 2371 1395 2425 (lania-

98 2508 229 2546 euaeaam
246 2495 274 2558 4,
302 2493 342 2544 10
358 2491 429 2559 (III,
449 2509 480 2560 p.
502 2493 550 2560 62,
577 2493 617 2545 63
632 2493 672 2546 ed.
689 2490 791 2559 Bana.)
807 2485 928 2566 Μηδείᾳ,
952 2491 985 2566 τῇ
1000 2487 1071 2545 κατὰ
1085 2487 1131 2546 τὀν
1150 2487 1253 2546 Πόντον
1267 2485 1396 2566 παραλίῳ

97 2609 191 2668 πόλει.
237 2613 328 2681 ameser
355 2613 442 2681 Tafel,
475 2611 566 2682 Syna.
590 2614 650 2666 arii.
675 2613 717 2681 II,
736 2631 768 2682 p.
795 2615 844 2680 98,
869 2615 918 2668 99.
968 2613 987 2668 l.
1013 2615 1055 2666 23
1086 2608 1114 2666 ἓν
1141 2629 1172 2667 τε
1198 2632 1254 2684 pro
1282 2607 1336 2666 εἴτε
1359 2615 1396 2668 Β.

99 2738 120 2791 l.
147 2738 187 2789 21
219 2729 260 2806 ἐρ’
278 2720 321 2798 αἷς
349 2728 412 2802 eea.
436 2735 472 2788 Β.
518 2736 537 2789 l.
562 2737 603 2788 28
633 2727 815 2806 ἀνενὸχλη-σιν
839 2777 846 2789 .
872 2777 878 2789 .
904 2775 911 2788 .
935 2727 961 2789 οἱ
988 2728 1027 2800 εἷς
1052 2749 1083 2788 τε
1105 2735 1142 2790 B.
1188 2736 1207 2789 i.
1232 2737 1274 2790 29
1305 2729 1397 2800 ἀλλος
1440 2697 1443 2704 .

98 2854 191 2922 πάσας
213 2857 249 2910 Β.
296 2857 314 2910 l.
334 2858 374 2909 32
401 2855 457 2910 dele
483 2863 538 2909 aot.
557 2859 584 2910 3.
631 2857 649 2909 i.
668 2859 717 2924 33,
740 2863 794 2910 noi.
814 2859 833 2908 4
855 2848 889 2909 ia.
915 2856 950 2910 Z.
991 2873 1024 2924 p.
1044 2857 1114 2925 168,
1138 2857 1157 2910 Ζ.
1177 2859 1194 2909 1
1217 2850 1397 2928 περιποθήτου

100 2993 149 3049 μοι
172 2979 207 3034 Β.
254 2980 273 3034 l.
292 2983 360 3058 iet
386 2981 402 3031 7
429 2971 574 3049 μαγειρίας
596 2979 631 3032 Β.
677 2979 695 3031 l.
716 2982 753 3031 11
777 2997 846 3032 eea-r.
871 2973 1051 3051 κριθήσονται.
1097 2979 1115 3032 l.
1136 2981 1176 3032 14
1204 2971 1396 3032 ἀπολαύσουσι.

100 3105 121 3156 l.
141 3105 268 3156 13-14
292 3102 380 3155 Loeae
402 3100 514 3154 matilas
536 3107 560 3154 et
582 3107 726 3169 comptae
748 3101 862 3154 videtur.
894 3100 1047 3170 Leqeadum
1066 3107 1200 3169 putemne
1221 3097 1255 3174 τῇ
1277 3114 1305 3169 γ.
1327 3091 1397 3170 ἰσχύι

101 3233 127 3280 ei
149 3225 198 3292 τῆς
230 3217 256 3290 β.
281 3238 333 3291 μου
356 3216 541 3276 ἀπολοώσουοι
562 3218 669 3274 πάντων
692 3217 710 3273 ἂ
733 3213 804 3273 κατὰ
826 3235 867 3293 μ.,
898 3213 958 3294 περὶ
982 3217 1068 3274 αὐτῶν
1092 3213 1127 3294 3.,
1159 3214 1342 3273 ἀπολαύσουσι
1366 3214 1397 3274 δὲ

100 3342 201 3400 τούτων
224 3336 270 3397 καὶ
293 3352 340 3398 eie.
396 3345 442 3412 VI,
469 3363 500 3413 p.
528 3345 598 3410 170,
630 3343 648 3396 l.
674 3344 713 3395 21
743 3336 802 3412 ἔχει
825 3342 867 3395 M.
914 3342 932 3394 l.
960 3344 1000 3396 16
1029 3348 1054 3396 et
1077 3344 1118 3396 23
1142 3335 1254 3412 ἔχουσι’.)
1298 3349 1353 3396 nai.
1379 3347 1398 3396 5

102 3469 173 3522 adde
188 3468 240 3534 M,
265 3474 319 3520 noi.
339 3469 358 3518 2
381 3467 451 3520 adde
467 3465 522 3518 iad.
540 3466 654 3518 correxit
670 3465 711 3517 M.
753 3465 816 3532 VII,
839 3482 869 3533 p.
889 3467 958 3531 172,
983 3465 1002 3518 ἰ.
1021 3466 1062 3518 23
1083 3458 1202 3536 τρόπουῖ
1232 3464 1250 3518 ἰ.
1270 3466 1399 3518 32-33

102 3591 159 3644 dele
183 3583 212 3641 ἐν
234 3589 267 3663 τῇ
290 3583 330 3641 Μ.
345 3579 438 3640 -καὶ
461 3583 659 3658 κατοικήσουοι,
685 3604 753 3656 qaae
776 3588 816 3640 bie
838 3589 942 3655 sarapta
965 3593 1035 3640 eant.
1077 3604 1109 3655 p.
1129 3587 1199 3654 173,
1224 3586 1243 3640 l.
1264 3589 1304 3639 15
1327 3604 1396 3640 corr.

103 3707 239 3784 σε’κρεσον.
271 3712 289 3764 l.
309 3714 358 3778 34,
382 3717 434 3764 ποι,
459 3712 478 3762 2
501 3710 556 3780 leqe
572 3727 603 3762 ea
625 3727 685 3778 ουρ.
705 3727 737 3778 ρ.
756 3711 818 3761 172
841 3715 865 3762 et
887 3708 1001 3777 inseriae
1023 3709 1042 3761 i.
1069 3710 1107 3760 11
1131 3709 1249 3777 seriptis.
1277 3727 1310 3777 p.
1337 3709 1398 3762 174

102 3836 120 3888 l.
141 3837 182 3886 20
204 3851 273 3888 aem.
298 3826 413 3904 γίυηται.
444 3833 462 3885 l.
482 3835 499 3884 5
523 3822 679 3884 ἀποδίδωσι.
711 3831 765 3896 ΙΧ,
788 3848 816 3898 p.
837 3831 907 3895 176,
932 3830 950 3882 i.
969 3832 1011 3882 25
1033 3822 1193 3902 Κυθσυρίας.
1225 3830 1396 3884 0285611.

103 3974 135 4010 ea
157 3956 214 4010 eod.
232 3946 272 4020 εἰς
293 3949 338 4006 iai
362 3945 428 4022 ἑξῆς
451 3949 565 4007 ἅπαντα.
596 3971 628 4022 p.
648 3954 717 4020 177,
742 3952 760 4004 l.
780 3952 799 4004 6
822 3945 921 4021 ἔχοντα
943 3953 1000 4005 aad.
1036 3951 1054 4006 l.
1074 3954 1092 4005 8
1115 3953 1171 4005 dele
1193 3945 1303 4024 χρόνον,
1327 3953 1398 4022 qaod

103 4085 141 4133 eei
164 4079 192 4130 ιἰι
215 4078 272 4130 eod.
319 4077 337 4130 l.
365 4079 404 4129 10
426 4075 460 4150 τῇ
483 4070 565 4150 ἑαυτῇ
588 4075 645 4128 aad.
692 4073 710 4126 l.
736 4075 777 4126 20
800 4090 869 4126 corr.
892 4075 928 4126 'ex
949 4075 1008 4127 eod.
1032 4068 1046 4124 ὁ
1070 4032 1265 4127 σακελλίου.
1312 4073 1331 4126 l.
1357 4076 1398 4126 24

105 4193 207 4266 ἐπειδὴ.
240 4199 259 4252 l.
286 4201 326 4251 30
348 4215 441 4250 aomea
464 4197 533 4250 aedis
554 4195 691 4264 7666οριί
711 4195 783 4250 decet
805 4195 834 4247 ia
856 4195 913 4248 aad.
931 4195 999 4248 Dae.
1031 4194 1068 4263 X,
1087 4212 1120 4264 ρ.
1140 4197 1201 4248 178
1224 4195 1337 4248 Editum
1360 4201 1399 4248 eei

104 4323 184 4375 eiiam
200 4339 218 4374 a
233 4319 266 4372 A.
283 4320 445 4388 Maeioxyde
468 4309 722 4394 (Ἐλληνομνήμων
740 4333 772 4386 p.
792 4317 966 4369 279-287
988 4317 1044 4370 aiae
1068 4313 1176 4385 typico),
1202 4317 1279 4384 eujus
1302 4317 1398 4369 variae

104 4444 226 4496 lectiaeee
255 4449 387 4495 aotamae.
438 4442 456 4493 i.
490 4443 529 4493 15
560 4431 676 4512 Ἀρείας,
706 4439 754 4492 eed
780 4439 837 4492 eod.
870 4427 989 4510 Ἄρειος.
1035 4437 1054 4490 i.
1081 4438 1121 4490 16
1150 4431 1297 4506 ὑπέχεσθαι
1327 4454 1396 4490 corr.

104 4559 313 4638 ὑπέρχεσθαι.
359 4564 377 4616 l.
397 4566 435 4616 21
460 4557 490 4616 δὲ
519 4556 618 4626 αὺτοῖς.
664 4562 743 4615 123
765 4548 927 4633 παρῴχηκε.
974 4560 992 4612 l.
1012 4529 1140 4612 24-25
1162 4553 1329 4631 ρυτοκόμους
1351 4549 1397 4611 καὶ

104 4687 147 4744 νῦν
179 4682 229 4758 μὲν
260 4680 356 4742 κλῶνα
388 4699 458 4752 τινος
490 4681 568 4760 φυτοῦ
596 4678 751 4756 πηγνύντας
773 4674 820 4739 καὶ
842 4674 984 4760 γεωργοὺς
1006 4674 1077 4737 κατὰ
1099 4675 1198 4758 τέχνην
1222 4675 1270 4748 τὴν
1294 4675 1396 4738 ἑαυτῶν
