3486 5282
1352 359 1417 426 225

130 555 214 615 δυσίαι
234 577 288 616 των
310 557 364 618 ἀπό
385 563 436 634 τῆς
458 555 587 630 δεκαετίας
609 555 656 618 καί
677 559 782 619 λοιπῶν
804 559 902 638 φόρων,
926 556 961 634 μὲ
983 556 1049 617 ὅλον
1072 560 1149 618 τοῦτο
1167 555 1234 618 ποτέ
1250 555 1301 630 μὲν
1317 554 1371 615 ἀπδ
1386 555 1416 616 τδ

130 679 206 756 μέρος
232 685 285 738 τῶν
315 679 465 758 σπαχίδων,
497 681 564 740 ποτὲ
591 679 622 740 δέ
650 680 702 740 ἀπό
729 681 759 740 τό
787 681 870 761 μέρος
896 684 949 740 τῶν
977 677 1170 754 βοεβονδάδων
1196 675 1242 738 καί
1265 676 1363 736 ἀλλων
1386 675 1415 736 ἐν

128 798 233 874 δυνάμει
261 799 430 880 ήνοχλοῡντο
461 799 507 861 καὶ
537 803 728 882 ἐπηρεάζοντο,
760 801 804 862 διὰ
833 805 910 862 τοῦτο
938 801 1136 881 προσθέσαντες
1166 797 1206 871 είς
1227 800 1273 858 τὀν
1295 798 1416 858 ἔκπαλαι

128 920 366 1000 προσδιωριομένον
393 924 474 1004 φόρον
496 944 549 982 των
573 924 613 984 ἔτι
634 945 658 984 τι
679 922 824 1002 παρέδιδον
847 921 887 994 είς
911 923 1013 994 αθτοθς.
1058 921 1153 996 ἐπειδὴ
1177 921 1209 980 δὲ
1231 918 1277 980 καί
1299 919 1324 978 αί
1348 918 1415 993 βοε-

128 1040 219 1114 βόνδαι
239 1049 289 1118 τῆς
305 1044 457 1121 Γαστοίινης
478 1045 588 1119 ἐζήτουν
604 1045 657 1104 ἀπό
672 1045 766 1114 αθτοὺς
781 1047 912 1122 χρήματα
928 1045 964 1120 μέ
980 1042 1121 1123 διαφόρους
1136 1041 1293 1118 ἐπιζημίους
1304 1041 1416 1122 τρόπους

128 1163 169 1224 διὰ
191 1165 249 1237 τοὺς
270 1167 369 1238 τόπους
391 1166 452 1237 τοὺς
474 1167 644 1242 λεγομένους
667 1169 795 1244 μετόχιον
817 1171 863 1226 τοῦ
883 1165 1096 1246 Μανροβουνίου,
1120 1165 1149 1240 μ’
1162 1165 1227 1224 όλον
1250 1165 1317 1226 όποό
1339 1163 1364 1222 οί
1387 1163 1416 1222 ἐν

125 1287 223 1360 ττίτσις
243 1290 299 1359 τοῖς
321 1289 413 1359 τόποις
437 1293 626 1360 κατοικοῦντες
647 1288 801 1367 καλόγηροι
823 1287 870 1348 καί
893 1287 1024 1368 ῥαγιάδες
1046 1283 1117 1364 ἦσαν
1133 1286 1272 1365 ἐλεθθεροι
1287 1285 1341 1346 ἀπό
1355 1284 1416 1354 τοθς

126 1409 251 1487 ῥηθέντας
280 1411 388 1490 φόρους,
418 1409 612 1488 ἐσυμφιθνηααν
639 1409 673 1468 νά
696 1407 804 1468 δίδωσιν
831 1409 890 1470 κατ’
905 1410 965 1480 ἔτος
990 1406 1038 1468 καί
1063 1409 1102 1487 τῲ
1130 1406 1267 1488 βαεβόνδᾳ
1287 1412 1337 1482 τῆς
1359 1406 1416 1464 Γα-

126 1531 232 1605 στοόνης
258 1529 304 1590 διὰ
331 1535 378 1591 τοῦ
407 1530 547 1592 ἐπιστάτου
573 1536 619 1591 ττό
648 1531 775 1611 ῥηθέντος
803 1529 932 1608 μετοχίου
955 1527 1019 1592 250
1045 1532 1142 1608 γρόοια
1163 1529 1243 1608 λόγῳ
1265 1527 1418 1608 συνδρομῆς

126 1649 163 1722 είς
184 1652 245 1723 τοθς
267 1653 365 1732 φόρους
387 1659 435 1728 τῆς
459 1652 592 1732 ἐπαρχίας
615 1652 850 1727 ἀπακεκομμένως
871 1651 933 1711 κατ’
946 1651 1107 1729 ἀναλογίαν,
1131 1650 1177 1710 καί
1193 1648 1317 1727 ἐπάθτῷ
1332 1650 1416 1728 τούτῳ

126 1773 230 1850 έγειναν
258 1767 306 1834 καί
338 1774 371 1834 ἐκ
400 1776 499 1855 μέρους
528 1780 578 1850 τής
607 1774 722 1855 κρίσεως
752 1772 871 1850 ἐπίσημα
894 1771 1047 1833 ἐνδεικτικόν
1069 1773 1194 1852 ἐγγραφα
1217 1769 1347 1852 (σενέτιον
1369 1767 1417 1830 καὶ

125 1896 286 1972 χοντζέτιον)
310 1895 533 1971 διαλαμβάνοντα
555 1897 604 1971 τήν
627 1892 778 1974 συμφωνίαν
800 1896 907 1971 ταίπην.
930 1892 977 1954 καὶ
999 1895 1039 1954 ότι
1063 1893 1107 1954 διὰ
1129 1893 1164 1952 νά
1179 1893 1217 1968 μὴ
1232 1893 1294 1965 τοὶις
1310 1891 1416 1973 ἐνοχλῇ

124 2014 224 2094 κανείς,
246 2015 308 2076 οὔτε
330 2017 384 2078 ἀπό
403 2017 466 2090 τοίις
481 2017 618 2098 νεφέριδες
633 2021 678 2077 τοῦ
693 2017 815 2097 φρουρίου
830 2015 1003 2096 Ναβαρίνων,
1027 2014 1087 2075 οθτε
1103 2015 1156 2074 ἀπδ
1171 2014 1233 2086 τοθς
1249 2007 1417 2084 ἐνοικιαστάς

124 2143 174 2196 τῶν
197 2138 329 2218 δεκάτων,
353 2140 498 2218 λέγοντας,
522 2142 562 2200 δτι
584 2139 608 2200 οί
633 2139 751 2200 ἔκπαλαι
768 2139 926 2216 βακοίφικοι
941 2139 1015 2198 τόποι
1031 2141 1078 2198 τοῦ
1093 2137 1222 2216 ῥηθέντος
1238 2135 1416 2216 μοναστηρίου

127 2257 331 2339 ἐμπεριέχονται
354 2259 394 2334 είς
415 2261 476 2334 τοθς
498 2263 595 2334 τόπους
616 2267 669 2322 τῶν
691 2261 821 2341 τιμαρίων
843 2281 908 2340 των,
932 2257 1052 2320 ἐναντίον
1074 2265 1127 2318 τῶν
1150 2260 1200 2318 ὃσα
1224 2257 1416 2337 διαμολσγοῦσι

124 2380 155 2438 τό
184 2381 315 2454 βασιλικά
342 2403 394 2457 μου
420 2383 582 2463 κατάστιχα,
614 2380 778 2458 ἐξεδόθησαν
806 2380 946 2455 βασιλικαί
975 2379 1102 2458 διαταγαί
1125 2378 1361 2456 διαλαμβάνουααι
1383 2378 1418 2439 τὰ

124 2497 226 2561 παλαιά
256 2505 317 2582 ὅρια
347 2509 399 2562 τῶν
428 2501 577 2585 εἰρημένων
604 2507 749 2580 κτημάτων
772 2503 818 2564 καὶ
842 2503 1033 2578 ἐμποδίζονται
1054 2503 1103 2578 τὴν
1125 2502 1290 2584 φορολογίαν
1312 2507 1366 2562 τῶν
1389 2501 1419 2560 ἐν

125 2627 175 2695 τοῖς
205 2621 360 2705 εἰρημένοις
382 2625 464 2706 όρίοις
485 2628 690 2706 περιεχομένων
713 2628 858 2700 κτημάτων
881 2623 927 2684 καί
949 2629 1045 2704 γαιῶν,
1076 2623 1230 2706 ἀμπελίων,
1260 2623 1417 2702 χωραφίων,

127 2743 335 2826 ἐλαισδένδρων,
359 2744 460 2824 οἰκιῶν,
485 2746 668 2827 ἐργαστηρίων
690 2745 737 2807 καί
759 2749 849 2806 τόπων
872 2747 979 2824 ἀλλων,
1002 2745 1063 2816 τοὺς
1086 2745 1193 2816 ὁποίους
1209 2744 1235 2806 οί
1248 2744 1311 2806 ίδιοι
1326 2744 1418 2806 καλό-

126 2887 200 2944 γηροι
225 2864 428 2949 ἑξεχέραωσαν,
452 2867 480 2926 ἐν
503 2867 560 2948 όσῳ
583 2867 682 2928 δίδουσι
704 2867 765 2928 κατ’
780 2868 840 2939 ἔτος
863 2866 903 2937 είς
925 2869 970 2926 τδν
993 2867 1135 2942 βασιλικόν
1158 2887 1209 2942 μου
1225 2867 1358 2946 θησαυρόν
1372 2867 1419 2926 τόν

125 2988 368 3068 τροσδιωρισμένον
396 2990 476 3068 φόρον
504 2991 590 3048 αθτῶν
616 2987 662 3048 καί
689 2989 826 3068 ἀναιροῦσι
852 2989 901 3064 τήν
928 2987 1069 3064 ἀπαίτησιν
1098 2988 1219 3048 δακέτων
1246 2986 1293 3047 καί
1320 2987 1418 3048 ἄλλων

126 3111 209 3188 ρόρων
233 3111 267 3169 ἐκ
290 3113 389 3190 μέρους
409 3116 463 3170 τῶν
479 3109 641 3172 δεκατιστιῖιν
657 3109 704 3170 καί
718 3117 772 3170 τιῖιν
788 3111 817 3170 ἐν
834 3107 945 3186 δυνάμει
960 3107 1007 3170 καί
1022 3116 1076 3170 τῶν
1093 3111 1194 3190 ἐφόρων
1210 3116 1260 3185 τῆς
1275 3109 1420 3182 βασιλείας

126 3249 181 3309 μου,
211 3232 307 3304 καθὼς
328 3232 376 3292 καί
401 3233 447 3292 τόν
469 3233 549 3312 φόρον
571 3229 669 3311 χιλίων
691 3231 844 3312 προβάτων.
890 3230 957 3290 ἀλλ’
970 3231 1066 3306 ἐπειδή
1089 3231 1113 3292 οἱ
1138 3229 1177 3304 είς
1199 3231 1233 3292 τά
1254 3227 1333 3310 πέριξ
1355 3229 1417 3290 δια-

125 3351 258 3428 τρίβοντες
280 3353 342 3426 τοθς
364 3355 565 3434 παρενοχλσόσι
586 3357 651 3415 πότε
676 3355 711 3430 μέ
734 3355 892 3428 ἀπαιτήσεις
915 3354 1037 3414 δεκάτων
1059 3351 1106 3413 καί
1128 3356 1217 3432 φόρων
1239 3351 1286 3414 καί
1300 3354 1365 3412 πότε
1382 3353 1418 3427 μέ

126 3470 282 3548 ἀπαιτήσεις
304 3474 496 3554 πραβλέψεων,
520 3473 566 3534 καὶ
588 3473 705 3554 γίνονται
729 3473 807 3534 αἴτιοι
829 3478 876 3534 τοῦ
899 3475 1014 3554 δλέθρου
1036 3494 1099 3554 των,
1124 3471 1290 3554 ἐξῃτήσαντο
1314 3474 1347 3532 νδ
1370 3471 1419 3546 ἐξ·

127 3595 242 3672 αχθῶσιν
271 3595 305 3655 ἐκ
327 3601 379 3656 τῶν
403 3595 552 3669 βασιλικῶν
576 3597 694 3676 ἀρχείων
718 3617 770 3670 μου
793 3595 942 3676 ἀντίγραφα
963 3601 1016 3654 τῶν
1040 3595 1191 3670 βασιλικῶν
1215 3595 1351 3674 διαταγῶν
1373 3593 1420 3656 καί

126 3721 173 3774 τῶν
195 3714 250 3776 ἀνά
276 3721 373 3798 χεῖρας
395 3719 482 3776 αὐτῶν
506 3718 702 3796 εὑρισκομένων
725 3718 892 3796 ἀντιγράφων
916 3721 960 3776 τοῦ
984 3716 1126 3792 βασιλικοῦ
1148 3715 1323 3798 καταστίχου,
1353 3718 1420 3778 ὅπου

127 3841 341 3918 καταγράφονται
369 3839 397 3898 αί
423 3841 509 3918 γαῖαι,
540 3845 593 3898 τῶν
621 3838 719 3900 θποίων
743 3834 811 3898 εἶναι
835 3839 957 3898 ἔκπαλαι
978 3840 1064 3918 κίριυι
1086 3837 1133 3898 καί
1156 3839 1184 3898 αί
1206 3840 1295 3900 ὁποῖαι
1317 3841 1421 3900 κεῖνται

128 3955 162 4028 εἰς
183 3961 234 4032 τάς
257 3960 393 4039 ἐπαρχίας
408 3960 608 4040 Καλαβρθτων,
629 3961 783 4040 Βοστίτζης,
802 3962 933 4020 ίίαλαιῶν
951 3961 1064 4041 Ιίατρῶν
1080 3960 1127 4022 καί
1144 3961 1305 4040 Γαστοὺνης,
1327 3961 1421 4034 καθίυς

130 4080 228 4142 καὶτὰ
252 4083 352 4162 σύνορα
374 4083 472 4161 αὐτῶν,
495 4080 542 4142 καὶ
565 4083 599 4141 νά
623 4082 723 4163 ἐκδοθῇ
747 4082 864 4161 αὺστηρά
887 4082 1016 4157 βασιλικὴ
1040 4103 1091 4158 μου
1115 4082 1241 4162 διαταγή,
1265 4082 1311 4144 διὰ
1332 4082 1366 4142 νά
1381 4081 1419 4156 μὴ

129 4199 287 4264 ἀπαιτῶνται
317 4204 391 4284 παρὰ
421 4203 623 4285 βοεβονδάδων,
655 4204 821 4264 δεκατιστῶν
851 4203 897 4264 καί
929 4203 1024 4264 ἄλλων
1056 4205 1084 4264 ἐν
1114 4203 1226 4279 δυνάμει
1255 4203 1302 4264 καί
1325 4205 1358 4262 νά
1381 4204 1419 4279 μὴ

130 4329 288 4397 συνάζωνται
316 4326 380 4406 παρ’
397 4327 483 4385 αὐτῶν
507 4324 567 4384 οὔτε
590 4324 682 4404 όλίγα,
714 4324 773 4386 οίιτε
795 4324 900 4406 πολλά,
931 4325 1034 4385 δέκατα
1055 4323 1102 4386 καὶ
1125 4329 1200 4405 φόροι
1223 4325 1268 4384 διὰ
1290 4325 1339 4396 τὰς
1362 4326 1420 4400 ἀμ-

130 4446 235 4528 πέλους,
259 4449 295 4508 τὰ
316 4450 453 4528 χωράφια,
476 4447 510 4506 τὰ
535 4445 724 4527 ἐλαιόδενδρα,
747 4447 780 4506 τά
804 4447 978 4528 ἐργαστήρια,
1001 4447 1035 4506 τὰ
1057 4449 1137 4508 ὁποία
1157 4448 1365 4528 ἐμπεριέχονται
1381 4445 1421 4520 είς

132 4566 162 4624 τό
184 4572 300 4650 ῥηθέντα
322 4571 430 4648 σύνορα,
453 4568 513 4628 οίίτε
537 4567 571 4628 δι’
584 4571 633 4628 όσα
657 4569 733 4629 ἀλλα
757 4567 946 4647 ἐξεχέροωσαν
969 4569 993 4628 οί
1015 4571 1178 4650 καλόγηρσι,
1201 4569 1262 4629 οὔτε
1281 4571 1362 4648 φόρος
1377 4567 1422 4628 διό

132 4687 161 4744 τὰ
186 4693 266 4769 χίλια
297 4691 422 4770 πρόβατά
449 4711 511 4748 των.
558 4687 754 4762 ἐξετασθέντων
782 4688 827 4749 οὖν
853 4696 906 4750 τῶν
935 4691 963 4750 ἐν
990 4690 1028 4768 τῷ
1056 4690 1190 4770 βασιλικῷ
1218 4713 1269 4766 μου
1295 4689 1421 4768 θησαυρῷ

1180 4815 1212 4862 15
