3486 5282
1363 367 1428 434 223

136 563 275 644 ἀναφέρειν
304 563 354 638 τήν
384 563 512 626 ιἰιτδθεσιν
540 565 639 641 ταύτην
666 562 706 637 εἰς
731 564 778 624 τὀν
805 563 877 624 κατὰ
902 563 1012 644 καιροὺς
1038 561 1225 641 οίκουμενικδν
1251 561 1430 643 πατριάρχην,

134 687 347 766 περιγράφοντες
368 686 399 745 ἐν
420 686 497 766 φόβῳ
519 687 583 748 θεοί
605 686 639 748 τά
660 685 725 767 ήθη,
747 685 792 746 τδν
816 685 873 760 βίον
895 684 943 746 καί
965 686 1014 762 τήν
1037 687 1161 766 φρόνησιν
1183 689 1236 746 τῶν
1254 683 1295 758 εἰς
1309 685 1432 764 ἐκλογήν

135 803 179 866 ἐπί
201 813 233 890 τῇ
255 807 425 892 ήγουμενείᾳ
445 809 633 888 προκειμένων
650 813 872 888 μοναστηριακῶν
887 809 1022 888 πατέρων,
1044 807 1098 888 ἰνοι,
1122 807 1282 888 ἐπικρίσεως
1297 805 1432 883 ἐκκλησι-

134 935 245 1006 αστικῆς
270 930 400 1012 ἀκριβοῦς
421 907 575 1010 γενομένης
596 931 664 1012 πρδς
686 932 716 992 τδ
739 936 816 1012 κοινῇ
837 931 971 1010 συμφέρον
987 933 1034 990 τοῦ
1049 929 1122 1011 ίεροίι
1135 931 1228 992 τοίιτου
1243 928 1432 1010 μοναστηρίοιι,

133 1052 347 1114 ἀποκαθιστᾶται
375 1052 421 1112 διά
442 1055 638 1134 πατριαρχικοίι
662 1051 888 1130 ἐκκλησιαστικοῡ
910 1055 1073 1132 γράμματος
1094 1049 1141 1112 καὶ
1164 1051 1311 1134 διορίζηται
1332 1051 1348 1110 ὁ
1369 1052 1433 1122 νέος

134 1159 298 1258 ήγοθμενος,
330 1177 529 1252 σημειουμένου
551 1172 599 1234 καί
620 1178 667 1235 τοῦ
688 1173 823 1250 δνθματος
846 1173 926 1234 αθτοΰ
949 1172 1039 1252 ἐντῷ
1063 1174 1169 1254 ῥηθέντι
1190 1173 1311 1250 κώδηκι·
1343 1175 1431 1252 ἐκτσν,

132 1297 149 1370 ή
181 1294 296 1378 σφραγίς
326 1299 373 1358 τοῦ
403 1295 582 1376 μονασπηρίου
611 1296 646 1356 νά
672 1295 794 1378 διαιρεθῇ
818 1293 857 1367 είς
878 1297 1011 1372 τμήματα
1032 1296 1151 1376 τέσσαρα
1171 1293 1218 1356 καί
1240 1297 1258 1370 ἡ
1282 1295 1332 1371 μὲν
1355 1293 1432 1370 λαβὴ

132 1420 425 1498 παρακατατεθειμένη
448 1419 558 1502 ὑπάρχῃ
579 1417 618 1496 τῷ
639 1419 796 1497 ἡγουμένῳ,
818 1417 853 1478 τὰ
875 1416 907 1478 δὲ
929 1418 1048 1496 τέσσαρα
1069 1419 1200 1494 τμήματα
1221 1418 1347 1498 τέσσαρσι
1363 1437 1432 1496 συγ-

132 1539 317 1616 κοινοβισίταις
338 1542 479 1622 πατράσιν,
504 1540 701 1620 ἐκλεγομένοις
722 1545 821 1612 κοινῶς
841 1539 915 1620 παρὰ
937 1541 1046 1600 πάντων
1067 1543 1121 1600 τῶν
1136 1539 1361 1617 συγκοινοβιατῶν
1375 1559 1431 1600 πα-

131 1663 232 1742 τέρων·
258 1663 389 1742 ἕβδομον,
412 1662 438 1724 οἱ
460 1663 686 1742 ἐπιτετραμμένοι
707 1662 742 1722 τά
762 1663 880 1741 τέσσαρα
900 1663 1030 1736 τμήματα
1045 1658 1092 1720 καί
1106 1659 1155 1736 τήν
1170 1661 1262 1736 λαβήν
1277 1661 1317 1736 μή
1333 1662 1433 1739 ἔχωσιν

132 1785 229 1845 ἄδειαν
259 1783 322 1846 καθ’
343 1785 454 1858 ἑαυτοίις
483 1784 636 1864 σφραγίζειν
667 1783 886 1864 μοναοτηρισικθις
911 1783 1082 1864 χοεωστικάς
1108 1782 1270 1862 ὁμολογίας,
1300 1782 1368 1842 ἀλλ’
1388 1781 1433 1842 ἐπὶ

131 1907 266 1990 παρουσίᾳ
280 1913 335 1968 τῶν
348 1909 563 1988 προκριτστέρων
579 1907 608 1968 ἐν
624 1908 680 1978 τοῖς
695 1906 937 1985 συγκοινοβιάταις,
958 1906 1187 1985 θπογραφομένων
1203 1903 1337 1964 κάκείνων
1353 1900 1433 1976 ἰδίαις

130 2029 240 2110 χερσίν·
273 2029 302 2089 αἰ
332 2029 364 2090 δέ
395 2029 434 2105 μή
463 2029 536 2088 κατὰ
561 2029 607 2088 τδν
635 2026 777 2110 εἰρημένον
804 2030 902 2110 τρόπον
929 2029 1121 2108 γεγραμμέναι
1148 2026 1195 2088 καὶ
1223 2027 1432 2108 ἐσφραγισμένοι

131 2151 282 2231 ὁμολογίαι
304 2149 467 2226 νομίζωνται
490 2152 529 2226 μή
551 2153 597 2210 τοῦ
620 2149 807 2230 μονασιηρίου,
831 2149 899 2210 ἀλλ’
911 2148 978 2210 ἴδιαι
996 2155 1050 2210 τῶν
1065 2149 1126 2208 κατ’
1135 2147 1204 2210 ἰδίαν
1220 2151 1431 2232 σφραγισάντων,

131 2272 177 2333 καί
201 2273 305 2334 ἐκεῖνοι
328 2269 360 2345 ἐξ
376 2270 450 2332 ἰδίων
473 2271 652 2351 ἀπσπληρῶσι
666 2271 716 2344 τὰς
731 2272 984 2351 ἐμπεριερχομένας
1004 2271 1033 2330 ἐν
1048 2273 1108 2344 ταῖς
1122 2272 1257 2344 τοιαθταις
1271 2269 1433 2351 ὁμολογίαις

131 2395 309 2475 χρηματικὰς
335 2395 503 2470 ποσότητας·
532 2387 604 2454 οθτοι
632 2392 672 2472 δέ,
702 2392 811 2470 δηλαδὴ
839 2393 854 2452 δ
876 2393 1030 2470 ἡγούμενος
1053 2393 1123 2468 μετὰ
1144 2399 1198 2452 τῶν
1220 2395 1358 2474 τεσσάρων
1380 2399 1433 2454 τῶν

134 2517 375 2597 ἐπιτετραμμένων
403 2515 439 2576 τά
468 2520 517 2593 ιής
547 2514 695 2594 σφραγῖδος
716 2517 857 2594 τμήματα,
889 2515 974 2592 ἔχωσι
1000 2520 1089 2574 πᾶσαν
1111 2511 1362 2596 πληρεξουσιάτητα
1383 2520 1434 2591 τῆς

133 2638 286 2714 ἐκκλησίας
311 2638 444 2714 ἐπιτιμᾶν,
468 2639 649 2717 σωφρονίζειν,
673 2633 845 2712 ἀποβάλλειν
869 2637 902 2697 ἐκ
923 2643 973 2712 τῆς
996 2641 1081 2713 μονῆς
1103 2637 1164 2709 τοὺς
1185 2637 1365 2709 ἀτακτοῦντας
1387 2635 1439 2696 καὶ

133 2759 329 2840 ἐκνευροῦντας
357 2758 420 2832 τοίις
450 2760 669 2839 μετερχσμένους
697 2759 728 2818 τδ
759 2753 844 2818 ἆθλον
873 2763 922 2834 τῆς
949 2757 1092 2834 ἀσκήσεως
1114 2757 1161 2818 καί
1184 2759 1222 2834 μὴ
1244 2759 1431 2838 πειθομένους,

130 2882 302 2960 τελευταῖον,
326 2881 373 2940 διά
394 2887 489 2958 κοινῆς
510 2882 597 2940 αὐτῶν
620 2880 757 2962 ἀναφορᾶς
776 2879 1011 2962 άναγγέλλεινιῇ
1029 2879 1176 2964 ἐκκλησίᾳ·
1202 2879 1311 2960 θγδοον,
1335 2878 1433 2955 μηδεὶς

129 3007 175 3063 τοῦ
199 3003 382 3084 μοναστηρίου
403 3003 496 3062 τοθτσυ
519 3001 628 3077 διἰνηται
647 3001 752 3062 πωλεῖν
771 3005 818 3062 τοῦ
837 3003 935 3062 λοιποῦ
951 3001 1165 3082 μοναστηριακδν
1180 3001 1354 3062 ὑποστατικδν
1370 3001 1433 3060 ἀνευ

129 3131 178 3200 τῆς
201 3124 321 3200 νομίμου
344 3123 471 3200 εἰδήσιως
492 3128 540 3184 τοῦ
561 3123 633 3183 κατὰ
654 3125 749 3204 καιρδν
771 3121 959 3198 οίκσυμενινοῦ
980 3124 1157 3202 πατριάρχου,
1181 3121 1204 3182 εἰ
1227 3122 1266 3198 μὴ
1287 3122 1434 3196 μένοντας

129 3247 189 3306 κατ’
205 3247 269 3318 ἔτος
297 3245 459 3326 ἐπικαρπίας
485 3243 532 3305 καί
558 3245 593 3304 τά
618 3248 777 3324 γεννήματα
799 3243 846 3304 καὶ
867 3245 902 3303 τά
924 3243 1129 3324 μοναστηριακά
1151 3243 1295 3324 θρέμματα
1317 3243 1364 3302 διὰ
1384 3244 1434 3313 τὰς

130 3367 288 3444 ἀναγκαίας
312 3368 399 3426 αἰιτῶν
420 3365 531 3447 χρείας·
555 3366 674 3444 ἔννατον,
699 3365 809 3426 ἐπειδὰν
830 3365 859 3425 ἐν
880 3366 961 3448 χρείᾳ
979 3365 1148 3446 χειροτονίας
1167 3367 1309 3444 γένωνται,
1333 3365 1432 3442 ἔχωσιν

131 3488 226 3550 ἀδειοοι
249 3489 418 3569 προσκαλεῖν
435 3486 474 3560 εἰς
488 3488 519 3547 τδ
535 3489 769 3568 σταυροπηγιακδν
784 3489 864 3564 ήμῶν
880 3492 956 3548 τοῦτο
973 3490 1162 3569 μοναοπήριον,
1186 3489 1215 3545 δν
1231 3490 1263 3546 ἀν
1280 3486 1433 3561 βοθλωνται

129 3616 181 3670 τῶν
208 3611 362 3691 ἀρχιέρεων
384 3611 499 3691 φέροντα
523 3609 659 3689 ἔγγραφον
683 3609 777 3669 ἄδειαν
801 3610 999 3690 πατριαρχικὴν
1020 3607 1067 3670 καὶ
1090 3607 1230 3684 συνοδικήν
1255 3607 1299 3668 ἐπὶ
1319 3607 1358 3687 τῷ
1383 3609 1433 3669 ἐκ-

128 3733 222 3792 τελεῖν
255 3731 338 3804 οάιτθις
367 3730 437 3807 μετὰ
458 3732 549 3807 πάσης
570 3735 619 3807 τῆς
641 3736 787 3807 κανονικής
808 3733 1039 3812 παρατηρήσεως·
1071 3731 1186 3792 δέκατον
1209 3730 1241 3791 δέ
1264 3727 1310 3790 καὶ
1332 3731 1433 3790 τελευ-

129 3858 215 3934 ταῖον,
240 3853 393 3933 ὀφείλουσιν
416 3853 443 3914 σί
465 3854 494 3914 ἐν
518 3851 590 3932 ουίτῷ
613 3853 822 3928 σιινασκοθμενσι
845 3851 984 3932 ἰεριίιτατοι
1006 3854 1125 3933 πατέρες
1144 3851 1285 3932 φυλάττειν
1300 3853 1334 3911 τά
1351 3852 1379 3911 ἐν
1394 3853 1432 3933 τῷ

130 3979 245 4058 παρέντι
269 3976 415 4035 ἐκτεθέντα
436 3975 630 4055 ἀπαράτρεπτα
651 3973 699 4034 καί
721 3973 885 4054 ἀπαράβατα
908 3971 954 4035 διὰ
972 3977 1074 4045 παντός
1095 3973 1142 4034 καί
1156 3972 1294 4036 πείθεσθαι
1308 3972 1348 4054 τῷ
1363 3975 1434 4034 κατὰ

130 4097 243 4179 καιροὺς
274 4098 421 4176 ἡγουμένω
443 4094 491 4156 καί
514 4094 617 4174 διάγειν
640 4101 757 4174 σεμνῶς,
786 4095 928 4175 εἰρηνικῶς
950 4095 997 4156 καί
1019 4097 1171 4172 ἀμέμπτως
1193 4097 1265 4158 κατὰ
1285 4098 1331 4156 τδν
1353 4097 1433 4156 τίιπον

130 4225 174 4280 τοῦ
199 4218 350 4296 μοναδικσίι
373 4217 598 4296 ἐπαγγέλματος,
623 4217 776 4296 ἀφορῶντες
797 4219 865 4298 πρδς
888 4219 935 4293 τὴν
954 4220 1120 4292 κοσμιότητα
1136 4219 1222 4278 αὐτῶν
1238 4217 1285 4278 καί
1299 4219 1347 4293 τήν
1362 4219 1433 4278 κατὰ

130 4343 192 4403 θέον
218 4341 361 4420 διαγωγὴν
384 4339 431 4400 καί
453 4338 594 4399 πολιτείαν
617 4337 664 4398 καὶ
685 4341 753 4420 πρδς
775 4340 824 4414 τὴν
847 4339 990 4415 βελτίωσιν
1013 4337 1060 4399 καί
1075 4335 1186 4414 αὔξησιν
1201 4343 1247 4399 τοῦ
1267 4339 1339 4420 ίεροῦ
1353 4339 1433 4416 ήμῶν

131 4466 223 4525 τοίιτου
257 4465 493 4541 σταιιροτηγιακοῦ
519 4459 704 4540 καταγωγίου,
736 4461 865 4536 ἑπόμενοι
891 4460 929 4539 τῷ
952 4460 1074 4540 θεοφιλεῖ
1096 4457 1188 4540 σκοπῷ
1210 4467 1260 4538 τῆς
1282 4461 1433 4538 ἐκκλησίας

131 4593 177 4662 τῆς
205 4583 353 4666 ἀγρίιπνως
375 4583 542 4662 προνοοίισης
564 4580 625 4660 περί
650 4587 699 4659 τής
722 4583 878 4653 εθσταθείας
900 4587 954 4642 τῶν
977 4583 1163 4658 ἀποκειμένων
1187 4585 1254 4664 αθτή
1277 4603 1432 4664 σταυροπη-

131 4715 235 4786 γιακών
260 4705 341 4785 ἱερῶν
364 4703 550 4783 μοναστηρίων
570 4701 616 4763 καὶ
638 4703 666 4762 ἐν
681 4705 740 4775 ταῖς
755 4704 840 4784 ἱεραῖς
856 4703 1030 4776 ἀκολουθίαις
1046 4705 1298 4784 διαφυλάττειντὴν
1314 4705 1433 4785 ἀρχαίαν
