3222 5284
1299 382 1363 448 353

50 567 99 627 καί
124 571 181 646 τἠν
213 571 402 648 ἐλεημοσύνην
423 571 470 632 καὶ
493 573 542 646 τὴν
574 571 785 654 φιλανθρωπίαν,
817 573 882 633 δίά
904 571 951 633 καί
982 574 1093 650 μᾶλλον
1117 576 1131 633 6
1154 575 1218 648 θεός
1247 579 1362 655 γέγονεν

51 691 205 771 ἄνθρωπος
226 691 315 752 καὶά
344 693 471 754 καλεῖται
494 693 509 752 6
532 694 595 765 θεός
617 691 664 754 καί
694 694 729 753 δι’
741 689 816 754 ὧνό
848 696 988 775 ἄνθρωπος
1015 697 1078 768 θεός
1106 696 1294 758 ἀποδείκνυται
1316 687 1363 757 καὶ

50 811 92 888 τῷ
125 814 247 894 ούρανίῳ
268 812 350 895 παρτί
371 816 476 890 ὅμοιος.
522 815 567 874 ἵνα
588 813 614 874 τί
635 819 700 894 γοῦν
723 817 769 875 τόν
798 817 932 896 θησαυρόν
961 819 1068 878 πάντων
1091 819 1189 878 τούτων
1211 815 1265 877 τῶν
1288 819 1362 898 ἀγα-
1397 883 1399 887 ι

52 935 110 992 θῶν
141 937 250 1014 ἀφεῖσαι
277 935 325 996 καὶ
351 937 400 1012 τἠν
427 936 553 1015 κεφαλὴν
581 935 625 996 ἐπί
651 936 685 996 τὰ
711 939 786 997 κάτω
809 937 855 998 καί
883 939 952 1018 πρός
975 940 1037 1010 ἐνδς
1068 938 1204 1016 ἐπίκτησιν
1234 942 1361 1020 τρέχετες

53 1053 121 1116 δέον
154 1058 203 1157 τίη
232 1059 358 1137 κεφαλὴν
388 1059 526 1138 φθαοάσας
557 1060 675 1130 εύπετῶς
705 1059 833 1138 κατέχειν
855 1081 887 1120 τε
915 1060 1046 1140 ἀσφαλῶς
1074 1060 1120 1120 καί
1149 1063 1238 1122 πάντα
1265 1067 1362 1142 ποιεῖν,

54 1180 131 1238 ῶοτε
164 1181 202 1254 μὴ
231 1180 332 1255 ταύτης
362 1180 498 1241 ἐκπεσεῖν.
544 1179 716 1259 δεδοίκαμέν,
747 1203 822 1260 φησι,
853 1181 897 1241 διά
919 1184 968 1257 τὴν
996 1186 1042 1242 τοῦ
1069 1185 1184 1256 κανόνος
1214 1186 1362 1266 ὑστέρησιν,

56 1301 141 1360 ἀλλά
165 1303 203 1377 μὴ·
227 1300 348 1361 δεδίατε·
379 1303 474 1383 ἡγὰρ
496 1301 605 1383 καθαρά
633 1300 807 1384 ἐξαγόρευσις
829 1305 859 1363 τό
882 1305 1021 1384 ὑστέρημα
1047 1306 1146 1381 ταύτης
1169 1306 1364 1386 ἀναπληρώσει

56 1423 132 1501 ύμῖν,
158 1424 207 1498 τὴν
230 1427 402 1505 συγχώρησιν
426 1419 539 1496 δικαίως
562 1424 786 1505 ἐπιβραβεύουσα,
811 1428 893 1501 μόνον
918 1425 956 1501 μὴ
981 1427 1112 1509 ῥᾳθυμίας
1135 1423 1199 1508 ᾖτδ
1215 1428 1361 1508 ὑστέρημα.

57 1548 140 1604 ταῖτο
172 1543 309 1626 φοβεῖσθε,
340 1533 424 1626 τούτῳ
450 1547 611 1626 προσέχετε.
658 1545 681 1605 εί
705 1545 737 1606 δὲ
766 1551 842 1607 τούτο
867 1548 905 1622 μὴ
930 1547 983 1627 εἴη,
1013 1546 1128 1629 χαίρετέ
1155 1569 1201 1623 μοι
1224 1555 1278 1608 τῶν
1301 1549 1364 1610 δια-

58 1672 164 1726 κονιῶν
185 1668 331 1748 πρσθύμως
356 1668 498 1746 ἐχόμεναι.

171 1791 248 1868 Κεφ.
264 1787 328 1863 κς’.
353 1788 433 1870 Περὶ
455 1788 700 1868 προχειρίσεως
724 1789 1076 1871 ἐπιστημοναρχίσσης
1095 1788 1225 1865 καὶτῆς
1245 1791 1363 1851 διακο-

61 1909 136 1982 νίας
169 1911 276 1984 αὑτῆς.
324 1911 359 1969 'H
381 1911 575 1989 καθηγουμένη
607 1889 700 1985 μέντοι
722 1910 768 1971 καί
800 1913 1079 1992 ἐπιστημονάρχισσαν
1108 1911 1299 1993 προβαλεῖται,
1329 1915 1364 1988 ἣν

62 2031 124 2089 κατ’
139 2029 242 2092 οἰκείαν
274 2032 409 2110 ἐπιλογην
430 2037 480 2109 τῆς
509 2033 636 2109 τοιαύτης
667 2033 807 2105 διακονίας
837 2033 978 2112 λογίζεται
1009 2031 1097 2112 ἀξίαν,
1128 2033 1287 2112 ὀφείλουσαν
1314 2039 1364 2108 τῆς

64 2152 219 2231 μοναδικῆς
240 2157 433 2224 καταστάσεως
455 2152 502 2212 καί
526 2155 673 2230 εύκοσμίας
695 2154 851 2235 φροντίζειν,
879 2155 908 2214 έν
930 2177 961 2214 τε
984 2159 1043 2228 ταῖς
1065 2159 1168 2228 κοιναῖς
1191 2155 1364 2216 συνελεύσεσι

64 2273 111 2333 καὶ
135 2273 284 2355 ὑμνῳδίαις
307 2275 436 2356 διαθρεῖν,
467 2278 505 2351 μή
528 2277 579 2336 πού
601 2297 672 2349 τινες
695 2283 748 2337 τῶν
771 2277 899 2357 ἀδελφῶν
921 2283 970 2356 τῆς
993 2278 1130 2358 ύμνῳδίας
1153 2278 1285 2356 ἀφέμεναι
1308 2247 1365 2335 σίλ-

63 2397 172 2471 λήλαις
194 2395 340 2474 διομιλῶσι
362 2395 409 2457 καί
431 2403 482 2472 τῆς
504 2399 572 2478 πρός
594 2399 656 2458 θεδν
690 2397 838 2471 ἐντεύξεως
867 2400 1102 2480 κατολιγωρούσαι
1126 2400 1206 2479 ἑτέρα
1227 2406 1260 2480 τῇ
1284 2401 1365 2482 ἑτέρᾳ

66 2521 291 2598 συντυγχάνωσιν,
323 2519 352 2578 ἔν
374 2539 404 2578 τε
427 2522 487 2590 ταῖς
509 2523 612 2592 κοιναῖς
634 2521 703 2598 πρδς
726 2521 841 2580 ἑστίασιν
869 2521 1055 2581 συνελεύσεσιν
1078 2523 1176 2592 ταύτας
1200 2521 1365 2600 ἐπισκοπεῖν,

68 2639 105 2708 ὡς
120 2643 153 2698 ἀν
169 2639 199 2697 έν
213 2645 246 2722 τῇ
262 2641 401 2721 πρεπούσῃ
425 2643 561 2718 μοναχαῖς
585 2641 757 2716 διαμείνωσιν
779 2636 880 2722 ἠσυχίᾳ
894 2641 941 2701 καί
956 2644 1124 2721 κοσμιότητι,
1148 2641 1226 2702 ἀλλὰ
1249 2643 1303 2718 μὴν
1319 2641 1365 2701 καί

68 2758 97 2816 ἐν
118 2764 179 2832 ταῖς
200 2761 281 2833 ὅλαις
303 2760 482 2839 ἀναστροφαῖς
504 2782 534 2820 τε
557 2763 656 2822 τούτων
679 2761 725 2822 καὶ
749 2756 902 2840 διαγωγαῖς
924 2759 1045 2842 ἀκριβῶς
1067 2764 1101 2822 τὰ
1123 2765 1184 2822 κατ’
1198 2763 1282 2834 αύτόις
1305 2763 1366 2822 ἐπι-

69 2885 169 2961 τηρεῖν,
190 2881 244 2940 κάν
267 2881 312 2962 ἰ’δῃ
334 2877 409 2953 τινάς
431 2883 531 2942 τούτων
552 2886 570 2956 ἢ
594 2885 805 2962 συγκαθημένας
827 2884 970 2958 ἀλλήλαις
992 2887 1010 2958 ἢ
1032 2885 1135 2960 ἀνόητα
1157 2881 1366 2959 διομιλούσαςὴ

70 2995 116 3061 καί
136 3004 200 3064 καθ’
213 3005 312 3074 ἑαυτὰς
335 3005 488 3085 ἀπράκτους
510 3004 557 3064 καὶ
581 3005 669 3086 ἀργὰς
693 3006 881 3084 διαμενούσας,
913 3009 946 3076 ἀς
969 3007 984 3063 6
1008 3007 1096 3083 μέγας
1119 3005 1272 3076 ἀπόστολος
1296 3005 1367 3080 μηδὲ

72 3124 169 3186 ἐσθίειν
190 3127 420 3206 παρακελεύεται,
445 3131 463 3202 ἢ
487 3127 561 3187 ἀλλο
584 3149 608 3187 τι
630 3129 758 3199 ποιούσας
782 3124 888 3210 ἀπᾷδον
911 3127 1126 3205 ἐπαγγέλματος
1149 3127 1298 3202 μοναδικού
1321 3127 1367 3186 καί

71 3246 213 3326 θεοφιλοῦς
235 3245 384 3329 ἀλλότριον
405 3247 452 3308 καί
474 3255 659 3324 πνευματικῆς
680 3251 885 3326 καταστάσεως,
901 3250 1045 3327 Ιπροσιέναι
1067 3249 1175 3320 ταύταις
1194 3251 1306 3328 ἡμέρως
1321 3247 1367 3308 καὶ

72 3367 228 3448 ἀδελφικῶς
249 3366 295 3428 καὶ
317 3366 412 3450 πρᾴως
434 3369 481 3430 καὶ
510 3370 688 3448 ἀγαπητικῶς
712 3369 876 3449 εἰσηγεῖσθαι
898 3372 932 3428 τά
956 3371 1052 3430 δέοντα
1075 3368 1121 3429 καὶ
1143 3370 1177 3428 τόι
1199 3363 1368 3449 συμφέροντα

71 3492 203 3550 νουθετεῖν
225 3491 402 3566 παυσαμένας
423 3496 477 3550 τῶν
501 3491 629 3566 οὐδεμίαν
652 3491 743 3567 όνησιν
766 3491 887 3569 ἐχόντων
910 3492 1084 3571 ψιθυρισμῶν,
1114 3491 1224 3566 μᾶλλον
1249 3492 1299 3565 μὲν
1324 3487 1368 3550 σύν

72 3611 115 3671 καί
137 3611 337 3692 ψυχοβλαβῶν,
369 3610 392 3672 εί
414 3610 462 3672 καί
484 3613 522 3688 μὴ
548 3613 582 3672 δι’
596 3612 671 3672 ἀλλο
693 3633 727 3692 τι,
756 3613 873 3672 καθόσον
904 3616 969 3690 γοῦν
991 3617 1041 3690 της
1067 3613 1135 3690 πρός
1166 3613 1227 3670 θεδν
1258 3611 1369 3686 ὁμιλίας

72 3733 119 3806 τὰς
140 3735 290 3814 χρωμένας
312 3733 445 3812 ἀπάγουσι
468 3737 528 3806 ταῖς
551 3731 590 3804 είς
611 3735 658 3792 τόν
681 3735 742 3794 θεόν
765 3735 945 3814 προσανέχειν
969 3731 1145 3811 δοξολογίαις
1164 3731 1284 3804 καὶτοῖς
1300 3727 1369 3814 ᾀδο-

74 3857 165 3927 μένοις
186 3850 372 3935 προσερείδειν
387 3857 433 3916 τόν
453 3860 524 3934 νοῦν,
547 3857 654 3935 φεύγειν
676 3855 707 3916 δὲ
728 3857 774 3914 τὀν
796 3857 887 3931 πάσης
909 3853 1010 3926 κακίας
1033 3853 1167 3934 ἀρχηγόν,
1191 3854 1298 3934 ἀργίαν,
1322 3853 1369 3914 καί

73 3978 116 4036 τόν
145 3977 228 4056 σοφόν
254 3975 288 4036 τά
317 3977 379 4036 θεῖα
407 3978 547 4052 μιμεῖσθαι
569 3975 656 4052 Δαβὶδ
685 3977 778 4056 ,,κατά
808 3979 893 4052 μόνας
916 3975 971 4052 είμί
995 3972 1073 4055 ἐγώί(
1103 3975 1224 4052 λέγοντα
1248 3975 1371 4048 καὶτοῖς

76 4095 149 4170 ἰδίοις
178 4099 271 4171 τόποις
299 4098 519 4178 ἐφησυχάζεινῆ
547 4101 615 4180 εύχῇ
631 4089 885 4178 προσκειμέναςῆ
917 4098 1077 4178 ἐργόχειρον
1109 4099 1371 4178 μεταχειριζομένας

75 4223 138 4300 πρδς
167 4219 322 4301 ἀνατροπὴν
352 4218 469 4295 ἀκηδίας
492 4227 542 4296 τῆς
571 4220 707 4301 ὀλεθρίου,
739 4220 859 4296 μελέτην
882 4239 911 4279 τε
934 4225 980 4280 τού
1010 4223 1118 4300 φρικτοῦ
1148 4220 1264 4278 θανάτου
1295 4220 1370 4297 ἔχειν

77 4341 185 4420 διηνεκῆ
208 4342 255 4402 καί
285 4345 395 4418 μνήμην
423 4343 629 4404 ἀκατάπαυστον
651 4349 702 4419 της
723 4343 915 4422 φοβερωτάτης
944 4343 1052 4421 ἡμέρας
1074 4348 1122 4416 τῆς
1144 4341 1272 4422 κρίσεως.
1316 4347 1369 4402 τῶν

78 4461 105 4522 θέ
128 4467 302 4539 μοναζουσῶν
324 4463 386 4544 περὶ
408 4465 438 4524 τδ
462 4465 623 4544 έργόχειρον
653 4463 836 4524 διαπονουσῶν
860 4461 908 4538 μία
930 4463 1041 4540 τούτων,
1074 4464 1092 4537 ἠ
1114 4461 1188 4542 παρά
1210 4468 1259 4536 τῆς
1281 4464 1370 4540 ἡγου-

79 4588 158 4663 θέίθς
182 4587 390 4667 ἓπῑτρεπομένη,
414 4587 489 4646 ἔσται
512 4587 734 4664 ἀναγινώσκοντα
758 4585 800 4658 εἰς
818 4573 937 4660 ἐπηκόου
957 4593 1051 4643 πασῶν
1066 4585 1100 4642 τὰ
1114 4583 1175 4664 ίερόι
1190 4583 1237 4643 καί
1252 4575 1372 4662 σωτήρια

78 4715 124 4784 της
144 4707 220 4781 θείας
242 4713 349 4790 γραφῆς
371 4709 465 4786 λόγια.

1131 4829 1164 4878 23
