3240 5286
256 369 321 435 252

257 564 354 645 ἀρτίως
377 565 552 645 ἀνεγερθεῖσα
575 567 608 626 ἐκ
630 566 738 646 βάθρων
762 567 848 626 αὑτῶν
871 567 945 646 παρά
966 570 1013 626 τοὺ
1032 567 1228 644 προειρημένου
1245 567 1378 644 ἄρχοντος
1393 563 1552 641 Φιλοσέρον
1609 563 1610 572 ³

257 693 302 748 τοὺ
318 692 554 768 πρωτασηκρήτσυ,
571 689 722 767 εὑρίσκηται
738 691 796 762 ἅμα
810 691 866 760 τοῖς
883 689 1021 766 μετοχίοις
1037 689 1119 764 αὑτής
1135 689 1173 758 ὡς
1191 685 1235 747 ἐπὶ
1250 686 1439 767 σταυροπηγίῳ
1453 706 1552 763 πατρι-

257 809 362 889 αρχικῷ
378 811 632 890 ἀνοικεάομηθεῖσα,
649 813 698 871 ὑπὺ
713 811 758 870 τον
772 812 843 870 κατά
858 810 968 890 καιροὺς
983 808 1168 886 οίκουμενικὺν
1182 811 1362 890 πατριάρχην,
1379 805 1426 867 καί
1440 827 1552 883 μνημο-
1609 807 1610 870 ι

256 935 320 1015 νεὺη
341 937 387 992 τοὺ
411 933 542 1008 ὀνόματος
564 933 653 1012 αὑτοῦ,
676 935 746 992 ὥστε
769 935 839 1008 μήτε
862 932 956 993 ἄδειαν
979 933 1053 1010 ἔχειν
1075 933 1121 992 τὀν
1137 931 1209 991 κατὰ
1223 931 1332 1012 καιροὺς
1348 929 1554 1010 μητροπολίτην
1609 981 1610 1008 ,

260 1055 391 1114 [Ιαλαιιῖιν
417 1055 529 1135 Πατρῶν
559 1057 577 1130 ἡ
607 1057 652 1116 τὺν
680 1055 824 1116 ἐπίσκοπον
848 1055 927 1115 αὑτοῦ
949 1053 1181 1134 Λακεδαιμονίας,
1212 1056 1282 1129 μήτε
1305 1053 1398 1132 ἐτερὺν
1420 1071 1480 1111 τινα
1503 1056 1556 1110 τῶν
1609 1023 1610 1096 Ᾰ

258 1177 287 1236 ἐν
310 1181 343 1256 τῇ,
368 1175 570 1256 Πελοποννήσῳ
593 1179 800 1256 μητροπολιτιῖιν
823 1178 883 1252 μετ’
897 1174 1020 1250 ἐξουσίας
1044 1175 1113 1247 ἰδίας
1135 1174 1182 1236 καί
1206 1174 1360 1245 αὑθεντείας
1381 1171 1555 1255 εἰσέρχεσθον
1609 1179 1610 1204 ³

259 1299 287 1358 ἐν
311 1300 387 1378 αὑτῇ,
411 1298 544 1378 ίερατικὺν
567 1320 591 1358 τι
615 1296 812 1378 διαπράξασθαι
833 1302 852 1372 ἢ
876 1298 988 1358 ἀπατεῖν
1010 1299 1040 1360 τὺ
1063 1297 1176 1358 σύνολον
1200 1297 1351 1375 ἀπἀὑτής,
1382 1295 1461 1356 ἀλλά
1484 1297 1556 1355 καθ-
1609 1279 1610 1298 ί

258 1419 331 1492 ἀπαίς
366 1418 533 1499 εὑρίσκεσθαι
567 1421 629 1492 τοὺς
664 1420 798 1498 τοιοὺτους
832 1419 1067 1499 ἐκκωλυομένους,
1104 1419 1260 1498 ὑμειλοντσς
1294 1419 1377 1493 μόνον
1407 1423 1454 1478 τοὺ
1486 1415 1556 1476 κατὰ
1609 1389 1610 1410 ί

258 1541 366 1620 καιροὺς
392 1547 587 1622 πατριαρχικοῖι
615 1539 733 1623 ἐξάρχου
759 1542 857 1623 κρίνειν
884 1541 931 1602 καὶ
960 1543 1073 1623 θεωρεῖν
1099 1547 1187 1602 πάσαν
1211 1541 1395 1616 ἐμπίπτουσαν
1419 1540 1555 1615 ἐκκλησι-
1609 1557 1610 1600 ι

260 1666 370 1738 αστικὴν
397 1664 518 1724 ὑπόθεσιν
540 1661 587 1724 καὶ
610 1663 730 1744 διορθοῦν
751 1668 835 1724 ταῦτα
857 1669 1008 1736 κανονικῶς
1030 1663 1076 1723 καί
1099 1661 1223 1739 νομίμως
1251 1661 1299 1722 καὶ
1322 1663 1359 1733 ὡς
1382 1661 1462 1741 φίλον
1490 1661 1556 1740 θεῷ.
1609 1651 1610 1696 ³

259 1787 284 1846 οῖ
307 1787 337 1846 δέ
361 1787 451 1846 ἐκεῖσε
473 1787 594 1860 συνήθως
617 1787 800 1866 εὑρισκόμενοι
819 1771 975 1863 ψάλλοντες
996 1785 1078 1864 ἱερεῖς
1097 1786 1236 1865 ὑπάρχωσι
1251 1781 1298 1844 καί
1314 1777 1387 1844 οὑτοι
1402 1785 1442 1856 ὡς
1457 1803 1556 1862 πατρι-

260 1907 368 1988 αρχικοὶ
395 1909 535 1989 ἐλείνθεροι
560 1906 607 1969 καὶ
638 1907 869 1987 ἀκαταθοίιλωτοι,
903 1909 940 1968 ἔτι
968 1907 998 1968 ἀέ
1027 1907 1074 1968 καὶ
1102 1908 1278 1982 ἀναπαίτητοι
1307 1905 1354 1966 καί
1384 1903 1557 1979 ἀνεξέταστοι
1609 1943 1610 1998 γ

259 2032 309 2092 ὑπο
338 2034 445 2092 πάντων
475 2037 528 2090 τῶν
560 2031 588 2090 ἐν
612 2026 668 2116 [τῇ]
691 2031 894 2110 Πελοποννήσῳ
926 2030 1143 2110 μητροπολιτῶν,
1173 2029 1319 2105 ὑπάκηνται
1350 2029 1382 2090 δὲ
1406 2029 1491 2102 μόνον
1513 2025 1558 2087 καίΙ

260 2151 334 2214 αὑτοὶ
360 2159 393 2234 τῇ
415 2155 494 2228 ἡμῶν
522 2154 675 2232 μετριότητι
697 2151 804 2230 καὶτῷ
826 2152 897 2212 κατά
919 2151 1029 2230 καιροὺεΙ
1051 2154 1205 2232 πατριάρχη
1227 2149 1274 2210 καί
1296 2149 1487 2232 πατριαρχικῷ
1512 2148 1559 2222 ἐξ·

260 2279 350 2356 ἀρχῳ,
373 2273 420 2336 καὶ
442 2276 506 2355 παρ’
520 2277 599 2334 αὑτοῦ
622 2275 815 2355 ἀνακρίνωνται
837 2273 884 2334 καὶ
907 2271 1086 2347 ἐξετάζωνται
1108 2273 1232 2349 νομίμως
1250 2273 1297 2333 καί
1312 2279 1476 2344 κανονικιῖς.
1512 2273 1560 2346 τήν
1609 2247 1610 2290 ³

260 2398 291 2458 δὲ
314 2396 469 2473 οἰκονομίαν
491 2395 538 2458 καί
561 2396 692 2474 διοίκησιν
715 2399 821 2457 πάντων
844 2393 909 2482 [τῶν
924 2391 1082 2481 κτημάτων]
1097 2401 1146 2473 τῆς
1160 2396 1283 2471 τοιαύτης
1299 2401 1385 2470 μονῆς
1402 2397 1455 2478 ἔχη
1473 2397 1558 2470 μένος

260 2521 367 2580 ὑκατά
394 2520 503 2600 καιροὺς
525 2519 689 2598 ἡγούμενος,
720 2519 792 2590 ὅστις
813 2516 860 2578 καὶ
884 2516 987 2596 ἀμείλει
1010 2517 1175 2596 ἐκλέγεσθαι
1198 2517 1230 2577 ἐκ
1253 2519 1337 2593 μέσον
1359 2522 1409 2592 τῆς
1431 2515 1558 2594 ἀδελφέ-

259 2664 340 2718 τητος
363 2641 409 2702 καὶ
432 2641 660 2702 ἀποκαθίστασθαι
682 2639 720 2711 εἰς
736 2641 784 2716 τἠν
798 2640 974 2719 ἡγουμενίαν.
1005 2640 1073 2718 προς
1087 2640 1190 2711 τούτοις
1206 2638 1247 2718 δέ,
1270 2639 1315 2698 ὅτε
1331 2638 1413 2719 χρεία
1427 2658 1558 2718 χειροτο-

261 2765 319 2834 νίας
348 2767 493 2842 γενήσεται
521 2764 621 2840 αὑτοῖς,
652 2763 861 2842 προσκαλῶνται
885 2764 933 2822 ἕνα
955 2761 1088 2822 τινὰτῶν
1111 2761 1273 2840 ἀρχιερέων,
1303 2761 1334 2819 ’ἐν
1357 2763 1388 2818 ἂν
1413 2759 1558 2838 ἐθέλωσιν,
1609 2733 1610 2764 ³

260 2886 414 2967 σμροιγίζειν
440 2882 487 2946 καὶ
516 2887 680 2966 χειροτονεῖν
711 2880 887 2962 ἀναγνώστας
916 2881 963 2944 καὶ
993 2881 1185 2954 ὑποδιακόνους
1215 2881 1262 2941 καί
1292 2881 1491 2962 πρεσβυτέρους
1514 2880 1560 2940 καὶ

262 3011 349 3068 πάντα
378 3007 412 3068 τά
444 3007 620 3088 ἀρχιερατικὰ
652 3007 775 3066 ἐκτελεῖν
804 3003 891 3086 χωρὶς
920 3011 970 3081 τῆς
999 3009 1045 3065 τοῦ
1068 3003 1141 3086 ίεροὺ
1164 3004 1304 3084 συνθρθνου
1328 3003 1559 3082 ἐγκαθιὺρὺσεως,

262 3131 381 3207 μηδενὺς
405 3130 608 3205 ἐναντιουμένου
629 3126 691 3208 περὶ
712 3129 805 3190 τούτου
827 3132 845 3202 ἢ
868 3127 1057 3206 ἀντιλέγοντος
1081 3127 1109 3187 ἐν
1134 3125 1216 3207 ἀργίᾳ
1236 3123 1284 3184 καὶ
1307 3124 1459 3205 ἀρορισμῷ.
1499 3127 1560 3184 ὅθεν

261 3251 308 3312 καί
331 3251 371 3324 είς
397 3253 445 3327 τἠν
472 3251 534 3332 περὶ
561 3253 654 3312 τοὺτου
683 3251 803 3326 δήλωσιν
830 3248 877 3312 καί
900 3249 1053 3330 ἀσφάλειαν
1078 3247 1256 3326 ἐγένετοκαὶ
1277 3250 1309 3308 τὺ
1329 3249 1416 3328 ταρὺν
1440 3248 1560 3327 σιγγιλι-

262 3374 334 3446 ῶάες
356 3368 488 3454 γράμμα,
506 3372 552 3432 καί
575 3373 609 3434 ἐπ
600 3373 738 3446 εδόθη
707 3394 741 3454 τη
758 3371 943 3454 διαλειρθείση
960 3377 1030 3454 μονῇ
1050 3377 1099 3452 τῇς
1116 3369 1258 3450 Παναγίας
1274 3391 1325 3445 μου
1339 3374 1386 3432 τοὺ
1402 3368 1496 3429 Φι)
1456 3391 1496 3430 οο
1499 3370 1560 3447 ὁμου

261 3502 295 3576 τῇ
317 3517 397 3576 πιατρ
400 3501 501 3577 αρχικῇ
527 3517 574 3556 και
596 3499 818 3576 τταυροπηγιακῄ
840 3501 867 3566 †.

366 3649 382 3720 †
407 3645 497 3703 'Ev'
484 3663 550 3703 ετει
574 3641 682 3725 ςνσβ’
707 3641 787 3719 μηνί
811 3643 981 3720 αὑγοὺστῳ
1005 3641 1063 3701 ίνδ.
1086 3637 1108 3700 θ’
1133 3645 1159 3716 †.

367 3772 382 3840 †

409 3765 493 3826 nor
471 3785 630 3844 υευκτος,
663 3764 749 3844 ἐλέῳ
772 3763 884 3824 θεοὺ
870 3785 888 3822 α
894 3763 1095 3842 ρχιεπίσκοπ
1102 3760 1559 3836 οςΚιιινσταντινουπὺλεως,

263 3889 353 3960 Νέας
375 3883 516 3967 Ῥώμης,
539 3885 594 3947 καί
619 3883 893 3962 οίκσυμενικος..
875 3887 1084 3966 πατριάρχης
1107 3889 1133 3957 †

366 4015 382 4086 †
406 4008 458 4068 Ἐν
483 4010 549 4068 ἔτει
574 4005 676 4092 1ζρλβ’
699 4006 810 4083 ίουνίῳ
833 4005 911 4082 μηνί
933 4004 992 4066 ίνθ.
1016 4004 1039 4077 ζ’
1063 4011 1089 4080 †.

366 4137 377 4208 ή
417 4130 596 4210 Κὺριλλος,
632 4131 719 4210 ἐλέῳ
752 4131 828 4189 θεοῦ
863 4125 1129 4208 ἀρχιεπίσκοπος
1164 4127 1559 4195 Κωνσταντινουπὺλεως.

264 4256 353 4326 Νέας
376 4255 517 4334 Ῥώμης,
540 4251 596 4313 καὶ
619 4250 856 4326 σίκονμενικὺς
877 4253 1091 4331 πατριάρχης
1113 4253 1140 4324 †.

368 4411 476 4464 Primus
493 4409 576 4464 εάίάίῖ
592 4407 753 4474 Euthymios
769 4405 931 4460 Κοινωνείτω
947 4406 975 4458 in
990 4405 1074 4459 ίιθαοι
1097 4395 1164 4478 Περὶ
1179 4404 1228 4473 τῆς
1245 4395 1273 4456 ἐν
1286 4397 1456 4476 Δημητσάνη
1474 4393 1559 4468 ἑλλη-

262 4514 340 4584 νικῆς
363 4509 470 4585 σχολῆς
496 4505 543 4566 καί
565 4503 627 4586 περὶ
649 4509 702 4564 τῶν
724 4504 890 4582 καθιδρυτῶν
913 4501 960 4562 καί
982 4499 1095 4582 πρώτων
1121 4503 1202 4576 αὑτῆς
1225 4498 1410 4560 διδασκάλων.
1445 4505 1558 4560 Athenis.

267 4620 357 4674 1847.
377 4619 478 4672 Ιίαινιιιι
494 4619 601 4672 Ludov.
620 4617 690 4671 Roas
707 4617 734 4670 τίι
750 4615 970 4687 ephemeridibus,
987 4615 1084 4688 ηιαίθιιε
1101 4613 1211 4666 titulus:
1235 4610 1391 4676 ,Ηαάῖσοίιο
1409 4611 1560 4665 Ιάίειάῖιιτ·

262 4725 397 4796 gaimus,
417 4723 596 4794 1849.1.p.
617 4725 688 4780 811.
