3166 5298
487 555 529 620 X.
555 555 640 619 7140
657 555 780 637 -1632,
805 577 914 620 mense
938 555 1111 638 februario,
1135 556 1201 620 ind.
1226 557 1300 622 XV.

245 738 410 793 Pctriarclea
438 739 553 808 Ομνίίίυιι
576 737 717 808 confirmat
740 741 894 792 erectionem
918 741 1089 810 episcopatus
1113 739 1250 809 Zacynthi
1271 747 1296 794 et
1314 741 1489 810 Ccphcicniae
1511 743 1534 793 ιἰι

436 843 694 913 archiepiscopatum
718 848 743 896 εί
765 843 923 912 condemnat
946 831 1148 913 υσιιιγναίιυινετιι
1167 849 1348 914 protopapce.

347 1048 363 1118 †
392 1043 578 1123 Κύριλλος,
616 1043 702 1124 ἐλέῳ
734 1046 810 1104 θεοῦ
841 1043 1103 1124 ἀρχιεπίσκοπος
1134 1046 1535 1122 Κωνσταντινουπόλεως,

244 1165 333 1238 Νέας
357 1165 498 1246 Ῥώμης,
521 1164 577 1225 καὶ
600 1163 837 1241 οἰκουμενικός
858 1141 1071 1246 πατριάρχης
1093 1170 1117 1242 ή.

347 1287 571 1364 ήἘντιμότατοι
601 1285 730 1368 κληρικοί
752 1281 799 1348 καί
829 1285 1023 1362 εύλαβέστατοι
1056 1288 1138 1368 ἱερεῖς
1160 1288 1207 1349 καὶ
1237 1288 1328 1350 λοιποὶ
1359 1289 1536 1368 εὐλογημένοι

242 1408 392 1490 χριστιανοί
414 1416 463 1486 τῆς
484 1413 644 1490 περιφανοῦς
666 1409 713 1470 καὶ
735 1411 887 1472 θεοσῶστου
911 1409 1047 1490 ἐπαρχίας
1068 1417 1122 1470 τῶν
1145 1413 1235 1486 νήσων
1258 1411 1398 1472 Ζακύνθου
1421 1411 1467 1472 καὶ
1483 1413 1536 1472 Κε-

243 1531 406 1611 φαλληνίας,
429 1531 512 1591 τέκνα
536 1531 564 1591 ἐν
585 1532 670 1611 κυρίην
695 1531 824 1610 ἀγαπητὰ
847 1537 894 1608 τῆς
917 1533 995 1607 ήμῶν
1020 1533 1202 1612 μετριότητος.
1235 1535 1317 1615 χάρις
1340 1533 1394 1609 είη.
1407 1536 1472 1609 ήμῖν
1495 1532 1537 1592 καί

243 1653 335 1734 εέρήνη
363 1651 410 1713 καὶ
438 1654 520 1726 ἔλεος
546 1653 621 1732 παρὰ
649 1655 711 1714 θεοῦ
738 1657 964 1734 παντοκράτορος.
1011 1655 1093 1729 ήμεῖς
1120 1655 1171 1730 μὲν
1199 1655 1329 1726 θέλοντες
1355 1661 1467 1731 τιμῆσαι
1494 1656 1536 1730 τήν

244 1774 378 1856 ἐπαρχίαν
401 1777 508 1856 ταύτην,
533 1775 681 1851 ἐπισκοπὴν
705 1773 785 1836 οὖσαν
801 1778 831 1835 τό
854 1776 993 1856 πρότερον,
1019 1773 1058 1848 είς
1074 1776 1289 1857 ἀρχιεπισκοπὴν
1310 1778 1536 1858 προεβιβάσαμεν,

244 1888 431 1978 ἀποφήναντες
454 1898 498 1958 tc
521 1900 683 1979 γράμματος
705 1902 901 1978 πατριαρχικοῦ
923 1897 970 1958 καὶ
993 1897 1141 1978 ουνοόικοῦ,
1166 1900 1346 1975 ὀνομάζεσθαι
1361 1901 1445 1975 αῦτὴν
1462 1900 1536 1980 ἀρχι-

245 2021 394 2098 επισκοπήν
417 2021 471 2081 ἀπό
493 2024 539 2081 τοῦ
562 2025 606 2080 νῦν
629 2019 676 2080 καὶ
697 2018 736 2092 εἰς
751 2021 781 2080 τό
806 2017 880 2098 ἑξῆς,
903 2019 950 2080 καὶ
965 2021 1010 2080 τόν
1027 2020 1055 2080 ἐν
1073 2021 1140 2102 αῦτῇ
1161 2023 1375 2104 χρηματίσαντα,
1399 2017 1537 2103 ἱερώτατον

244 2141 412 2222 Νικόδημον,
447 2142 493 2201 τόν
524 2142 553 2202 ἐν
585 2143 655 2221 άγίῳ
684 2143 816 2218 πνεύματι
847 2143 988 2221 ἀγαπητόν
1018 2142 1139 2222 ἀδελφόν
1169 2149 1219 2218 τῆς
1248 2144 1327 2218 ήμῶν
1358 2145 1536 2225 μετριότητος,

245 2262 390 2324 καλεῖσθαι
411 2261 458 2324 καὶ
481 2261 613 2341 λέγεσθαι
637 2262 849 2342 ἀρχιεπίσκοπον
871 2263 1010 2323 Ζακύνθου
1032 2261 1079 2321 καὶ
1102 2263 1312 2343 Κεφαλληνίας,
1341 2264 1439 2340 μηδενὶ
1464 2266 1537 2344 ἄλλῳ

245 2385 433 2464 ἀποκείμενον,
465 2384 487 2445 εἰ
518 2387 612 2467 μὴτῄ
642 2385 704 2446 καθ’
717 2387 791 2463 ήμάς
819 2390 865 2445 τοῦ
887 2385 1002 2465 Χριστοῦ
1032 2385 1144 2468 μεγάλῃ
1176 2387 1312 2470 ἐκκλησίᾳ
1334 2385 1382 2448 καί
1408 2388 1448 2467 τῷ·
1474 2388 1538 2447 κατὰ

159 2557 161 2562 .
248 2508 358 2590 καιροὺς
381 2505 560 2586 οίκουμενικῴ
582 2508 747 2590 πατριάρχῃ,
779 2501 810 2566 ού
832 2506 879 2567 καὶ
901 2511 947 2567 τοῦ
970 2507 1102 2583 όνόματος
1126 2508 1270 2587 ἀφείλοντο
1293 2495 1537 2588 μνημονεύειν,ίις

244 2631 386 2692 κανονικόν
406 2650 436 2690 τε
456 2627 504 2690 καὶ
526 2629 639 2710 δίκαιον,
663 2631 756 2706 ήντινα
779 2628 939 2710 προβίβαοιν
958 2633 1003 2690 τοῦ
1026 2630 1119 2710 θρόνου
1143 2629 1222 2690 αύτοῦ
1246 2627 1440 2708 ἀποδεξαμένη
1460 2629 1536 2704 καὶή

244 2753 421 2830 γαληνοτάτη
443 2749 489 2812 καί
515 2755 756 2830 χριστιανικωτάτη
781 2747 853 2832 ἀρχὴ
876 2756 929 2811 τῶν
953 2751 1070 2811 Ἑνετῶν
1100 2751 1286 2829 ἐβεβαιώσατο
1308 2750 1355 2812 καὶ
1379 2753 1536 2834 ἑκυρῶσατο,

244 2867 346 2952 ήνκαὶ
367 2876 450 2952 ἡμεῖς
473 2876 563 2950 μένειν
587 2875 746 2950 βουλόμεθα
770 2873 813 2934 διὰ
829 2876 929 2947 παντός
952 2875 1146 2950 ἀμετάπτωτον
1168 2875 1215 2935 καὶ
1238 2875 1417 2936 ἀδιάσειστον.
1450 2874 1536 2948 ἐπειδὴ

247 2995 288 3070 δέ,
317 2999 355 3069 ὡς
379 2995 518 3072 ἐμάθομεν
542 2994 587 3056 καί
612 2992 800 3072 ἐπιστώθημεν
823 2999 877 3074 νῦν,
905 2996 919 3054 ό
944 2995 972 3055 ἐν
995 2995 1125 3075 Ζακύνθῳ
1151 2997 1340 3076 εὑρισκόμενος
1361 3003 1537 3078 πρωτοπαποῖς

244 3118 318 3200 παρὰ
333 3115 408 3192 τάξιν
432 3117 660 3194 ἐκκλησιαστικήν
675 3117 709 3178 τά
723 3117 762 3197 τῷ
778 3116 901 3198 ἀρχιερεῖ
917 3117 1051 3195 ἀνήκοντα
1072 3120 1222 3198 πράγματα
1242 3121 1448 3198 μετερχόμενος
1464 3119 1537 3178 ἐναν-

245 3241 301 3313 τίος
323 3239 444 3320 φαίνεται
459 3239 498 3318 τῷ
514 3239 742 3320 ίερωτάτῳῦμιῖνν
766 3240 971 3320 ἀρχιεπισκόττῳ
987 3241 1032 3299 σὺν
1054 3241 1152 3312 ἀλλοις
1167 3239 1232 3300 τισὶν
1249 3245 1301 3299 τῶν
1325 3236 1475 3319 ἀρχόντων,
1497 3237 1537 3299 καὶ

246 3360 414 3423 ίόιοποιεῖται
437 3361 470 3420 τά
492 3365 538 3422 τοῦ
561 3361 713 3442 ἀρχιερέως
736 3365 879 3442 προνόμια,
904 3359 1084 3439 διαζευγνύων
1109 3357 1257 3442 ἀνδρόγυνα
1280 3361 1327 3421 καὶ
1352 3363 1459 3434 ἐπιδούς
1483 3363 1533 3422 δια·

244 3484 332 3563 ζύγια,
354 3483 485 3564 παρέχων
502 3483 595 3543 ἀόειαν
610 3484 677 3564 πρός
693 3482 838 3562 εύλόγησιν
854 3483 1025 3543 συνοικεσίων
1040 3483 1087 3542 καί
1104 3483 1253 3562 ἐκφῶνησιν
1269 3483 1427 3564 ἀφορισμοῦ,
1447 3483 1537 3564 κρίνων

244 3605 293 3679 τάς
308 3605 441 3683 τυχούσας
461 3603 691 3681 ἐκκλησιαστικάς
713 3605 823 3688 κρίσεις,
848 3603 940 3684 ἀργῶν
955 3603 1002 3665 καὶ
1018 3602 1150 3684 ἀφορίζων
1174 3604 1339 3683 ίερωμένους
1353 3603 1400 3664 καὶ
1421 3605 1535 3682 λαῖκούς,

245 3727 361 3807 ἀγνοῶν,
386 3727 425 3786 ότι
447 3730 531 3788 ταῦτα
552 3726 639 3787 πάντα
663 3727 705 3786 ὑπ’
719 3726 830 3798 ούδενός
859 3726 947 3787 ἀλλον
976 3725 1133 3786 διοικοῦνται
1156 3725 1202 3786 καὶ
1226 3725 1409 3808 κυβερνῶνται
1432 3730 1449 3801 ἢ
1472 3724 1537 3805 παρὰ

244 3853 290 3910 τοῦ
304 3848 376 3909 κατὰ
391 3849 436 3908 τόν
451 3849 533 3908 τόπον
555 3849 707 3928 ἀρχιερέως
722 3848 793 3908 κατὰ
808 3849 856 3923 τὴν
881 3847 1109 3924 ἐκκλησιαστικήν
1132 3848 1280 3927 παράδοσιν
1296 3853 1342 3907 τοῦ
1356 3849 1405 3922 τὴν
1422 3844 1536 3920 ἐξουσίαν

244 3975 290 4030 τοῦ
304 3970 379 4030 λύειν
395 3969 442 4031 καὶ
458 3971 567 4046 δεσμεῖν
584 3971 707 4048 ἔχοντος,
729 3971 766 4041 ῶς
784 3971 812 4028 ἐν
828 3973 928 4042 πάσαις
944 3972 1001 4042 ταῖς
1019 3972 1176 4047 ἁπανταχοῦ
1194 3969 1346 4050 ἐπαρχίαις,
1363 3971 1431 4048 ὅπερ
1448 3973 1536 4030 άτοπον

244 4093 292 4154 ’καὶ
314 4093 474 4176 παράλογον
496 4094 568 4153 κατὰ
590 4093 651 4164 τούς
675 4093 871 4164 ἀποοτολικοὶνς
894 4093 993 4167 νόμους
1015 4091 1060 4152 καὶ
1083 4091 1229 4172 πατρικοὺς
1251 4093 1379 4171 κανόνας,
1407 4090 1454 4151 καί
1477 4111 1535 4166 αυγ-

243 4217 304 4294 χέει
320 4215 381 4288 τοῦς
401 4214 544 4286 πλείστους
564 4217 620 4285 τοῖς
639 4215 809 4294 παραλόγοις
831 4214 910 4274 αύτοῦ
931 4213 1121 4292 ἐπιχειρήμασι
1138 4211 1184 4273 καί
1204 4213 1348 4273 σκάνδαλα
1366 4210 1492 4293 προξενεῖ
1504 4209 1536 4286 τήν

244 4336 347 4416 γνησίῳ
369 4329 417 4396 καί
439 4335 579 4415 καθολικῷ
603 4338 678 4412 ὑμῶν
702 4337 824 4416 ἀρχιερεῖ
847 4333 885 4407 εἰς
905 4339 935 4394 τό
951 4335 1126 4411 ἐμπιστευθὲν
1143 4333 1214 4413 αύτῷ
1237 4335 1351 4413 λογικόν
1367 4339 1414 4394 τοῦ
1431 4335 1536 4416 Χριστοῦ

245 4459 378 4537 ποίμνιον,
413 4459 447 4518 τά
470 4459 535 4538 ύπέρ
559 4460 606 4534 τήν
638 4457 716 4532 ἀξίαν
739 4457 786 4518 καὶ
817 4457 928 4532 δύναμιν
961 4459 1040 4518 αῦτοῦ
1069 4457 1226 4537 χαρίσματα
1255 4461 1305 4532 τής
1334 4457 1536 4538 ἀρχιερωσύνης,

243 4580 332 4660 ίερεθς
355 4581 402 4660 ῶν,
428 4581 609 4661 μετέρχεσθαι
633 4579 812 4656 βουλόμενος,
837 4573 939 4651 οὗτινος
954 4579 1002 4654 τήν
1027 4579 1137 4638 ἀτοπίαν
1161 4578 1207 4638 καί
1222 4579 1385 4658 προπέτειαν
1408 4576 1535 4660 συστεῖλαι

244 4702 409 4782 βουλόμενοι
430 4700 476 4762 καὶ
496 4702 565 4776 ὑμᾶς
585 4702 792 4782 πληροφορῆσαι
813 4699 861 4776 τήν
881 4699 1040 4781 προβίβαοιν
1060 4705 1106 4760 τοῦ
1126 4701 1221 4782 θρόνου
1243 4699 1321 4762 αύτοῦ
1341 4698 1438 4772 καλιῦς
1458 4717 1535 4778 γεγο-
