3240 5286
241 347 306 419 344

240 547 287 609 καί
310 547 455 610 ἐπίσκοπον
479 547 553 627 ἔχειν
576 544 680 626 όφείλει
702 543 746 608 άεί
768 543 814 608 καί
837 543 1023 629 θιαικητηνῇ
1009 569 1046 618 ως
1072 540 1237 627 εἰρήκαμεν·
1260 541 1419 608 ταθταθέ)
1418 543 1532 623 333333

241 671 453 732 συνετινοεῖσθαι
478 669 526 731 καί
551 674 628 731 τοῦτο
656 670 828 752 βουλόμεθα,
858 671 938 730 ότι”
924 689 975 730 οσα
1001 671 1073 729 κατά
1093 689 1153 728 τινα
1175 667 1330 743 οἰκονομίαν
1354 668 1461 737 ἐντοῖς
1484 668 1532 742 έ-μ

240 795 356 874 προσθεν
378 793 523 873 χρόνοις
512 794 638 871 εγένοντο
661 789 820 872 γράμματα,
844 795 928 851 ταῦτα
949 789 1079 870 φανείσης
1100 791 1154 866 ἤδη
1170 796 1220 866 τῆς
1236 790 1338 866 άλοήθ
1326 811 1356 862 υς
1371 789 1423 848 ἀπε
1426 785 1534 861 δείξεως

241 920 295 974 τῶν
324 917 495 995 γραμμάτων
527 913 681 986 δικαίως
667 917 761 994 αργεῑν
791 912 953 994 ὀφείλουσιν
985 914 1055 972 ὥστε
1083 911 1190 988 μηθένα
1211 917 1264 972 τῶν
1287 912 1395 990 οτηριζσ
1397 912 1485 986 μένων
1507 911 1534 969 ἐν

241 1037 345 1108 τούτοις
369 1034 469 1114 ἰσχύειν
492 1033 532 1108 είς
554 1037 584 1095 τό
608 1031 673 1110 3333
698 1035 879 1095 ἐναντιοῦσθαι
901 1035 956 1110 ἡ
942 1035 1061 1114 ανατρέτ
1045 1053 1102 1094 ..ειν
1122 1033 1197 1105 3333
1210 1033 1260 1111 τὴν
1275 1033 1426 1107 καθολικὴν
1441 1033 1534 1106 ταύτην

240 1156 287 1218 καί
315 1157 430 1234 βεβαίαν
458 1159 602 1234 βασιλικὴν
631 1155 677 1218 καὶ
700 1156 1008 1234 συνοθικίηνθιάγνωσιν
1032 1153 1122 1234 ἐντῷ
1146 1155 1253 1216 ἐθέλειν
1277 1154 1352 1228 αὖθις
1375 1153 1557 1228 ἐξουσιάζων

242 1280 271 1340 ἐν
295 1280 372 1362 αυτῇ.
417 1280 519 1359 όγοῠν
542 1284 625 1340 ταῦτα
647 1280 795 1361 ἀνατρέψαι
818 1279 974 1356 βουληθηοό
961 1299 1069 1357 μενος,
1101 1270 1140 1350 οἷς
1163 1277 1256 1352 οἴομαι
1279 1276 1409 1350 καὶτοὺς
1432 1277 1504 1337 αιλ
1492 1299 1534 1350 33

239 1405 292 1460 τῶν
315 1401 474 1481 ἁγιωτάτων
497 1407 749 1482 33333333333.
722 1401 913 1481 ἀπαραιτήτως
933 1402 1105 1478 συναινέσειν,
1129 1399 1182 1481 άρᾳ
1171 1397 1244 1459 καί
1260 1393 1459 1474 ἀναθέματιῦτ
1451 1399 1533 1459 .-οκεί

240 1543 317 1583 σεται
339 1523 411 1582 κατὰ
432 1525 477 1583 τόν
500 1525 605 1584 κανόνα
626 1524 671 1583 τόν
693 1521 788 1583 οίττωσὶ
812 1521 1019 1603 διαγορεθοντα·
1044 1523 1165 1602 3333.
1147 1521 1221 1602 παρὰ
1243 1529 1296 1580 τῶν
1312 1521 1397 1600 άγίων
1412 1523 1534 1600 πατέρων

242 1645 402 1718 ἐκτεθέντος
429 1645 587 1717 κανόνας
576 1665 605 1705 εν
631 1647 767 1725 γνώσει
757 1643 976 1724 παραβαίνοντας
1002 1643 1110 1722 καὶμὴ
1134 1645 1172 1717 ὡς
1195 1647 1297 1705 ἄνωθεν
1320 1645 1534 1722 κατενεχθέντος

243 1767 330 1839 θείους
352 1767 494 1846 χρησμοὺς
516 1768 545 1827 ἐν
568 1774 633 1850 τιμῇ
656 1764 702 1827 καί
717 1765 879 1850 εὐλαβείᾳ
865 1787 991 1847 εχοντας,
1014 1767 1121 1839 τούτους
1136 1787 1153 1842 τ
1171 1769 1236 1846 αγια
1251 1769 1365 1846 τετάρτη
1381 1765 1428 1826 καί
1445 1785 1533 1826 οικου

239 1889 336 1964 μενικίη
360 1887 472 1961 σθνοόος
496 1887 581 1963 καὶὴ
606 1889 712 1964 ἑβδόμη
736 1887 886 1965 ἀναθέματι
901 1887 1189 1978 καθυποβάλλφυσινιί.
1215 1887 1258 1948 ἐπὶ
1272 1889 1357 1968 τούτῳ
1371 1889 1425 1966 γάρ
1446 1887 1520 1948 καί·
1511 1891 1534 1947 3

238 2013 324 2092 παρόν
355 2015 472 2092 γράμμα
502 2011 687 2084 συνοθικῶς
677 2013 802 2090 εγεγόνει
824 2011 871 2071 καὶ
894 2010 1011 2086 ἐπεδόθη
1034 2017 1068 2092 τῇ
1091 2009 1152 2093 θείᾳ
1174 2009 1220 2071 καί
1243 2011 1372 2092 βασιλκῇ
1397 2016 1469 2091 μονῇ
1491 2015 1534 2070 τοῦ

238 2133 345 2194 Σιναίου
367 2133 481 2214 33333.
467 2153 502 2214 τη
525 2133 559 2193 ἐπ
561 2133 691 2208 ’όνόματι
713 2136 759 2192 τοῦ
782 2134 911 2212 Σωτῆρος
934 2135 1049 2213 Χριστοῦ
1068 2134 1208 2208 τιμωμένη
1224 2131 1325 2213 καὶτῷ
1340 2127 1410 2192 κατὰ
1424 2133 1534 2212 καιροὺς

239 2255 321 2332 αυτῆς
343 2255 367 2315 ἐι
359 2257 482 2335 τισκόπῳ
505 2255 550 2314 σὺν
572 2259 628 2327 τοῖς
651 2255 710 2314 ἐκεῖ
731 2254 897 2334 θεοφιλῶς
886 2255 1095 2328 ενασκουμένοις
1109 2249 1256 2330 τιμίοις
1222 2253 1390 2333 ἀδελφοῖς
1367 2275 1405 2325 εις
1421 2256 1534 2329 μόνιμον

237 2376 284 2436 καί
307 2377 419 2452 θιηνεκη
442 2379 491 2452 την
515 2374 666 2456 ἀσφάλειαν
690 2376 723 2436 έν
747 2377 813 2436 ἔτει
836 2375 940 2458 ,αεπγ’
953 2374 974 2459 Ι)
998 2397 1060 2436 κατ
1066 2377 1083 2436 3
1105 2383 1192 2452 μῆνα
1215 2375 1350 2458 ίοθλιον.

337 2503 353 2576 †
384 2499 564 2578 Ἱερεμίας,
599 2498 687 2578 ἐλέῳ
720 2499 797 2558 θεοῦ
830 2498 1098 2578 άρχιεπίσκοπος
1131 2497 1474 2558 Κωνσταντινουπόλε
1462 2519 1532 2575 ως,

235 2621 325 2692 Νέας
348 2621 489 2699 Ῥώμης,
512 2617 568 2680 καὶ
590 2641 619 2681 οι
624 2639 823 2696 κουμενικος
845 2622 1056 2700 πατριάρχης
1078 2624 1103 2697 †.

335 2746 352 2818 γ
383 2741 553 2822 Ιωακείμ,
589 2741 677 2821 έλεῳ
707 2743 831 2802 θεοῦ..
812 2744 1023 2821 πατριάρχης
1051 2748 1109 2816 τῆς
1137 2741 1290 2821 μεγάλης
1317 2742 1418 2800 θεουτ
1409 2741 1530 2810 ιόλεως

233 2861 437 2942 Αντιοχείας
458 2863 547 2923 καί.
537 2865 644 2940 πάσης
668 2864 895 2938 Ανατολῆςγ.

335 2986 557 3066 ηΓερμανός,
592 2985 1019 3065 ἐλέῳθεοῦπατριάρχης
1045 2985 1257 3062 τῆςάγίας,
1248 2985 1383 3054 ’πόλεως
1408 2985 1528 3064 Ἱεροσ-

232 3105 347 3183 σαλὴμ
367 3105 426 3170 καὶ
447 3110 556 3184 πάσης
580 3107 808 3185 Παλαιστίνης
831 3112 857 3186 3.

336 3234 353 3306 †
376 3229 504 3310 Ἀρχιε.
495 3231 659 3303 πίσκοττος
682 3231 815 3311 Κύπρου
837 3231 1004 3306 Τιμόθεος
1025 3234 1050 3306 3

336 3351 541 3426 ’[Ταπεινος
565 3353 819 3433 μητροπολίτης
842 3353 990 3432 Εφ-έοου
1002 3349 1241 3428 Ἀθαναίσιοςγ.

335 3477 351 3550 †
373 3473 516 3547 Νικαίας
539 3472 712 3554 Κύριλλσς
734 3480 760 3550 3.

334 3595 582 3670 †T3332333v
562 3595 700 3670 υμεὼν
724 3595 907 3667 ἐπίσκοπος
931 3596 1150 3675 1333333333

333 3719 350 3791 3
372 3716 446 3776 Ταπ
452 3718 540 3789 εινός
562 3717 817 3798 μητροποιίτης
841 3717 1044 3798 Ἡρακλείας
1067 3720 1301 3799 1333333333

333 3837 776 3920 †sp333333313333333†.

333 3959 538 4035 ἠΤαπεινός
561 3961 811 4040 μητροπολίτης
834 3961 1066 4039 Νικομηδείσς
1089 3963 1300 4040 Σιοίννιοςτ.

334 4079 853 4163 33133333333033333333333.

333 4201 536 4278 ηΤατιεινός
559 4225 644 4286 μητρ
651 4205 812 4280 οπολίτης
834 4205 1091 4286 Τραπεζοῦντος
1114 4203 1270 4282 Ανθιμος
1293 4211 1317 4284 †.

332 4327 348 4400 θ
372 4325 571 4399 Επίσκοπος
593 4327 721 4399 Λαζίας
744 4327 944 4406 ’.Ανθιμοςη

331 4452 348 4522 ί

371 4447 445 4508 Ταπ
423 4467 541 4520 εινος
564 4469 648 4530 μητρ
653 4449 856 4526 33333333‘*
836 4457 967 4531 ..33333
990 4453 1016 4528 η.

333 4709 353 4774 1)
371 4709 403 4758 In
422 4709 540 4759 editione
559 4709 670 4774 logitnrz
688 4708 782 4779 ,αζιτγ’.
