3246 5288
1328 361 1391 426 399

64 559 259 635 τελουμένου
282 560 313 618 έν
335 558 374 638 τῷ
396 559 509 638 νάρθηκι
539 556 676 638 τρισαγίου
698 557 779 634 λέγει
801 559 817 618 ἀ
838 556 939 637 ίερείις·
973 553 1111 636 ,εὔξασθε
1140 555 1207 636 ίπὲρ
1236 559 1282 616 τοῦ
1312 554 1391 633 ἁγίου

63 681 191 760 ποττρῖις
214 683 296 756 ἡμῶν
318 679 365 740 καί
387 678 454 758 ὑπὲρ
477 683 530 738 τῶν
554 677 639 758 ἁγίων
662 681 786 759 πατέρων
808 679 887 756 ἡμῶν
910 675 957 740 καί
978 677 1149 756 κτητὰρωνίί,
1180 675 1227 736 καὶ
1251 677 1321 754 μετὰ
1342 678 1392 751 τὴν

66 803 287 884 συμπλήρωσιν
311 803 339 861 έν
361 803 418 873 τοῖς
447 799 573 872 κελλίοις
595 801 674 875 ἡμῶν
705 801 822 878 ἀπιέναι,
852 803 942 875 πάσης
973 800 1124 879 ἀφεμένους
1153 799 1338 870 συνελεθοεῶς
1360 817 1390 857 τε

66 922 120 982 καὶ
159 925 288 998 ματαίας
315 921 499 1000 ἀπασχσλίας,
530 920 700 1000 άργσλογίας
722 940 752 980 τε
774 919 822 980 καί
843 922 969 1000 γέλωτος
991 921 1122 998 ἀτάκτου,
1153 920 1197 996 ἀρ’
1214 914 1252 978 ιῖιν
1273 920 1297 978 τί
1320 941 1389 994 συμ-

68 1044 194 1123 βαίνεις
224 1047 256 1104 τ“ο
287 1042 334 1125 καὶ
358 1042 397 1116 είς
420 1041 617 1122 αἰσχρολογίας
648 1041 774 1117 δηλονθτι
796 1044 978 1123 παρεκπεσεῖν
1000 1040 1046 1101 καὶ
1068 1041 1209 1122 λοιδορίας
1231 1039 1278 1102 καὶ
1300 1061 1389 1100 κατα-

67 1165 202 1246 κρίσεις,
225 1167 265 1238 ὡς
289 1165 411 1226 ἐντεῦθεν
433 1167 480 1224 τδν
504 1161 597 1246 ...1)
620 1165 688 1244 πρδς
711 1163 743 1223 δὲ
765 1165 810 1224 τὀν
834 1164 1049 1245 δωδεκαημερον
1070 1171 1125 1223 τῶν
1148 1164 1262 1244 Χριστοῦ
1284 1163 1389 1224 Γέννων

68 1286 124 1346 καὶ
152 1286 209 1362 τὴν
230 1287 417 1362 πεντηκοστὴν
446 1287 563 1352 ἀπασαν,
593 1284 630 1344 έτι
653 1305 687 1362 γε
711 1285 764 1360 μὴν
787 1283 834 1344 καὶ
856 1287 946 1356 πάσας
968 1285 1017 1356 τὰς
1041 1285 1203 1358 δεσποτικὰς
1226 1279 1322 1366 έορτάς
1343 1283 1390 1344 καὶ

69 1407 167 1490 τὰςῖ)
192 1415 247 1468 τῶν
268 1408 379 1470 δώδεκα
402 1408 487 1486 ἁγίων
509 1407 670 1468 ἀποστόλων
693 1405 740 1466 καὶ
763 1409 870 1468 πάντων
892 1413 946 1467 τῶν
970 1407 1103 1485 μεγάλων
1127 1407 1213 1485 ἁγίων
1236 1408 1347 1482 μνήμας
1355 1404 1389 1488 ³),

73 1531 105 1588 ἐν
134 1525 188 1603 αἶς
210 1527 347 1607 εἰώθαμεν
371 1528 520 1609 ἀγρυπνίας
541 1531 637 1608 ποιεῖν,
665 1529 794 1602 ὡσαύτως
816 1527 863 1588 καὶ
884 1530 915 1587 το
938 1529 1059 1605 ψάλλειν
1081 1529 1115 1587 τά
1138 1529 1260 1608 μεσῶρια
1283 1529 1391 1600 ἐντοῖς

72 1651 229 1732 κελλίοις,
260 1651 338 1712 ἀλλὰ
368 1652 430 1712 καθ’
446 1651 517 1728 ὅλην
546 1652 595 1725 τὴν
627 1650 707 1730 ἁγίαν
736 1651 922 1726 πεντηκοστὴν
951 1650 1018 1709 αθτά
1040 1645 1226 1728 ρυλαξῶμεθα
1248 1649 1319 1709 κατὰ
1341 1649 1390 1727 τὴν

71 1769 201 1852 πρώτην
231 1771 376 1849 ἑβδομάδα
402 1773 501 1848 ταίτης
527 1770 574 1832 καὶ
595 1771 644 1846 τὴν
668 1772 798 1850 ἐσχάτην,
828 1778 877 1847 τῆς
901 1771 1107 1848 διακαινησίμου
1128 1772 1159 1830 τέ
1181 1791 1248 1850 ρημι
1270 1770 1317 1830 καὶ
1339 1773 1389 1846 τἠν

75 1899 129 1955 τοῦ
148 1897 233 1972 ἁγίου
247 1895 409 1970 πνεύματος.
440 1895 607 1972 κρουομένου
622 1892 708 1953 τοίνυν
724 1897 770 1953 τοῦ
785 1893 926 1968 συμβόλου
945 1892 1017 1952 κατά
1036 1894 1129 1972 καιρδν
1150 1893 1196 1952 τδν
1217 1894 1390 1972 προσήκοντα

77 2017 253 2094 συνάγεσθαι
284 2014 326 2076 δεῖ
354 2018 458 2088 πάντας
487 2016 516 2074 ἐν
546 2013 584 2094 τῷ
615 2015 728 2094 νάρθηκι
758 2014 872 2075 κάκεῖσε
899 2014 1019 2092 ψάλλειν
1041 2015 1110 2090 ὁμοῦ
1131 2015 1181 2090 τὴν
1202 2013 1293 2094 τρίτην
1315 2015 1388 2095 ῶραν

77 2135 131 2196 καὶ
148 2136 201 2212 τὴν
225 2139 306 2213 ίκιην
331 2135 476 2211 μετὰτῶν
499 2135 649 2216 μεοωρίων.
678 2136 749 2196 κατὰ
774 2137 866 2210 μέντοι
887 2137 937 2211 την
961 2132 1066 2216 ἔναρξιν
1089 2141 1138 2212 τῖγς
1161 2137 1242 2212 ἕκτης
1257 2137 1332 2216 ῶρας
1347 2134 1390 2194 δεῖ

79 2261 175 2318 ποιεῖν
191 2256 366 2337 γονυκλισίαν
382 2256 421 2336 τῷ
436 2263 585 2338 προεστῶτι
599 2259 645 2318 τόν
659 2277 690 2318 τε
706 2257 782 2339 ίερέα
796 2256 844 2317 καί
866 2259 912 2318 τδν
935 2256 1061 2320 διάκονον
1082 2257 1145 2330 τοὺς
1166 2259 1215 2333 τὴν
1239 2257 1389 2338 έρημερίαν

82 2379 210 2457 ἔχοντας
229 2378 277 2440 καὶ
299 2381 344 2438 τδν
366 2379 563 2456 κανδηλὰπτην
586 2379 631 2438 σῦν
655 2379 744 2450 αδτοῖς
766 2378 813 2438 καὶ
835 2378 898 2452 τοῦς
920 2379 971 2454 μὲν
994 2380 1171 2460 συνέρχεσθαι
1194 2377 1234 2451 εἰς
1257 2381 1286 2439 τθ
1310 2381 1387 2458 ἁγιον

84 2501 170 2575 βῖημα
185 2503 348 2576 ποιήσοντας
367 2502 416 2576 τὴν
435 2501 510 2561 θείαν
532 2500 728 2580 προσκομιδην,
751 2501 796 2560 τδν
818 2500 849 2560 δέ
872 2501 1039 2580 ἀπέρχεσθαι
1061 2501 1210 2582 κροῦσοντα
1230 2503 1276 2561 τὸν
1300 2503 1389 2579 μέγαν

83 2629 261 2702 σημαντῆρα.
297 2623 375 2683 ἀλλὰ
397 2629 446 2700 τῖγς
469 2621 520 2696 μὲν
542 2623 632 2704 τρίτης
655 2620 701 2683 καὶ
724 2625 806 2698 έκτης
829 2624 903 2702 ῶρας
926 2623 955 2684 έν
977 2625 1036 2696 ταῖς
1058 2622 1282 2699 ἀπολελυμέναις
1305 2625 1387 2703 ῶραις

83 2748 133 2804 τοῦ
159 2745 281 2804 ἐνιαυτοῦ
303 2739 359 2824 ᾧδε
381 2765 441 2817 πως
465 2745 563 2822 ἐχέτω.
610 2745 706 2824 βητέσν
730 2743 761 2804 δὲ
785 2744 839 2825 ἁρα
861 2744 908 2804 καί
930 2743 991 2824 περὶ
1014 2751 1063 2821 τῆς
1086 2744 1162 2818 θείας
1185 2745 1386 2826 μυσταγωγίας,

84 2867 148 2942 ἥτις
170 2871 347 2946 χρεωστικῶς
370 2866 432 2926 καθ’
446 2864 560 2941 ἑκάστην
584 2865 687 2945 δρειλει
709 2865 858 2944 τελεῖσθαι,
881 2864 954 2940 πλὴν
978 2865 1045 2926 ἀλλ’
1062 2866 1091 2925 έν
1114 2867 1196 2946 ταῦτη
1211 2867 1386 2946 προσεκτέον,

85 2987 216 3067 ἀδελφοί,
247 2988 378 3067 ἀσφαλῶς
408 2989 523 3066 έαυτοῖς,
554 2989 594 3047 ὅτι
616 3007 646 3046 τε
668 2987 729 3046 θεῖα
751 2987 785 3046 τά
808 2987 837 3046 έν
861 2988 927 3068 αῦτη
950 2986 1105 3062 τελούμενα
1127 2985 1174 3046 καί
1188 2979 1318 3067 Ιρρικῶδη
1341 2981 1388 3047 καί

85 3111 128 3170 ὅτι
161 3109 273 3186 μα’λλον
303 3109 357 3170 τῶν
388 3108 486 3170 ἀλλων
515 3110 597 3192 ταύτῃ
627 3111 657 3168 τδ
688 3109 795 3189 ρρικτθν
817 3129 847 3168 τε
870 3106 916 3168 καὶ
939 3108 1081 3189 ὑπέρμεγα
1102 3114 1151 3184 τῆς
1174 3105 1319 3190 δρθσδθξου
1341 3106 1388 3169 καὶ

86 3230 166 3302 θείας
196 3233 275 3306 ἡμῶν
305 3232 420 3304 πίστεως
450 3231 678 3312 τελεσιουργεῖται
705 3233 859 3310 μυστήριον,
889 3231 907 3306 ἡ
937 3232 1061 3306 θειοτάπη
1084 3228 1151 3309 μημὶ
1174 3229 1220 3290 καί
1243 3231 1387 3311 ὑπέρτιμσς

86 3352 260 3434 ίεροῦργησις
274 3357 321 3414 τοῦ
335 3355 527 3432 παναχρὰντου
542 3355 669 3427 σώματος
683 3351 731 3412 καὶ
746 3351 862 3428 αἵματος
877 3356 923 3411 τοῦ
939 3348 1029 3430 κυρίου
1044 3350 1091 3412 καὶ
1111 3352 1174 3411 θεοῦ
1196 3353 1242 3412 καὶ
1266 3359 1387 3434 σωτῆρος

86 3475 169 3550 ἡμῶν
193 3472 283 3550 Ἰησοῦ
306 3475 427 3554 Χριστοῦ.
460 3475 489 3534 ἐν
512 3477 579 3556 αυτῇ
602 3471 658 3555 οὖν,
681 3475 720 3546 ῶς
742 3473 856 3554 εἴρηται,
879 3476 1043 3554 προσεκτέον
1067 3475 1096 3534 έν
1120 3476 1235 3554 ἑαυτοῖς,
1259 3475 1385 3554 ἀδελφοί,

88 3595 212 3678 ἀκριβῶς
242 3598 283 3655 θοι
313 3595 359 3656 καὶ
391 3598 510 3670 μάλιστα
536 3594 583 3656 καὶ
604 3599 692 3657 πάντα
714 3597 850 3675 λογισμδν
873 3596 1018 3672 ζιζανιῶδη
1040 3616 1069 3656 τε
1093 3595 1141 3656 καὶ
1163 3595 1318 3676 ἀκάθαρτον
1340 3595 1387 3656 καὶ

88 3725 139 3792 τῆς
170 3724 281 3798 ρρικτῆς
311 3717 421 3794 ἐκείνης
451 3717 602 3798 ἱερουργίας
632 3713 743 3790 ἀνάξιον
772 3717 816 3796 ἀρ’
832 3718 907 3792 ὑμῶν
939 3716 1101 3778 ἐκδιωκτέον
1124 3717 1171 3778 καί
1192 3717 1269 3778 παντὶ
1297 3719 1387 3798 τρόπῳ

89 3839 202 3910 ἑαυτοὺς
231 3841 382 3920 καθαρτέον
413 3838 459 3900 καὶ
490 3840 557 3900 οθτω
587 3859 617 3899 τε
639 3846 693 3900 τῶν
716 3840 795 3899 θείων
819 3839 996 3917 ἁγιασμάτων
1020 3841 1212 3916 μεταληπτέον
1235 3843 1291 3913 τοῖς
1312 3841 1387 3912 ὅσοις

88 3961 140 4040 ἀρα
160 3959 208 4020 καὶ
227 3960 303 4042 παρὰ
324 3965 371 4020 τοῦ
392 3967 563 4039 προεστῶτος
586 3963 807 4040 συγκεχώρηται·
832 3960 896 4020 οῦδὲ
918 3960 972 4041 γάρ
995 3957 1103 4032 ἐξέσται
1126 3961 1201 4034 ὑμῶν
1223 3981 1273 4021 τινι
1296 3959 1387 4033 ἀδεῶς

88 4083 157 4142 οίιτω
187 4081 235 4142 καὶ
266 4079 394 4163 ἀκρίτως,
425 4083 489 4143 οῦδὲ
514 4082 584 4142 κατὰ
607 4088 696 4142 πᾶσαν
718 4084 824 4162 ἡμέραν
848 4082 1087 4157 μεταλαμβάνειν·
1119 4081 1278 4158 βουλόμεθα
1287 4081 1311 4164 ⁴)
1336 4084 1386 4158 μέν

89 4205 235 4284 γάρτοῦτο
252 4206 326 4282 dub,
342 4209 464 4283 συνεχῶς
480 4206 607 4283 μετέχειν
622 4209 676 4264 τῶν
691 4205 771 4264 θείων
791 4205 968 4282 ἁγιασμάτων
991 4206 1030 4276 ῶς
1052 4210 1173 4282 συνεχῶς
1196 4205 1235 4264 ἔτι
1258 4206 1385 4283 μετέχειν

90 4325 209 4402 καὶτῆς
236 4329 319 4405 ζωῆς,
347 4327 419 4386 καθά
443 4347 505 4406 ρησι
527 4325 574 4386 καὶ
602 4327 681 4398 αθτθς
703 4327 718 4384 δ
741 4327 856 4406 Χριστδς
883 4326 919 4405 ,,δ
945 4327 1058 4406 τρώγων
1081 4345 1132 4402 μου
1154 4323 1202 4400 τὴν
1229 4327 1317 4404 σάρκα
1339 4325 1386 4386 καί

195 4612 216 4678 ¹)
234 4612 319 4662 Deest
341 4612 385 4662 hie
407 4613 435 4662 in
455 4611 546 4662 codice
569 4611 674 4662 folium.
747 4611 766 4673 θ)
786 4608 859 4669 αὐτάς
877 4611 908 4661 E.
980 4611 1001 4674 ³)
1021 4611 1061 4660 καὶ
1079 4607 1175 4661 πάντων
1193 4607 1270 4679 ἁγίων
1290 4611 1385 4680 μνήμας

92 4707 203 4776 μεγάλων
221 4707 252 4758 Ε.
323 4707 344 4774 ⁴)
364 4705 513 4776 ἐβουλόμεθα
532 4707 563 4758 Ε.
