3166 5298
263 355 325 420 124

260 546 397 624 οἰκήματα
420 550 611 629 έμρυτευτικιέ·
636 551 726 628 ἕτερον
748 549 849 629 τίπιον,
873 547 901 607 έν
925 542 947 628 ᾧ
970 547 1134 626 εὑρίσκονται
1155 544 1203 606 καὶ
1224 545 1361 622 οἰκήματα
1377 545 1545 627 ἑταιριέρχου

259 675 306 730 τοῦ
328 670 452 730 Καλίὸου
478 669 525 731 καί
551 677 600 746 τῆς
622 671 745 751 ἀδελφῆς
768 673 847 732 αὺτοῦ
868 678 917 746 τῆς
940 669 1099 750 Φωκαίνης,
1130 669 1195 750 ὑπὲρ
1218 662 1255 728 ὧν
1277 669 1385 728 τελοῦσι
1407 666 1454 728 καί
1475 662 1545 728 οὗτοι

259 793 328 872 πρὸς
356 794 386 852 τὸ
416 795 499 873 μέρος
521 799 570 868 τῆς
598 781 725 873 ρηθείσης
745 793 896 870 σεβασμίας
919 798 1004 872 μονῆς
1025 794 1055 852 τὸ
1079 793 1184 867 ἐτήσιον
1208 789 1377 869 ὲμρῦτευμα·
1403 790 1477 862 ἐντὸς
1500 795 1545 849 τοῦ

235 903 237 908 ’
260 912 402 993 εἰρημένου
428 917 544 995 κάπρου
570 913 760 994 ῦὸρομῦλιυνες
787 913 952 997 θλοκαιρινοί
967 914 1013 996 ·ζ’,
1048 915 1088 994 ἐρ’
1102 907 1142 986 οἷς
1168 913 1215 974 καί
1242 913 1384 994 ἑπορίσατο
1410 913 1440 972 τὸ
1463 914 1545 992 μέρος

259 1039 308 1110 τῆς
324 1035 406 1112 αὐτῆς
421 1035 572 1111 σεβασμίας
588 1043 657 1112 μονῆ
674 1035 735 1108 ςκαὶ
751 1038 822 1096 θείαν
837 1035 884 1097 καί
899 1038 995 1097 σεπτὸν
1011 1035 1228 1116 χρυσέβουλλον·
1248 1037 1340 1114 ἕτερος
1348 1033 1371 1118 1)
1388 1035 1545 1116 ῦὸρομῦλων

260 1153 291 1228 ἐξ
314 1157 461 1238 ἀγορασίας
483 1157 536 1217 ἀπὸ
558 1162 603 1218 τοῦ
618 1159 770 1219 Σιναὸινοῦ·
795 1159 898 1235 ἀμπέλι
922 1158 950 1216 ἐν
972 1157 1164 1239 ιῇτοποθεοίᾳ
1178 1161 1225 1218 τοῦ
1239 1156 1316 1235 ἁγίου
1332 1156 1478 1217 Βασιλείαν
1494 1154 1544 1215 ἀπὸ

259 1275 444 1358 προσενέξεως
460 1275 526 1364 [τοῦ]
543 1279 697 1340 Φιλίππου·
722 1284 812 1360 ἕτερον
829 1279 868 1352 είς
883 1281 927 1340 τὸν
949 1278 1089 1340 Ἐλαιῦνα
1105 1280 1157 1340 ἀπὸ
1174 1277 1359 1358 προσενέξεως
1374 1281 1421 1338 τοῦ
1433 1278 1544 1353 Τζίντζη

259 1398 305 1457 καὶ
320 1393 375 1484 [τὰ]
391 1403 437 1460 τοῦ
453 1401 611 1478 Βογολθγου
637 1405 775 1482 χωροίρια·
810 1399 957 1478 ἑξάμπελα
972 1402 1001 1460 ἐν
1016 1409 1049 1483 τη
1065 1401 1209 1483 τοποθεοίᾳ
1223 1406 1276 1460 τῶν
1292 1400 1414 1460 Δανείων
1431 1398 1460 1473 ἐξ
1476 1401 1544 1478 ἀγο-

259 1521 352 1601 ρασίας
366 1520 413 1580 καὶ
430 1522 481 1581 ἀπὸ
496 1521 681 1603 προσενέξεως
696 1523 816 1601 Μιχαὴλ
830 1527 876 1583 τοῦ
894 1523 1039 1604 Πελαργοῦ
1055 1522 1155 1598 μοὸίων
1170 1521 1208 1581 υ’·
1234 1525 1325 1603 ἕτερον
1340 1524 1479 1602 χωρέριον
1495 1521 1543 1580 ἀπὸ

257 1639 443 1723 προσενέξεως
464 1647 510 1704 τοῦ
525 1643 678 1724 Ἀραβαντᾶ
697 1643 737 1717 εἰς
755 1648 785 1705 τὸ
802 1645 961 1724 Ἀγελίτζην
981 1641 1082 1721 μοὸίων
1099 1643 1145 1717 ις’·
1169 1651 1206 1724 γῆ
1227 1646 1279 1704 ἀπὸ
1299 1634 1487 1724 προσενέξεως
1501 1640 1545 1702 καί

258 1759 344 1849 [ἐξ]
331 1763 477 1844 αγορασίας
500 1763 539 1836 εἰς
557 1767 603 1824 τὸν
617 1768 698 1826 τόπον
713 1773 761 1843 τῆς
777 1767 883 1846 Μελιρ
871 1767 929 1839 οίας
943 1767 1060 1844 πλησίον
1074 1773 1124 1843 τῆς
1138 1773 1192 1845 γῆς
1207 1773 1260 1826 τῶν
1276 1765 1477 1841 Κουβουκλέων
1494 1787 1543 1840 μο-

260 1883 433 1959 ὸίωνσξ’·έ
433 1889 499 1968 τέαρ
520 1893 557 1966 γῆ
582 1887 621 1961 είς
642 1891 809 1963 τὴνΚὸσιαν
829 1888 946 1964 πλησίον
969 1895 1018 1964 τῆς
1039 1895 1093 1966 γος
1108 1909 1155 1948 του
1171 1888 1317 1968 Πελαρνου
1332 1908 1379 1947 και
1394 1909 1441 1948 του
1427 1887 1543 1961 ὸτμσ

259 2011 352 2068 σιακοῦ
371 2009 480 2089 ουνέρου
502 2009 547 2069 σὺν
568 2017 602 2093 τῇ
625 2011 677 2070 ἀπὸ
699 2015 783 2070 τοῦ
760 2009 847 2090 Ξιρέοι
862 2010 1069 2091 μοὸίωνριί·’
1058 2013 1188 2090 ετέραγῆ
1205 2007 1439 2090 θιοιπεριέριστος
1430 2009 1543 2084 πλησίον

258 2135 308 2206 τῆς
329 2134 382 2209 γῆς
403 2135 456 2190 τῶν
473 2131 682 2206 Κσυβουκλείων
703 2133 750 2193 καὶ
771 2139 821 2210 τῆς
842 2140 895 2212 γῆς
917 2155 963 2194 του
948 2134 1018 2192 Πε
1020 2136 1058 2194 λοι
1060 2138 1125 2212 ργοῦ
1148 2131 1271 2214 μοὸίων
1274 2131 1329 2191 ου’
1354 2133 1434 2211 ἑτέρα
1453 2129 1544 2210 γῆείς

259 2252 289 2311 τὸ
312 2249 459 2325 Λειβοίδιον
482 2253 583 2328 μοὸίων
605 2253 630 2313 σ’
655 2254 718 2314 οίνευ
740 2262 789 2330 τῆς
813 2255 902 2314 ἐκεῖσε
925 2261 978 2333 γῆς
999 2258 1046 2314 τοῦ
1068 2255 1189 2334 Δραγίη,
1220 2253 1249 2313 ἐν
1271 2249 1290 2335 ᾖ
1313 2252 1479 2332 εὑρίσκονται
1502 2250 1543 2312 καί

259 2373 409 2449 μυλοτθπια
432 2374 488 2454 ὸθο,
512 2368 602 2454 έρόἰς
625 2376 766 2457 έπορίσατο
788 2377 859 2436 κατὰ
882 2377 965 2456 μέρος
979 2377 1010 2435 τὸ
1026 2378 1110 2455 μέρος
1124 2381 1172 2452 τῆς
1187 2376 1311 2451 τοιαύτης
1326 2373 1477 2448 σεβασμίας
1493 2394 1543 2450 μο-

258 2499 308 2571 νῆς
330 2496 402 2556 θεῖον
424 2495 470 2555 καὶ
493 2498 589 2556 σεπτὸν
611 2498 833 2578 χρυσίβουλλον·
858 2500 986 2576 μετὸχιον
1008 2501 1160 2574 τιμώμενον
1180 2495 1220 2570 εἰς
1235 2497 1321 2574 ὄνομα
1335 2499 1381 2558 τοῦ
1395 2496 1487 2576 κυρίου
1501 2493 1543 2556 καί
1579 2497 1580 2526 ³

259 2618 322 2676 θεοῦ
343 2614 390 2677 καὶ
412 2623 532 2700 σωτῆρος
553 2619 632 2694 ἡμῶν
649 2619 739 2694 Ἰησοῦ
753 2621 869 2700 Χριστοῦ
892 2619 1109 2696 ἐπικεκλημένοι
1132 2623 1177 2680 τοῦ
1194 2619 1383 2700 Γαστελέγκου
1406 2619 1477 2696 μετὰ
1498 2625 1543 2693 τῆς

257 2745 390 2820 περιοχῆς
419 2737 465 2798 καὶ
495 2747 581 2816 νομῆς
608 2743 686 2801 αὺτοῦ
712 2739 758 2800 καί
785 2748 837 2800 τῶν
866 2743 910 2801 σὸν
935 2741 1005 2821 αὐτῷ
1027 2743 1267 2820 προσκαθημένων,
1305 2736 1380 2821 ἑρίἷμ
1404 2741 1542 2820 ἐπορίοατο

258 2859 305 2920 καί
327 2861 357 2920 τὸ
379 2862 463 2941 μέρος
484 2867 534 2937 τῆς
555 2863 678 2940 τοιαύτης
701 2864 850 2939 σεβασμίας
873 2871 960 2940 μονῆς
981 2863 1028 2923 καί
1050 2865 1123 2924 θεῖον
1145 2863 1191 2924 καί
1214 2865 1309 2923 σεπτὸν
1324 2862 1540 2943 χρυσόβουλλον·

256 2981 317 3063 περὶ
344 2985 374 3044 τὸ
404 2983 467 3044 αθτὸ
494 2985 621 3063 μετέχιον
654 2992 716 3063 γῆν,
750 2988 843 3060 ἥντινα
872 2983 1011 3070 ἑκροὶτειῖ)
1038 2987 1168 3066 πρότερον
1196 2987 1211 3044 ὸ
1237 2986 1327 3064 μέγας
1353 2985 1505 3062 λογοθέτης
1529 2984 1541 3040 ὸ
1578 3033 1579 3068 ³

257 3106 413 3184 Μετοχίτης
441 3106 545 3178 ἐκεῖνος
571 3105 619 3168 καὶ
646 3107 727 3184 ἐὸόθη
755 3109 822 3188 πρὸς
848 3109 879 3168 τὸ
907 3109 989 3187 μέρος
1011 3113 1060 3183 τῆς
1081 3109 1206 3182 τοιαύτης
1229 3113 1315 3183 μονῆς
1337 3105 1383 3165 διὰ
1405 3107 1477 3166 θείου
1499 3103 1540 3166 καί
1578 3079 1579 3094 ἶ

257 3231 354 3288 οεπτοῦ
382 3227 601 3309 χρυσοβοίιλλου·
632 3230 661 3289 ἐν
683 3235 716 3312 τῇ
739 3231 882 3313 τοποθεσίᾳ
909 3237 959 3308 τῆς
981 3227 1205 3311 Στραοτριβίτζας
1230 3229 1345 3305 πλησίον
1368 3233 1422 3289 τοῦ
1436 3231 1539 3308 σννὸρου

256 3352 303 3408 τοῦ
331 3347 468 3430 χωραρίου
497 3353 543 3411 τοῦ
565 3351 804 3433 Κραβασμοῦντου,
838 3360 888 3429 τῆς
917 3353 980 3413 θὸοῦ
1009 3359 1059 3430 τῆς
1082 3350 1266 3432 ἐξερχομένης
1289 3351 1341 3412 ἀπὸ
1362 3356 1408 3412 τοῦ
1428 3355 1539 3431 κτίστρου

257 3471 365 3551 Σερριῦν
394 3473 441 3531 καί
468 3473 624 3551 ἀπαγοῦοης
652 3471 691 3546 είς
713 3475 758 3534 τὸν
780 3478 913 3535 κοίπεοτον
936 3481 984 3550 τῆς
1006 3481 1060 3552 γῆς
1081 3479 1126 3534 τοῦ
1148 3475 1282 3554 Λοίσκαρη
1306 3473 1352 3534 καὶ
1375 3477 1421 3534 τοῦ
1445 3475 1537 3554 ρῦακος

257 3591 359 3668 μοὸίων
381 3595 604 3674 τετρακισχιλίων
625 3597 820 3676 τετρακοσίων·
844 3597 924 3675 ἑτέρα
946 3602 982 3675 γῆ
1006 3593 1045 3666 είς
1067 3597 1116 3672 τὴν
1132 3596 1229 3675 Ἰθέοιν,
1252 3598 1345 3671 ἥντινα
1361 3591 1437 3674 εἶχεν
1453 3597 1467 3656 ὸ
1484 3643 1490 3656 .
1507 3639 1534 3653 ..

258 3715 381 3790 οίμπελον
405 3715 506 3791 μοὸίων
520 3713 546 3776 κ’
568 3720 587 3791 ἢ
609 3715 836 3801 χεροοίμπελονῧ)
861 3718 961 3793 μοὸίων
978 3717 1015 3790 ς’·
1041 3715 1197 3794 ἑξοίμπελον
1213 3717 1314 3793 μοδίων
1331 3715 1379 3777 ιδ’·
1403 3716 1536 3798 προβολὴν

257 3837 444 3912 μακελλικήν·
466 3841 603 3918 χωράφιον
626 3839 728 3914 μοὸίων
752 3835 777 3900 ι’·
801 3843 891 3921 ἕτερον
914 3838 1015 3916 μοὸίων
1037 3839 1076 3919 γ’·
1098 3835 1338 3924 [προσκαθήμενοι]
1362 3835 1534 3919 Μαρθοῖοςέ

255 3957 379 4036 χαλκεὸς
408 3960 423 4017 θ
453 3961 657 4040 Πεπλεγμένος
681 3963 740 4037 ἤτοι
770 3963 992 4044 ὸἈνατολικές,
1024 3963 1082 4039 ἔχει
1116 3963 1214 4020 Ἄνναν
1243 3960 1463 4041 γυναικαὸέλρην
1491 3957 1533 4034 τὴν

256 4080 407 4160 Ποταμίαν,
431 4083 639 4162 σθγγαμβρον
627 4087 669 4144 εντ’
684 4085 800 4167 αῦτη..
819 4085 918 4163 ,μὺρη
942 4085 1092 4144 ἐνοικιακὸν
1106 4105 1122 4142 τ
1124 4084 1189 4155 έλος
1203 4083 1356 4158 νομίσματα
1372 4081 1406 4144 ιδ’
1423 4083 1532 4159 μιλλια-

256 4205 413 4282 ρήσια...
437 4204 533 4276 ὸυὶὸς
555 4205 694 4285 Τισουροις
717 4206 778 4284 ἔχει
800 4207 905 4286 μητέρα
928 4205 1086 4284 Θεοὸώρωραν,
1115 4203 1234 4266 οἰκιακὸν
1257 4206 1395 4277 τέλος..
1412 4203 1532 4277 ,εἰςτὸ

254 4324 355 4403 χωρίον
383 4327 428 4384 τὸν
453 4327 579 4386 Πάνακτον
609 4327 661 4386 ἀπὸ
688 4333 740 4386 τιῦν
764 4329 907 4406 Κυνηγων,
934 4331 1008 4406 χήρα
1034 4330 1052 4402 ἡ
1079 4332 1125 4386 τοῦ
1148 4329 1289 4408 Μερζοίνη,
1318 4329 1377 4404 ἔχει
1399 4327 1469 4397 υίους
1492 4317 1532 4384 καὶ

255 4448 405 4528 θυγατέρας
427 4447 472 4508 καὶ
495 4449 615 4529 Τεριλαν
643 4451 777 4529 θυγατέρα
799 4449 979 4530 Ζομπρίτζοιν,
1009 4450 1135 4529 γαμβρὸν
1158 4451 1201 4509 ἐπ’
1214 4453 1280 4532 αῦτη
1304 4449 1427 4528 Βλάχον,
1458 4449 1530 4512 τέλος

360 4709 378 4776 ¹)
397 4707 484 4776 ἐτέρων
503 4711 523 4760 Ι.
594 4711 613 4776 ²)
631 4707 716 4778 ἐκροίτη
734 4711 755 4762 1.
825 4711 846 4770 ³)
864 4708 1036 4779 χρυσέμπελον
1055 4711 1075 4762 1.
