3194 5298
1286 384 1345 450 157

41 579 162 661 λόγον’)
199 577 354 660 βιώσεωςί)
385 576 432 637 καί
462 582 619 652 σωματικῆς
651 576 831 650 δαπανήσεως
865 575 913 635 καὶ
946 577 1205 658 προσταλαιπωρίας
1239 575 1347 652 ἁπάσης

42 700 213 776 ἑνηθληκὼς
240 699 288 761 καί
315 701 418 781 σφόδρα
441 696 675 781 ἐκτετηγμένοςύ)
702 699 732 757 ού
754 697 792 777 τῷ
815 701 889 782 γήρᾳ
911 698 1022 774 μᾶλλον
1045 702 1062 772 ἣ
1085 701 1141 772 τοῖς
1163 719 1196 776 γε
1219 700 1346 772 τοιούτοις

39 824 142 900 τόνοις,
170 824 213 882 ἔτι
236 825 399 898 θαυμαστῶς
423 821 536 897 ἐμμένει
558 819 605 879 καί
628 821 800 900 διακαρτερεῖ
821 821 869 895 τὴν
886 819 916 894 ἐξ
933 823 1021 902 ἀρχῆς
1036 821 1135 896 ἀκλινῆ
1151 815 1274 900 γνώμην,
1300 821 1347 882 καὶ

39 949 130 1023 ῶσπερ
156 951 207 1004 νῦν
231 945 342 1021 μᾶλλον
365 945 544 1022 ἐπειγόμενος
566 942 613 1002 καὶ
636 941 792 1014 σπουδάζων
816 943 903 1018 δῆλός
926 943 1005 1022 ἐστιν,
1029 943 1095 1003 ἀλλ’
1109 945 1160 1020 οίιχ
1182 945 1220 1014 ῶς
1242 946 1276 1002 ἂν
1290 941 1345 1018 ἤδη

38 1071 151 1126 τοοοῦτο
187 1067 339 1148 προλαβὼν
366 1065 413 1126 καί
440 1064 610 1148 καταστόιςί)
639 1065 691 1140 ἤδη
715 1087 774 1138 πως
797 1065 928 1144 ἀσφαλῶς
936 1065 960 1148 ⁵)
986 1068 1014 1126 ἐν
1038 1067 1128 1142 λιμένι
1150 1065 1197 1126 καί
1219 1066 1344 1148 γαλήνη·

26 1176 142 1262 ἀμέλει
178 1188 227 1249 καί
257 1196 307 1265 τῆς
332 1188 393 1269 περὶ
420 1191 451 1248 τό
475 1189 577 1268 ἀγαθόν
600 1189 730 1265 τοσαύτης
754 1187 840 1260 ἕξεως
863 1187 909 1248 καί
933 1187 1034 1268 σφόδρα
1055 1190 1098 1248 ὑπ’
1111 1189 1218 1268 ἀμνροῖν,
1247 1192 1294 1248 τοῦ
1317 1209 1346 1248 τε

40 1313 204 1386 πανσέμνου
230 1311 308 1372 τοῦδε
335 1313 439 1392 γόρως,
470 1313 509 1382 ώς
532 1309 644 1390 εἴρηται,
671 1309 719 1370 καί
741 1317 794 1370 τῶν
816 1312 949 1371 τοσούτων
972 1314 1102 1386 καμάτων
1125 1308 1172 1370 καί
1194 1311 1346 1386 ἀσκητικῶν

39 1433 167 1513 ἱδρώτων
191 1436 223 1494 τό
246 1441 325 1509 σῶμα
347 1435 621 1512 κατακαμπτόμενος,
650 1434 699 1492 ούκ
721 1433 806 1492 ἔπειθ’
819 1434 896 1507 ὅμως
918 1436 1069 1508 κάμπτεται
1077 1431 1101 1513 6)
1123 1433 1172 1508 τὴν
1194 1432 1347 1508 καλλίστην

40 1555 141 1631 ταύτην
172 1559 298 1636 γνώμην,
322 1556 386 1615 ούδὲ
408 1555 489 1638 χαλᾷ
511 1556 582 1616 κατὰ
605 1555 693 1636 βραχύ
716 1554 762 1614 καί
784 1561 837 1614 τῶν
860 1557 943 1615 τόνων
967 1557 1016 1616 ούκ
1039 1553 1187 1635 ἐνδίδωσιν,
1219 1556 1282 1616 ούδὲ
1304 1575 1346 1616 νι-

41 1683 123 1738 κάται
154 1681 189 1738 τδ
218 1681 352 1758 φρόνημα,
388 1674 465 1738 ἀλλά
495 1681 524 1738 τό
555 1679 605 1753 μὲν
629 1683 709 1753 σῶμα
730 1679 841 1754 ἥττηται
863 1679 929 1758 ἤδη,
963 1677 1011 1738 καί
1038 1685 1111 1738 νῶτα
1134 1677 1228 1738 δίδωσί
1249 1698 1279 1737 τε
1301 1676 1348 1737 καί

41 1801 176 1879 τρέπεται
208 1799 251 1860 ἐπί
281 1800 414 1860 τοσούτων
443 1807 497 1860 τῶν
527 1801 722 1880 προλαβόντων
752 1798 800 1860 καί
825 1802 915 1860 πόνων
944 1798 991 1860 καί
1021 1804 1137 1881 χρόνων,
1172 1803 1188 1860 ό
1213 1799 1348 1880 λογισμὸς

44 1923 73 1980 δέ
106 1923 247 1997 ἀήττητος
276 1923 358 2002 κόρον
389 1925 437 1982 ούκ
467 1923 542 2000 ἔχειν
573 1921 679 1981 ούδέπω
709 1928 762 1982 τῶν
792 1921 889 1982 καλῶν
919 1919 998 2002 ἀξιοῖ,
1033 1915 1077 1982 οἷα
1106 1923 1140 1997 δὴ
1170 1922 1213 1982 ἐπὶ
1240 1921 1348 1982 πάντων

43 2043 181 2124 γίγνεται,
216 2043 263 2104 καί
292 2047 374 2120 μόνον
400 2033 445 2104 τόν
475 2042 518 2104 ἐπί
544 2045 646 2115 τούτοις
675 2045 735 2124 ἔρον
763 2044 935 2120 ἀδαπάνητόν
962 2044 1061 2105 τεκαὶ
1084 2048 1252 2106 παντάπασιν
1275 2045 1348 2106 ἀκοί-

45 2170 132 2238 ματόν
161 2188 193 2228 τε
219 2167 267 2226 καὶ
294 2168 486 2248 ἀνεπίστρορον
514 2165 598 2227 οἴεται
626 2167 683 2226 δεῖν
710 2162 789 2228 είναι.
831 2169 905 2228 ταῦτ’
921 2168 974 2248 ἀρα
999 2164 1046 2226 καί
1073 2169 1202 2244 τοσαύτην
1230 2165 1276 2228 καί
1304 2165 1348 2227 ἐπὶ

47 2291 185 2362 τοσούτοις
214 2291 269 2365 ἤδη
300 2293 357 2362 τοῖς
386 2291 456 2351 ἔτεσι
488 2287 695 2365 συλλεξάμενος
716 2291 765 2365 τὴν
787 2293 980 2372 πνευματικήν,
1015 2293 1054 2362 ῶς
1077 2291 1152 2372 ἔφην,
1183 2292 1348 2353 κατάστασιν

48 2411 93 2470 καί
119 2413 300 2495 προειληφώς
327 2413 395 2474 ούτω
421 2415 490 2474 πάνυ
516 2434 556 2474 τοι
582 2415 674 2493 πόρρω
701 2412 748 2472 καί
776 2415 967 2494 καταπεράνας
994 2409 1024 2472 εὖ
1055 2413 1133 2488 μάλα
1158 2413 1349 2492 τελεσιουργόν

49 2539 92 2594 τοῦ
123 2535 186 2609 βίου
215 2537 264 2610 τὴν
292 2537 419 2616 πρόθεσιν
449 2535 582 2616 ἀσφαλῶς
609 2555 639 2594 τε
666 2533 713 2594 καί
741 2541 868 2615 γενικῶς,
899 2538 937 2607 ῶς
964 2534 1011 2596 καί
1038 2541 1084 2596 τού
1111 2536 1170 2611 βίου
1196 2536 1274 2596 τούδε
1303 2535 1350 2596 καί

50 2663 97 2732 τῆς
127 2659 240 2736 Ιἰιιίιηλῆς
269 2656 380 2735 ταυτησί
408 2657 533 2728 παιδείας
563 2657 740 2738 παράδειγμα
769 2656 816 2716 καί
842 2659 923 2729 τύπος
955 2658 1077 2736 ἔμζίωχος
1107 2660 1275 2740 περιπολεῖν,
1310 2662 1349 2732 ώς

51 2779 164 2856 ἀληθῶς
193 2780 224 2840 δὲ
252 2779 298 2840 καί
322 2777 391 2840 είναι
412 2780 459 2840 καί
481 2784 537 2853 τοῖς
558 2781 677 2852 πολλοῖς
699 2781 861 2859 ἀντειλῆφθαι
883 2783 932 2840 ούκ
954 2781 1048 2863 ἀγαπᾷ
1070 2786 1116 2841 τού
1139 2783 1245 2844 λοιπού.
1279 2783 1295 2840 δ
1318 2783 1349 2841 δὲ

52 2900 218 2975 διαπαντός
242 2903 272 2962 ἐν
294 2906 351 2976 τοῖς
373 2904 463 2976 αὺτοῖς
486 2905 555 2982 ἔχει,
579 2902 626 2962 καί
649 2905 739 2982 ῶσπερ
763 2903 788 2962 σί
808 2901 921 2975 πλείους
943 2901 990 2962 καί
1013 2903 1138 2977 βελτίους
1161 2903 1211 2978 μὲν
1235 2900 1279 2963 σύν
1294 2909 1348 2963 τῶν

54 3021 192 3108 εἰσαγωγῇ
215 3027 369 3106 χρωμένων
391 3029 436 3085 νῶν
459 3021 527 3084 εἶναι
551 3026 584 3100 δὴ
608 3025 654 3085 καί
677 3025 744 3103 χθὲς
766 3024 813 3084 καί
834 3023 994 3107 πρότριταῖ)
1018 3024 1065 3084 καί
1089 3028 1167 3097 αθτδς
1190 3024 1233 3085 ἀεὶ
1256 3046 1348 3107 παρα-

53 3151 223 3227 σκευάζεται,
251 3147 297 3208 καὶ
325 3149 413 3210 έοικεν
437 3151 527 3226 ῶσπερ
550 3149 744 3228 ἀγωνιζομένῳ
767 3146 813 3208 καί
836 3146 935 3207 δεδιότι
957 3145 1005 3206 καί
1026 3149 1209 3228 προσδραμεῖν
1217 3145 1240 3230 s)
1264 3169 1349 3208 σπου-

55 3267 168 3351 δάζοντι,
191 3273 468 3348 καταγιμναζόμενος
489 3272 535 3330 τόν
558 3273 664 3330 ἅπαντα
685 3273 783 3351 χρόνον
805 3269 852 3330 καί
873 3271 1050 3351 κατατρύχων
1066 3271 1213 3352 ἀπέραντα,
1236 3274 1349 3348 κάμνων

56 3393 82 3449 ιδ
111 3401 194 3469 σῶμα
221 3395 313 3464 πόνοις
335 3393 487 3465 ἀνενδότοις
510 3393 623 3464 ἀσιτίαις
645 3414 674 3452 τε
696 3392 743 3452 καὶ
766 3389 924 3474 ἀγρυπνίαις
945 3391 992 3452 καί
1015 3395 1125 3453 στάσεσι
1148 3395 1281 3466 συντόνοις
1302 3393 1349 3454 καί

56 3511 100 3573 τίνι
122 3522 178 3576 τῶν
206 3513 365 3590 εἰθισμένων
387 3514 434 3576 καὶ
456 3516 614 3576 καλλίστων
638 3517 752 3594 ἀγώνων
776 3515 820 3596 σύγ
849 3514 896 3575 καί
919 3516 1041 3591 νομίμως
1050 3518 1084 3598 9),
1115 3516 1226 3592 μᾶλλον
1250 3516 1350 3578 δὲκαὶ

56 3636 138 3699 πλέον
161 3642 181 3712 ἢ
203 3640 274 3710 τέως
296 3637 433 3714 νομίζεται
455 3641 512 3711 τοῖς
533 3640 631 3710 καλῶς
653 3639 801 3718 ἠργμένοις
823 3638 871 3698 καί
893 3637 956 3719 περὶ
977 3641 1023 3700 τόν
1045 3641 1226 3714 πνευματικόν
1250 3639 1350 3720 δρόμον

59 3759 220 3834 ἀκμάζουσιν
243 3762 322 3833 αύτδς
345 3761 383 3821 ἔτι
405 3781 448 3820 πω
471 3760 517 3820 καί
540 3767 585 3821 νῦν
609 3761 652 3820 έπί
675 3763 806 3821 τοσούτων
821 3769 874 3822 τῶν
892 3763 959 3822 ἑτῶν
975 3763 1211 3838 κατατεινόμενος.
1234 3761 1351 3838 καὶμὴν

59 3883 99 3942 καί
125 3881 221 3944 τᾶλλα
243 3884 314 3942 κατά
336 3886 365 3943 τό
388 3881 455 3961 ἦθος
479 3886 585 3944 ἅπαντα
606 3889 652 3944 τού
674 3885 823 3960 θαυμασίου
845 3884 923 3945 τούδε
946 3886 1075 3960 ποιμένος
1098 3885 1232 3962 ἀναλογεῖ
1252 3905 1282 3944 τε
1304 3883 1351 3943 καί

61 4007 195 4082 αιμβαίνει
217 4007 284 4087 πρδς
306 4009 388 4066 ταῦτά
411 4005 502 4065 τεκαὶ
522 4009 589 4086 πρός
606 4007 732 4087 ἄλληλα,
755 4002 810 4066 οἷον
826 4009 843 4082 ἡ
860 4014 908 4083 τῆς
925 4008 1034 4102 ἀγάπης
1049 4009 1116 4087 πρδς
1132 4008 1252 4078 ἅπαντας
1268 4007 1350 4067 ἐλευ-

61 4127 186 4209 θεριότης,
210 4130 241 4188 τό
264 4129 398 4208 ἀόργητον
418 4127 564 4204 θαυμάσιον
585 4121 651 4208 οίον,
674 4130 705 4188 τδ
720 4129 866 4210 ρίλοικτσν,
890 4131 972 4205 ἡτῆς
988 4133 1077 4206 ψυχῆς
1092 4127 1213 4208 γαλήνη,
1236 4130 1267 4188 τό
1282 4113 1351 4204 μητε

62 4247 199 4329 λογισμοῖς
222 4253 291 4326 μήτε
314 4252 411 4329 λόγοις
434 4253 498 4326 μήτ’
507 4250 609 4310 οίεσθαι
633 4254 702 4326 μήτε
724 4251 818 4329 λέγειν
841 4250 903 4332 περὶ
925 4253 1010 4311 ότισῶν
1025 4252 1145 4331 ρλαύρον
1162 4251 1251 4324 ούδέν,
1274 4251 1352 4311 ἀλλά

63 4374 115 4452 περὶ
136 4377 244 4434 πάντων
267 4372 313 4432 καί
337 4373 483 4445 βούλεσθαι
505 4371 551 4432 καί
575 4373 666 4433 δοκεῖν
689 4373 735 4434 καί
758 4373 852 4452 λέγειν
875 4376 953 4434 πάντ’
966 4375 1066 4454 ἀγαθά,
1092 4373 1124 4432 ἐκ
1146 4379 1199 4432 τῶν
1216 4372 1284 4433 οἴκοι
1299 4375 1351 4450 θη-

159 4567 179 4632 ¹)
200 4563 260 4615 κατόι
278 4559 320 4614 τδν
339 4556 360 4614 θ’.
379 4561 403 4613 λ,
423 4563 520 4614 desunt
537 4565 569 4614 R.
589 4566 616 4614 Z.
689 4565 710 4630 ²)
729 4563 808 4630 βιαίας
826 4567 857 4616 Β.
930 4563 950 4632 ³)
970 4583 1035 4631 σωμ,
1048 4564 1104 4616 δαπ.
1123 4564 1162 4613 καὶ
1182 4557 1240 4631 πρδς
1260 4559 1352 4612 ἅπαντα

65 4661 126 4712 τόνον
148 4663 189 4713 καί
212 4657 305 4730 μόχθον
329 4659 423 4727 σφόδρα
446 4662 474 4710 Z.
499 4658 538 4708 καί
556 4656 615 4727 πράς
643 4660 682 4709 καὶ
700 4662 731 4712 R.
804 4663 825 4728 ⁴)
843 4664 991 4724 καταστῆναι
1009 4662 1037 4712 Ζ,
1056 4662 1088 4710 R.
1160 4661 1181 4726 5)
1201 4657 1308 4725 ἀσφαλεῖ
1323 4660 1351 4708 Ζ.

66 4755 82 4820 ⁸)
98 4757 212 4827 πέμπεται
231 4759 260 4806 Ζ.
333 4753 416 4826 ί)ιτρίι
435 4754 514 4825 τρίτης
533 4755 564 4806 R.
636 4757 657 4822 Ι)
675 4756 762 4824 προσδ.
780 4757 812 4806 R.
831 4757 859 4808 Z.
878 4758 908 4808 Β,
980 4751 999 4824 ⁹)
1018 4755 1130 4824 νομίμων
1149 4755 1189 4805 Pl.
1209 4755 1238 4805 B.
