3240 5286
245 349 309 415 282

246 545 428 626 ἀνθρωπίνως,
460 545 503 604 ἵνα
526 546 659 619 σωθῶμεν
681 546 762 620 ἡμεῖς
784 581 827 590 -
850 539 927 618 οὗτος
949 546 1034 604 τοίνυν
1057 546 1161 626 κλῆρον
1184 548 1248 622 ἡμῖν
1273 547 1422 624 ἐπαφῆκεν,
1450 544 1538 604 είπων.

246 664 376 747 ,,είρήνην
405 667 453 742 τήν
485 665 554 741 ἐμὴν
585 665 684 742 δίδωμι
714 667 785 748 ὑμῖν,
816 665 924 748 εἰρήνην
947 668 995 743 τήν
1020 667 1088 742 ἐμὴν
1112 667 1208 746 ἀφίημι
1230 668 1323 744 ῦμῑνίί.
1369 667 1468 744 ἀλλ’ή
1490 673 1539 726 τῶν

246 787 299 848 ἀπό
314 789 428 868 Χριστοῦ
450 788 630 864 καλουμένων
654 789 784 868 ἀμέλεια,
807 787 855 848 καί
874 809 952 849 τινων
968 794 1021 848 τῶν
1036 787 1075 869 τῷ
1091 787 1151 868 ἰδίῳ
1166 789 1343 866 στοιχοῦντων
1359 789 1497 865 θελήματι
1512 785 1540 860 ἐξ

245 908 523 990 ῦπερηφανείας,καὶ
546 911 560 968 ό
582 913 628 969 τοῦ
652 906 804 970 ἀποστάτου
827 909 908 970 σατάν
932 910 1028 990 φθόνος
1050 907 1098 970 καί
1119 911 1217 986 ταύτην
1239 911 1288 986 τήν
1304 907 1414 990 εἰρήνην
1429 912 1540 988 συνέχεε

244 1031 291 1092 καί
314 1031 488 1112 ἀνέστρεψεν,
510 1029 556 1090 καί
579 1031 609 1090 τό
633 1036 713 1106 σῶμα
734 1036 783 1106 τῆς
807 1031 958 1108 ἐκκλησίας
980 1033 1011 1091 τό
1027 1032 1123 1104 καλῶς
1138 1032 1280 1108 ἡνωμένον
1295 1037 1391 1104 κακῶς
1408 1033 1540 1111 ἐμέρισεν,

245 1147 283 1213 ών
305 1157 359 1213 τῶν
378 1153 426 1228 τήν
443 1151 552 1233 εἰρήνην
568 1152 792 1232 ἀναστρεψάντων
809 1153 914 1214 ἔνδικον
929 1153 960 1213 τδ
975 1152 1070 1234 κρίμα,
1093 1151 1140 1212 καὶ
1155 1154 1173 1226 ή
1190 1151 1251 1226 δίκη
1268 1153 1317 1213 οῦκ
1333 1151 1501 1227 ἐπινυστάξει
1509 1155 1540 1232 1),

246 1273 343 1349 ἀλλ’ή
372 1274 510 1350 καθολικὴ
540 1275 667 1349 σύμπασα
697 1280 747 1350 τῆς
779 1274 918 1350 ἀνατολῆς
949 1273 1086 1351 ἐκκλησία
1116 1273 1244 1350 οὐδεμίαν
1277 1270 1364 1335 αἰτίαν
1386 1275 1541 1336 σκανδάλου

246 1393 363 1475 δέδωκε,
392 1399 460 1467 τοῖς·
478 1395 553 1476 παρὰ
578 1401 632 1456 τῶν
656 1395 741 1475 ἁγίων
764 1395 926 1458 ἀποστόλων
949 1394 996 1456 καὶ
1017 1401 1072 1456 τῶν
1095 1395 1288 1472 οἰκουμενικῶν
1310 1397 1431 1458 συνόδων
1452 1415 1540 1478 παρα-

246 1517 404 1593 δεδομέναις
428 1517 580 1594 ἐμμείνασα
601 1515 648 1577 καὶ
672 1517 838 1596 ἐμμένουσα,
861 1515 908 1578 καὶ
931 1517 1018 1595 μηδέν
1042 1517 1117 1592 όλως
1140 1521 1347 1596 μεταποιήσασα
1368 1522 1387 1594 ή
1410 1539 1540 1599 παραχα-

246 1635 361 1720 ράξασα,
391 1640 440 1715 τήν
462 1659 492 1698 τε
515 1637 583 1699 αἰδῶ
605 1639 773 1719 φυλάττουσα
795 1637 842 1699 καί
864 1641 944 1716 τιμὴν
967 1639 1015 1716 τήν
1039 1638 1079 1713 είς
1101 1641 1162 1712 τοῦς
1184 1641 1330 1722 θεοφόρους
1352 1642 1476 1722 πατέρας
1497 1639 1541 1701 καὶ

245 1759 307 1832 τοῦς
337 1761 449 1834 σεπτοὶις
476 1759 644 1834 ἀποστόλους
671 1760 718 1821 καί
745 1763 776 1821 τδ
803 1761 910 1822 τέλειον
932 1761 979 1822 καί
1002 1761 1153 1835 ἀνελλιπὲς
1176 1767 1224 1838 τῆς
1245 1760 1361 1834 πίστεως
1383 1767 1433 1840 τῆς
1455 1763 1484 1822 ἐν
1506 1759 1541 1838 τῷ

246 1879 316 1962 ἁγίῳ
346 1882 478 1962 συμβόλῳ
508 1881 660 1957 βλέπουσα.
711 1885 772 1944 ὅθεν
805 1885 861 1944 ἔδει
890 1884 952 1956 τοῦς
982 1885 1035 1944 ἀπό
1058 1885 1173 1965 Χριστοῦ
1201 1884 1390 1960 καλουμένους
1420 1881 1466 1944 καί
1495 1890 1542 1959 τής

247 2003 327 2082 ἁγίας
348 2003 457 2084 τριάδος
477 2004 664 2085 προσκυνητάς
686 2003 733 2064 καὶ
756 2006 835 2065 αῦτοῦ
854 2007 900 2064 τοῦ
916 2009 1028 2086 σταυροῦ
1044 2008 1115 2081 μήτε
1131 2007 1218 2081 μισεῖν
1232 2007 1317 2086 ήμὰς,
1340 2007 1411 2081 μήτε
1427 2001 1541 2082 διώκειν,

247 2123 324 2185 ἀλλά
351 2123 399 2185 καὶ
429 2125 538 2204 ἀγαπᾶν
568 2125 615 2186 καί
644 2126 678 2186 τά
702 2127 801 2186 δυνατὰ
823 2127 942 2207 βοηθεῖν,
973 2125 1020 2187 καὶ
1043 2128 1163 2203 μάλιστα
1187 2127 1216 2187 έν
1238 2129 1350 2206 τοιοῦτῳ
1372 2125 1469 2208 καιρῷ,
1500 2129 1542 2186 ότε

248 2246 316 2328 ίιπέρ
338 2251 388 2322 τῆς
410 2247 526 2320 πίστεως
549 2250 632 2326 αθτῆς
654 2246 701 2308 καὶ
723 2252 769 2308 τοῦ
792 2249 925 2324 ἀνόματος
946 2253 993 2309 τοῦ
1013 2250 1137 2332 Χριστοῦ,
1161 2249 1235 2322 ὅπως
1258 2249 1297 2338 μή
1321 2245 1469 2330 ἐξαλειφθῇ
1493 2249 1542 2308 ἀπό

246 2372 299 2428 τῶν
323 2374 413 2450 μερῶν
436 2370 545 2449 τούτων,
569 2369 768 2450 ἀγωνιζόμεθα,
791 2369 839 2432 καὶ
860 2371 923 2432 καθ’
938 2372 1053 2447 ἑκάστην
1077 2369 1242 2452 μαρτυρικὴν
1265 2371 1382 2446 ἀνῦομεν
1403 2369 1477 2450 όδόν,
1499 2369 1544 2430 καί

246 2487 342 2569 λόγοις
364 2489 411 2550 καὶ
439 2491 529 2571 ἔργοις
551 2492 619 2572 πρός
640 2491 702 2564 τοῦς
725 2493 754 2552 οῦ
778 2490 948 2570 δεχομένους
968 2493 1018 2566 τήν
1042 2487 1186 2572 ἀρθόδοξον
1208 2492 1294 2551 πίστιν
1316 2493 1347 2551 τδ
1369 2461 1474 2568 ἀληθές
1496 2497 1542 2568 τῆς
1605 2559 1606 2564 1

246 2609 362 2685 πίστεως
378 2612 603 2688 ἀποδεικνῦομεν·
622 2611 752 2686 ἐδόξασεν
767 2613 822 2694 γάρ
836 2614 888 2693 πρδ
905 2612 999 2692 όλίγου
1014 2614 1062 2689 τἠν
1077 2615 1214 2694 ἡμετέραν
1231 2609 1375 2692 όρθόδοξον
1394 2609 1500 2698 [πίστιν]
1509 2611 1541 2690 ²),

247 2733 293 2794 καὶ
315 2735 363 2809 τὴν
387 2731 498 2810 δῦναμιν
521 2735 605 2810 αῦτής
628 2732 731 2808 ἔδειξεν
755 2735 955 2814 ἀριδηλοτάιην
979 2735 1013 2794 δι’
1026 2735 1105 2811 ήμῶν
1127 2740 1180 2794 τῶν
1204 2734 1378 2816 ἁμαρτωλῶν
1401 2734 1416 2794 ό
1437 2735 1541 2795 πάντων

247 2853 413 2936 δημιουργός
434 2849 482 2916 καί
505 2856 636 2931 βασιλεῦς
658 2858 730 2936 θεός,
754 2855 801 2916 καί
825 2857 896 2916 ἀποιν
919 2857 1001 2934 γένος
1015 2857 1183 2936 Χριστιανῶν
1198 2855 1252 2916 ἀπδ
1267 2855 1411 2916 ἀνατολῶν
1419 2853 1445 2938 ³)
1462 2857 1541 2934 μέχρι
1604 2873 1605 2920 1

247 2975 354 3053 δυσμῶν
377 2971 490 3053 ἐτιμήθη
513 2975 560 3037 καὶ
584 2977 738 3054 ἐβεβαιώθη
761 2983 794 3059 τῇ
817 2977 912 3039 πίστει.
943 2974 990 3036 καί
1012 2971 1097 3056 οἶμαι,
1121 2979 1160 3049 ὡς
1182 2975 1246 3037 οῦδέ
1269 2971 1310 3062 [ή]
1334 2976 1453 3058 ὑμετέρα
1474 2977 1542 3054 ὑψη-
1604 2939 1605 2955 ἰ

246 3097 349 3174 λοτάτη
381 3098 504 3160 αῦθεντία
536 3099 702 3175 ἀνήκουστος
724 3101 840 3178 γέγονεν
862 3097 916 3158 τών
938 3098 1074 3160 τοιοῦτων.
1120 3095 1143 3157 εἰ
1167 3098 1199 3158 δέ
1220 3117 1255 3176 γε
1277 3094 1325 3157 καί
1347 3100 1479 3176 χρήματα
1501 3097 1541 3157 δι-

248 3219 339 3281 δόασιν
371 3219 395 3281 οί
418 3219 573 3300 Χριστιανοὶ
602 3221 669 3302 ὑπὲρ
698 3227 748 3298 τῆς
778 3223 932 3292 συστάσεως
961 3226 1010 3298 τῆς
1042 3217 1203 3300 ἐκκλησίας,
1237 3219 1267 3279 οῦ
1294 3219 1380 3298 ψόγου
1402 3223 1479 3280 τοῦτο
1500 3217 1542 3278 καί

246 3340 413 3422 κατηγορίας
444 3340 513 3402 ἐστίν
545 3339 630 3421 ἀξιον,
665 3341 732 3402 ἁλλ’
751 3339 868 3402 ἐπαίνων
898 3339 945 3402 καὶ
975 3337 1163 3422 ἐγκωμίωνέ),
1199 3339 1364 3421 μαρτυρικὴν
1391 3340 1447 3422 γάρ
1476 3361 1541 3420 προ-

247 3461 348 3543 αίρεσιν
378 3461 425 3522 καί
451 3459 564 3542 γνώμην
587 3463 651 3523 αῦτδ
673 3467 750 3524 τοῦτο
771 3463 899 3546 παριστᾷ·
923 3461 971 3522 καί
994 3461 1019 3524 οί
1042 3465 1184 3542 μάρτυρες,
1214 3461 1276 3536 ίν’ή
1299 3458 1385 3534 πίστις
1408 3461 1541 3542 φυλαχθῇ,
1602 3515 1603 3520 ,

247 3583 320 3656 ζωάς
349 3581 396 3644 καὶ
426 3583 530 3660 αἵματα
559 3583 727 3664 προεδίδουν,
762 3583 788 3644 οἱ
814 3585 846 3644 δέ
873 3605 906 3663 γε
930 3581 1083 3664 Χριστιανοὶ
1105 3587 1150 3642 νῦν
1178 3580 1235 3642 ἀντὶ
1265 3580 1387 3658 αἱμάτων
1414 3585 1541 3664 χρήματα
1602 3599 1603 3623 ι

248 3703 377 3785 διδόασιν,
407 3705 471 3779 ίν’ή
501 3705 587 3778 πίστις
609 3703 761 3784 φυλαχθείη
784 3703 831 3765 καὶ
854 3707 1000 3784 συνάγηται
1023 3703 1063 3777 εἰς
1085 3703 1142 3764 ἰσον
1167 3703 1294 3776 ἐκείνοις·
1325 3704 1418 3784 ῶσπερ
1441 3701 1540 3779 δήκαὶ

247 3829 277 3888 τδ
293 3828 343 3887 ῦπδ
359 3827 453 3907 έτέραν
470 3825 590 3905 ἐχόντων
605 3825 690 3886 πίστιν
706 3821 840 3907 ἄρχεσθαι
854 3827 939 3905 ήμὰς,
961 3823 1008 3885 καί
1024 3825 1194 3905 ἀρχομένους
1209 3823 1388 3902 ἀγωνίζεσθαι
1404 3823 1542 3903 φυλάττειν

247 3951 295 4025 τὴν
325 3945 470 4030 όρθόδοξον
500 3948 587 4008 πίστιν
617 3945 664 4008 καί
692 3949 741 4024 τήν
772 3947 921 4023 ἐκκλησίαν
951 3944 998 4006 καὶ
1027 3946 1078 4018 τάς
1105 3943 1303 4026 παραδόσειςί)
1329 3949 1383 4004 τῶν
1407 3947 1540 4026 θεοφόρων

246 4072 370 4151 πατέρων
393 4065 544 4146 ἀμειώτους
566 4069 613 4130 καί
636 4070 862 4148 ἀμεταποιήτους,
885 4065 932 4129 καί
955 4068 1213 4146 ἀνακεκαλυμμένῳ
1229 4069 1365 4148 προσώπῳ
1381 4063 1540 4146 φυλλοίττειν

247 4192 294 4253 καὶ
320 4193 459 4272 κηρύττειν
487 4193 535 4268 τἠν
565 4191 709 4272 ἀλήθειαν,
740 4189 787 4252 καὶ
809 4191 870 4262 τοῦς
892 4189 1001 4262 πιστοῦς
1024 4189 1162 4268 βεβαιοῦν,
1194 4187 1301 4268 συνιοτᾷ
1322 4188 1398 4262 ήμὰς
1420 4193 1454 4270 τῇ
1477 4208 1541 4268 προ-
1600 4247 1601 4289 ,

249 4315 324 4376 θέσει
346 4312 393 4375 καί
415 4311 579 4375 καταστάσει
601 4319 655 4374 τῶν
678 4310 838 4373 ἀποστόλων
860 4309 908 4372 καί
929 4317 982 4370 τῶν
999 4310 1135 4388 διαδόχων
1152 4307 1274 4387 ἐκείνων,
1298 4309 1325 4369 οἰ
1343 4307 1451 4384 μηδένα
1467 4309 1540 4382 βασι-

353 4596 653 4667 1)ἐπιιηστοίξειιιιεοτ.τ
676 4599 781 4650 emend.
805 4598 854 4648 Th.
927 4597 948 4663 ²)
967 4595 1047 4647 πίστιν
1070 4597 1146 4647 deest
1169 4597 1197 4646 in
1221 4611 1311 4646 σταται
1336 4595 1474 4661 supplevit
1494 4593 1536 4644 Τίι.
1599 4539 1600 4623 ἰ

248 4697 268 4765 ⁸)
282 4683 416 4750 άνατωλῶν
426 4711 503 4748 ωεστ.
575 4696 595 4759 ⁴)
610 4692 730 4763 ἐγκώμιον
740 4709 830 4744 μεσπι
843 4693 948 4744 emend.
960 4693 1009 4744 Th.
1080 4693 1101 4757 ⁵)
1112 4689 1265 4758 παραδώσεις
1278 4706 1369 4740 πίεσαι
1380 4691 1485 4741 emend.
1494 4689 1535 4738 Th.
