3486 5282
313 345 378 410 220

313 539 360 600 καὶ
382 541 528 620 γεραρούς·
551 540 600 616 τὴν
622 539 677 620 γὰρ
699 545 753 599 τῶν
774 538 1008 614 ἐκκλησιαστικῶν
1022 540 1191 618 πραγμάτων
1205 538 1367 620 προστασίαν
1382 540 1438 611 τοῖς
1454 538 1618 610 ἐπισκόποις

313 662 498 743 ἐπιτρέπουσιν
521 661 545 720 οί
568 661 634 742 ἱεροί
657 663 736 738 νόμοι
757 633 806 720 καί
827 661 951 739 κανόνες,
973 660 1019 719 τόν
1038 663 1085 720 τοῦ
1100 661 1162 720 θεοῦ
1177 661 1260 738 νόμον
1275 661 1445 742 προτίθεσθαι
1460 659 1614 720 διακελευ-

313 787 416 863 όμενοι,
438 785 492 864 ἵνα,
516 783 589 863 εἴγε
610 783 724 864 δέοιντο,
747 781 794 843 καὶ
817 781 891 843 αὐτοὶ
914 781 1172 863 μεταλαμβάνωσιν,
1195 784 1225 842 δν
1247 784 1345 865 τρόπον
1359 785 1374 842 ό
1389 782 1437 860 λη’
1453 789 1506 843 τῶν
1522 782 1616 860 ἀγίων

314 907 472 967 ἀποστόλων
496 907 587 966 κανῶν
609 903 656 966 καί
679 908 694 966 ό
716 903 758 966 κε’
782 911 831 982 τῆς
854 906 883 966 ἐν
900 905 1052 988 Ἀντιοχείᾳ
1074 905 1148 986 ίεράς
1168 906 1279 966 συνόδου
1293 903 1340 966 καὶ
1355 906 1373 980 ἡ
1391 906 1420 965 ἐν
1435 903 1615 984 Χαλκηδόνι,

312 1031 343 1088 οῦ
366 1030 420 1104 μὴν
443 1027 588 1088 ἀλλὰκαὶ
610 1033 659 1106 τῆς
682 1029 711 1088 ἐν
734 1028 836 1112 Νικαίᾳ
858 1029 872 1086 ό
894 1049 926 1088 τε
949 1026 983 1088 ια’
1007 1026 1054 1088 καί
1077 1029 1092 1087 δ
1116 1027 1151 1102 ιβ’
1174 1025 1221 1088 καί
1245 1027 1273 1086 ἐν
1289 1028 1409 1109 Ἀγκῦρᾳ
1430 1028 1445 1085 ό
1469 1026 1501 1086 ιε’
1522 1025 1614 1087 καὶό

312 1149 358 1226 μθ’
385 1157 435 1226 της
462 1151 491 1210 ἐν
514 1149 651 1231 Τροῦλλῳ
677 1149 725 1211 καί
748 1149 832 1210 ἄλλοι
853 1150 987 1230 πλεῖστοι,
1018 1153 1074 1210 όαοι
1097 1147 1188 1210 σεπτοὶ
1210 1151 1289 1224 νόμοι
1310 1147 1357 1210 καὶ
1378 1152 1494 1220 κανόνες
1512 1117 1615 1229 σαφῶς

312 1271 447 1350 φαίνονται
476 1273 525 1348 τὴν
551 1278 605 1334 τῶν
631 1273 712 1353 ἱερῶν
740 1271 924 1352 μονασσηρίων
952 1269 1074 1345 ἐξουσίαν
1101 1277 1157 1345 τοῖς
1188 1272 1343 1344 ἐπισκόποις
1374 1271 1504 1352 διδόντες,
1536 1273 1614 1332 ὥστε

312 1394 536 1470 μεταλαμβάνειν
560 1395 611 1470 μὲν
632 1393 679 1454 καί
703 1395 798 1467 αῦτοθς
819 1399 873 1454 τῶν
896 1393 1023 1473 θεόντων,
1048 1393 1075 1454 εί
1086 1414 1120 1474 γε
1144 1394 1246 1454 δέοιντο
1262 1391 1301 1466 είς
1315 1394 1365 1466 τάς
1381 1395 1484 1454 ἑαυτῶν
1499 1395 1614 1476 χρείας,

311 1516 360 1591 τἠν
383 1515 415 1576 δέ
436 1514 497 1596 περὶ
520 1517 613 1576 ἐκεῖνα
636 1517 798 1592 ἐπιμέλειαν
821 1516 950 1596 μεγίστην
973 1537 1003 1576 τε
1026 1514 1073 1575 καὶ
1095 1518 1133 1586 ῶς
1156 1517 1218 1576 θεοῦ
1234 1515 1384 1596 ἐφορῶντος
1397 1517 1541 1598 ποιεῖσθαι,
1567 1517 1615 1577 ἵνα

312 1639 525 1719 προστατεῦωσιν
548 1639 635 1698 αὐτῶν
657 1638 704 1698 καί
728 1636 887 1714 οἰκονόμους
906 1635 953 1698 καί
975 1639 1133 1720 ἐπιτρόπους
1148 1637 1195 1698 καὶ
1210 1639 1379 1717 ἡγουμένους
1394 1638 1615 1700 ἀπσκαθιστῶσιν

313 1760 341 1820 ἐν
365 1761 464 1840 αὺτοῖς,
491 1760 588 1833 καλῶς
609 1758 671 1842 περί
693 1766 742 1838 τῆς
764 1756 906 1836 αὐξήσεως
927 1758 975 1819 καί
997 1757 1171 1836 βελτιώσεως
1193 1761 1291 1820 τοθτων
1316 1761 1535 1841 ἐπιμελούμενοι,
1564 1761 1613 1821 ἵνα

312 1883 351 1958 μὴ
375 1883 409 1942 δι’
420 1883 555 1958 ἀμέλειαν
580 1883 670 1961 ἔνοχοι
693 1884 826 1961 γένωνται
848 1885 904 1954 τοῖς
928 1883 1035 1943 ἐκτῶν
1058 1883 1149 1958 νόμων
1173 1877 1323 1957 ἐπιτιμίοις.
1363 1883 1388 1942 σί
1411 1881 1442 1943 δέ
1458 1880 1612 1963 οἰκονόμοι,

310 2006 457 2084 ἡγούμενοί
479 2026 509 2064 τε
531 2004 578 2065 καί
602 2005 740 2086 ἐπίτροποι
763 2005 925 2081 διαμένωσιν
948 2006 998 2065 ῦπδ
1020 2005 1069 2080 τὴν
1085 2001 1207 2078 ἐξουσίαν
1223 2011 1276 2065 τῶν
1293 2005 1458 2088 ἐπισκόπων,
1480 2007 1527 2066 καὶ
1542 2006 1613 2085 δίχα

311 2133 360 2203 τῆς
389 2126 483 2199 ἀδείας
511 2129 597 2187 αθτῶν
625 2130 694 2203 μήτε
721 2128 837 2208 πολῶσι,
868 2129 1099 2208 μητ’ἀγοράζωσι
1123 2129 1340 2207 μοναστηριακόν
1361 2149 1386 2188 τι
1408 2133 1510 2210 κτῆμα,
1538 2129 1610 2189 ἀλλ’

313 2245 474 2323 οίκονομῶσι
497 2249 594 2320 καλῶς
615 2251 681 2329 πρός
704 2250 753 2324 τὴν
777 2249 889 2309 ἐκείνων
912 2250 1025 2328 όδηγίαν
1048 2247 1095 2309 καί
1118 2249 1222 2329 ἄδειαν,
1247 2250 1321 2322 ὅπως
1343 2249 1382 2326 μὴ
1397 2247 1445 2309 καὶ
1461 2251 1544 2330 οώτοί,
1569 2253 1612 2324 ῶς

312 2371 508 2450 ᾀνατρέποντες
534 2371 595 2443 τοὺς
624 2371 865 2447 ἐκκλησιαστικοὺς
890 2373 998 2444 τούτους
1024 2373 1101 2461 ὅρους
1127 2370 1174 2432 καὶ
1200 2375 1328 2452 κανόνας,
1355 2373 1515 2454 βαρυτάτοις
1536 2374 1609 2433 ὑπο-

312 2493 413 2552 πέσωσι
435 2495 491 2564 τοῖς
514 2491 656 2568 ἐπιτιμίοις
677 2492 724 2552 καὶ
746 2493 900 2574 τιμωρίαις.
946 2499 1029 2555 τοιῦτα
1051 2493 1101 2570 μέν
1124 2492 1170 2554 οὖν
1193 2494 1219 2554 οί
1240 2495 1307 2554 θεῖοι
1329 2495 1407 2570 νόμοι
1425 2489 1612 2575 ἀποφαίνοντα

311 2611 373 2694 περὶ
395 2619 449 2672 τῶν
473 2613 551 2694 ἱερῶν
575 2614 774 2694 μονασσηρίων·
798 2615 896 2676 τούτων
921 2616 951 2676 δὲ
973 2611 1008 2675 τά
1030 2614 1080 2690 μὲν
1102 2617 1158 2686 τοῖς
1180 2615 1251 2676 κατὰ
1266 2617 1347 2678 τόπον
1364 2616 1611 2697 ἐπιτετραμμένοις

312 2735 441 2816 ένοριακά
455 2741 504 2813 τῆς
519 2713 707 2816 προσηκούσης
722 2739 925 2819 ἀρχιερατικῆς,
949 2741 987 2811 ῶς
1003 2737 1084 2820 είκός,
1110 2739 1153 2799 ἐπ’
1162 2736 1273 2814 αθξησει
1288 2741 1416 2819 τυγχάνει
1432 2739 1608 2820 ἐπιμελείας,

311 2859 382 2933 μόνα
406 2857 437 2918 δὲ
459 2857 493 2917 τά
514 2863 548 2939 τῇ
571 2865 792 2943 σταυροπηγιακῇ
816 2857 880 2944 ἀξίᾳ
901 2861 1078 2940 τετιμημένα,
1109 2859 1159 2920 οθκ
1180 2859 1295 2937 οἴδαμεν
1318 2862 1402 2944 ὅπως,
1423 2863 1477 2943 πρδ
1498 2865 1608 2944 χρόνων

309 2980 424 3040 πολλῶν
450 2981 654 3062 παρημέληται.
699 2979 747 3042 καὶ
774 2980 846 3062 δέον,
877 2984 915 3055 ώς
941 2984 1004 3042 θεοῦ
1034 2981 1193 3063 ἐφορῶντος,
1224 2982 1382 3044 διοικεῖσθαι
1408 2983 1477 3044 αθτά
1502 2982 1550 3044 καὶ
1575 2985 1609 3045 ἐκ

310 3103 410 3175 παντός
440 3103 538 3183 τρόπον
566 3103 727 3179 ἐπιμελείας
748 3109 797 3180 τῆς
819 3103 957 3184 ἀναλόγου
980 3101 1126 3184 ἀξιοῦσθαι,
1158 3105 1231 3176 ὅπως
1253 3111 1306 3165 τῶν
1330 3105 1359 3164 ἐν
1382 3105 1471 3178 αὐτοῖς
1494 3105 1608 3184 ἀγαθῶν

309 3225 344 3285 τά
366 3223 417 3301 μὲν
439 3225 594 3306 ὑπάρχοντα
616 3226 741 3310 διαμένῃ,
763 3231 933 3308 περιποιῆσαι
956 3226 987 3287 δέ
1008 3227 1043 3286 τά
1056 3228 1299 3308 προσγενησόμενα
1314 3228 1354 3302 ἀν,
1378 3233 1431 3287 τῶν
1448 3227 1480 3289 δέ
1495 3229 1607 3307 φαώλων

309 3343 343 3408 τά
365 3347 416 3423 μὲν
438 3349 572 3427 προσόντα
596 3347 838 3426 ἀποδιοπομπῆται,
862 3349 897 3408 τά
918 3348 950 3408 δέ
973 3347 1166 3425 συμβησόμενα
1189 3352 1221 3408 ἂν
1237 3348 1450 3411 διακωλθωνται.
1481 3352 1608 3428 τοιαῦτην

310 3467 356 3531 οθν
378 3469 451 3529 κατὰ
473 3471 571 3545 νόμους
592 3470 641 3546 πἠν
664 3469 730 3550 ὑπὲρ
755 3473 840 3530 αὐτῶν
856 3473 1050 3532 ἁπάντωντῶν
1066 3475 1399 3552 σταυροπηγιακῶνὴμῶν
1415 3475 1607 3555 μοναστηρίων

309 3592 430 3652 καθόλου
456 3591 582 3672 φροντίδα
610 3593 834 3673 κατεβάλλομεν,
866 3593 1020 3669 ἐπιθέμενοι
1049 3593 1120 3654 κατὰ
1142 3595 1235 3670 κοινὴν
1257 3597 1369 3672 γνώμην
1392 3593 1439 3654 καὶ
1462 3597 1608 3673 συνοδικὴν

310 3713 465 3794 διάγνωσιν,
496 3712 567 3794 ίερδν
594 3717 676 3789 τόμον
703 3715 918 3793 ἀποφαινόμενον
946 3714 1052 3796 συνῳδὰ
1077 3719 1134 3787 τοῖς
1161 3715 1243 3796 ἱεροῖς
1269 3717 1364 3792 νόμοις
1390 3715 1438 3777 καί
1465 3721 1524 3792 τοῖς
1550 3713 1607 3778 ὦδε

309 3837 500 3917 γραφομένοις,
523 3834 656 3917 περὶτῆς
679 3834 746 3915 ἑξῆς
768 3837 878 3917 ἀρίστης
901 3839 1061 3913 διοικήσεως
1085 3839 1198 3898 ἑκάστου
1214 3843 1449 3918 σταυροπηγιακσῦ
1464 3861 1606 3918 μσνασιη-

311 3957 367 4039 ρίου
394 3955 441 4018 καί
465 3957 590 4033 εθνομίας
611 3964 665 4018 τῶν
689 3958 865 4036 ἀσκουμένων
888 3957 1041 4022 ὁσιωτάτων
1063 3961 1187 4041 πατέρων
1209 3959 1255 4020 καί
1277 3966 1326 4036 τῆς
1350 3959 1466 4036 δυνατῆς
1489 3962 1606 4038 ἀντιλή-

310 4083 384 4156 ψεως
414 4077 460 4140 καὶ
487 4079 589 4156 ἀμέσου
615 4081 778 4162 προστασίας
805 4082 892 4142 αἰπῶν
918 4083 993 4162 παρὰ
1018 4089 1069 4159 τῆς
1094 4082 1156 4142 καθ’
1167 4085 1242 4159 ἡμᾶς
1268 4087 1314 4142 τοῦ
1336 4083 1452 4162 Χριστοῦ
1476 4085 1606 4164 μεγάλης

309 4199 471 4281 ἐκκλησίας,
501 4201 677 4274 ἀνανεοῦντες
707 4203 741 4264 τά
767 4205 923 4283 παλαιγενῆ
946 4204 1126 4284 πατριαρχικά
1148 4203 1194 4264 καὶ
1217 4205 1344 4266 συνοδικά
1366 4205 1455 4266 αῦτῶν
1477 4205 1606 4286 σιγιλλια

309 4323 424 4406 δωρεάν,
454 4322 500 4384 καί
531 4325 719 4406 ἐπικυροῦντες
748 4324 821 4400 ἀπαξ
850 4327 885 4386 τά
913 4328 1134 4407 σταυροιιηγιακά
1158 4327 1244 4387 αθτῶν
1265 4329 1399 4408 προνόμια
1426 4327 1467 4400 εἰς
1491 4328 1604 4408 διηνεκῆ

308 4447 465 4525 συντήρησιν
487 4445 574 4508 αὐτῶν
597 4447 644 4508 καί
667 4449 827 4528 ἀσφάλειαν,
851 4449 889 4524 μὴ
913 4448 1031 4524 δεόμενα
1052 4449 1119 4510 ποτὲ
1142 4446 1319 4521 ἀνανεώσεως
1340 4448 1387 4510 καὶ
1404 4448 1604 4534 ἐπικυρώσεως,

309 4569 347 4640 ώς
374 4566 421 4628 καὶ
446 4567 508 4650 περὶ
533 4575 579 4630 τοῦ
607 4571 636 4630 ἐν
662 4576 695 4652 τῇ
723 4570 794 4630 κατά
820 4569 868 4646 τὴν
892 4571 1101 4648 Πελοπόννησον
1130 4571 1263 4654 ἐπισκοπῇ
1286 4571 1435 4654 Κερνίτζης
1463 4573 1538 4655 ἱεροῦ
1560 4575 1606 4636 καὶ

309 4690 458 4767 σεβασμίου
489 4691 667 4772 μοναστηρίου
693 4697 743 4767 τῆς
769 4691 919 4771 ῦττεραγίας
948 4691 1090 4770 δεσποίνης
1111 4695 1191 4769 ἡμῶν
1214 4695 1352 4774 θεοτόκου,
1383 4695 1606 4773 ἐπικεκλημένοι

1683 4791 1684 4818 ί
