<?xml version="1.0" encoding="UTF-8"?>
<!DOCTYPE html PUBLIC "-//W3C//DTD XHTML 1.0 Transitional//EN"
    "http://www.w3.org/TR/xhtml1/DTD/xhtml1-transitional.dtd">
<html xmlns="http://www.w3.org/1999/xhtml" xml:lang="en" lang="en">
 <head>
  <title>
</title>
<meta http-equiv="Content-Type" content="text/html;charset=utf-8" />
  <meta name='ocr-system' content='tesseract 3.04.00' />
  <meta name='ocr-capabilities' content='ocr_page ocr_carea ocr_par ocr_line ocrx_word'/>
</head>
<body>
  <div class='ocr_page' id='page_1' title='image "./actaetdiplomata00miklgoog_0228.png"; bbox 0 0 3194 5298; ppageno 0'>
   <div class='ocr_carea' id='block_1_1' title="bbox 1285 341 1343 405">
    <p class='ocr_par' dir='ltr' id='par_1_1' title="bbox 1285 341 1343 405">
     <span class='ocr_line' id='line_1_1' title="bbox 1285 341 1343 405; baseline 0 -1"><span class='ocrx_word' id='word_1_1' title='bbox 1285 341 1343 405; x_wconf 83' lang='lat'>151</span> 
     </span>
    </p>
   </div>
   <div class='ocr_carea' id='block_1_2' title="bbox 70 533 1346 616">
    <p class='ocr_par' dir='ltr' id='par_1_2' title="bbox 70 533 1346 616">
     <span class='ocr_line' id='line_1_2' title="bbox 70 533 1346 616; baseline 0.003 -24"><span class='ocrx_word' id='word_1_2' title='bbox 70 557 92 592; x_wconf 78' lang='grc' dir='ltr'>τε</span> <span class='ocrx_word' id='word_1_3' title='bbox 110 535 150 592; x_wconf 83' lang='grc' dir='ltr'>καί</span> <span class='ocrx_word' id='word_1_4' title='bbox 169 535 312 614; x_wconf 73' lang='grc' dir='ltr'>ἀκινήτων,</span> <span class='ocrx_word' id='word_1_5' title='bbox 336 541 388 594; x_wconf 82' lang='grc' dir='ltr'>τῶν</span> <span class='ocrx_word' id='word_1_6' title='bbox 410 557 440 594; x_wconf 88' lang='grc' dir='ltr'>τε</span> <span class='ocrx_word' id='word_1_7' title='bbox 462 535 516 610; x_wconf 84' lang='grc' dir='ltr'>ήδη</span> <span class='ocrx_word' id='word_1_8' title='bbox 540 536 623 594; x_wconf 77' lang='grc' dir='ltr'>όντων</span> <span class='ocrx_word' id='word_1_9' title='bbox 646 533 692 594; x_wconf 87' lang='grc' dir='ltr'>καὶ</span> <span class='ocrx_word' id='word_1_10' title='bbox 714 541 766 593; x_wconf 86' lang='grc' dir='ltr'>τῶν</span> <span class='ocrx_word' id='word_1_11' title='bbox 791 533 830 606; x_wconf 87' lang='grc' dir='ltr'>είς</span> <span class='ocrx_word' id='word_1_12' title='bbox 854 536 947 594; x_wconf 80' lang='grc' dir='ltr'>ἔπειτα</span> <span class='ocrx_word' id='word_1_13' title='bbox 961 537 1223 614; x_wconf 75' lang='grc' dir='ltr'>προσγενησομένων</span> <span class='ocrx_word' id='word_1_14' title='bbox 1241 538 1283 616; x_wconf 88' lang='grc' dir='ltr'>ἀν,</span> <span class='ocrx_word' id='word_1_15' title='bbox 1307 539 1346 607; x_wconf 90' lang='grc' dir='ltr'>ώς</span> 
     </span>
    </p>
   </div>
   <div class='ocr_carea' id='block_1_3' title="bbox 71 653 1348 740">
    <p class='ocr_par' dir='ltr' id='par_1_3' title="bbox 71 653 1348 740">
     <span class='ocr_line' id='line_1_3' title="bbox 71 653 1348 740; baseline 0.002 -26"><span class='ocrx_word' id='word_1_16' title='bbox 71 657 182 716; x_wconf 76' lang='grc' dir='ltr'>ἀνέκαθεν</span> <span class='ocrx_word' id='word_1_17' title='bbox 203 655 251 716; x_wconf 86' lang='grc' dir='ltr'>καί</span> <span class='ocrx_word' id='word_1_18' title='bbox 275 654 306 728; x_wconf 84' lang='grc' dir='ltr'>ἐξ</span> <span class='ocrx_word' id='word_1_19' title='bbox 334 657 433 736; x_wconf 78' lang='grc' dir='ltr'>ἀρχῆς,</span> <span class='ocrx_word' id='word_1_20' title='bbox 465 659 534 716; x_wconf 85' lang='grc' dir='ltr'>οὑτω</span> <span class='ocrx_word' id='word_1_21' title='bbox 557 655 603 716; x_wconf 83' lang='grc' dir='ltr'>καί</span> <span class='ocrx_word' id='word_1_22' title='bbox 627 655 666 728; x_wconf 86' lang='grc' dir='ltr'>είς</span> <span class='ocrx_word' id='word_1_23' title='bbox 688 659 733 715; x_wconf 80' lang='grc' dir='ltr'>τὀν</span> <span class='ocrx_word' id='word_1_24' title='bbox 757 653 822 731; x_wconf 79' lang='grc' dir='ltr'>ἑξῆς</span> <span class='ocrx_word' id='word_1_25' title='bbox 846 659 951 718; x_wconf 78' lang='grc' dir='ltr'>ἅπαντα</span> <span class='ocrx_word' id='word_1_26' title='bbox 973 659 1071 736; x_wconf 89' lang='grc' dir='ltr'>χρόνον</span> <span class='ocrx_word' id='word_1_27' title='bbox 1095 657 1203 740; x_wconf 79' lang='grc' dir='ltr'>ὑπάρχῃ</span> <span class='ocrx_word' id='word_1_28' title='bbox 1225 655 1272 717; x_wconf 87' lang='grc' dir='ltr'>καὶ</span> <span class='ocrx_word' id='word_1_29' title='bbox 1294 659 1348 718; x_wconf 88' lang='grc' dir='ltr'>λέ-</span> 
     </span>
    </p>
   </div>
   <div class='ocr_carea' id='block_1_4' title="bbox 19 776 1350 4653">
    <p class='ocr_par' dir='ltr' id='par_1_4' title="bbox 19 776 1350 4653">
     <span class='ocr_line' id='line_1_4' title="bbox 70 776 1347 859; baseline 0.003 -23"><span class='ocrx_word' id='word_1_30' title='bbox 70 800 135 855; x_wconf 82' lang='grc' dir='ltr'>γηται</span> <span class='ocrx_word' id='word_1_31' title='bbox 154 778 198 838; x_wconf 84' lang='grc' dir='ltr'>καί</span> <span class='ocrx_word' id='word_1_32' title='bbox 220 779 296 858; x_wconf 82' lang='grc' dir='ltr'>παρὰ</span> <span class='ocrx_word' id='word_1_33' title='bbox 310 783 417 837; x_wconf 85' lang='grc' dir='ltr'>πάντων</span> <span class='ocrx_word' id='word_1_34' title='bbox 432 781 616 856; x_wconf 86' lang='grc' dir='ltr'>γιγνώσκηται</span> <span class='ocrx_word' id='word_1_35' title='bbox 632 779 766 859; x_wconf 77' lang='grc' dir='ltr'>ἡμέτερον</span> <span class='ocrx_word' id='word_1_36' title='bbox 781 781 977 858; x_wconf 85' lang='grc' dir='ltr'>πατριαρχικδν</span> <span class='ocrx_word' id='word_1_37' title='bbox 992 781 1239 858; x_wconf 88' lang='grc' dir='ltr'>σταυροπηγιακόν,</span> <span class='ocrx_word' id='word_1_38' title='bbox 1261 776 1347 840; x_wconf 89' lang='grc' dir='ltr'>ἀδοὺ-</span> 
     </span>
     <span class='ocr_line' id='line_1_5' title="bbox 70 899 1347 980; baseline 0.002 -22"><span class='ocrx_word' id='word_1_39' title='bbox 70 902 151 978; x_wconf 78' lang='grc' dir='ltr'>λιστον,</span> <span class='ocrx_word' id='word_1_40' title='bbox 179 901 387 974; x_wconf 84' lang='grc' dir='ltr'>ἀκαταπάτητον</span> <span class='ocrx_word' id='word_1_41' title='bbox 410 899 456 959; x_wconf 89' lang='grc' dir='ltr'>καί</span> <span class='ocrx_word' id='word_1_42' title='bbox 480 901 554 972; x_wconf 83' lang='grc' dir='ltr'>ὑλως</span> <span class='ocrx_word' id='word_1_43' title='bbox 577 901 762 978; x_wconf 87' lang='grc' dir='ltr'>ἀνενόχλητσν</span> <span class='ocrx_word' id='word_1_44' title='bbox 785 901 849 980; x_wconf 71' lang='grc' dir='ltr'>παρ’</span> <span class='ocrx_word' id='word_1_45' title='bbox 862 901 1010 960; x_wconf 78' lang='grc' dir='ltr'>οὑτινοσοῦν</span> <span class='ocrx_word' id='word_1_46' title='bbox 1033 901 1177 979; x_wconf 80' lang='grc' dir='ltr'>προσώπου</span> <span class='ocrx_word' id='word_1_47' title='bbox 1199 900 1347 980; x_wconf 84' lang='grc' dir='ltr'>ἱερωμένου</span> 
     </span>
     <span class='ocr_line' id='line_1_6' title="bbox 68 1023 1349 1102; baseline 0.002 -23"><span class='ocrx_word' id='word_1_48' title='bbox 68 1023 198 1101; x_wconf 75' lang='grc' dir='ltr'>ῆλιϊκοῦ,</span> <span class='ocrx_word' id='word_1_49' title='bbox 228 1025 468 1098; x_wconf 86' lang='grc' dir='ltr'>μνημονευσμένου</span> <span class='ocrx_word' id='word_1_50' title='bbox 500 1023 529 1082; x_wconf 86' lang='grc' dir='ltr'>ἐν</span> <span class='ocrx_word' id='word_1_51' title='bbox 560 1023 632 1102; x_wconf 78' lang='grc' dir='ltr'>αὑτῲ</span> <span class='ocrx_word' id='word_1_52' title='bbox 660 1027 706 1082; x_wconf 88' lang='grc' dir='ltr'>τοῦ</span> <span class='ocrx_word' id='word_1_53' title='bbox 729 1027 870 1082; x_wconf 88' lang='grc' dir='ltr'>κανονικσῦ</span> <span class='ocrx_word' id='word_1_54' title='bbox 893 1027 1089 1102; x_wconf 89' lang='grc' dir='ltr'>πατριαρχικοῦ</span> <span class='ocrx_word' id='word_1_55' title='bbox 1112 1023 1255 1101; x_wconf 77' lang='grc' dir='ltr'>ὀνόματος,</span> <span class='ocrx_word' id='word_1_56' title='bbox 1286 1024 1349 1101; x_wconf 85' lang='grc' dir='ltr'>ἔχοι</span> 
     </span>
     <span class='ocr_line' id='line_1_7' title="bbox 71 1141 1346 1226; baseline -0.003 -22"><span class='ocrx_word' id='word_1_57' title='bbox 71 1149 107 1204; x_wconf 78' lang='grc' dir='ltr'>καί</span> <span class='ocrx_word' id='word_1_58' title='bbox 126 1147 152 1204; x_wconf 78' lang='grc' dir='ltr'>τό</span> <span class='ocrx_word' id='word_1_59' title='bbox 171 1147 316 1224; x_wconf 79' lang='grc' dir='ltr'>προνόμιον</span> <span class='ocrx_word' id='word_1_60' title='bbox 337 1145 408 1204; x_wconf 85' lang='grc' dir='ltr'>κατὰ</span> <span class='ocrx_word' id='word_1_61' title='bbox 430 1146 630 1226; x_wconf 81' lang='grc' dir='ltr'>πατριαφχικήν</span> <span class='ocrx_word' id='word_1_62' title='bbox 653 1143 816 1224; x_wconf 75' lang='grc' dir='ltr'>φιλοτιμίαν,</span> <span class='ocrx_word' id='word_1_63' title='bbox 840 1147 910 1204; x_wconf 84' lang='grc' dir='ltr'>ὥστε</span> <span class='ocrx_word' id='word_1_64' title='bbox 933 1147 978 1204; x_wconf 77' lang='grc' dir='ltr'>τὀν</span> <span class='ocrx_word' id='word_1_65' title='bbox 1001 1144 1073 1204; x_wconf 84' lang='grc' dir='ltr'>κατὰ</span> <span class='ocrx_word' id='word_1_66' title='bbox 1094 1145 1205 1223; x_wconf 78' lang='grc' dir='ltr'>καιροὺς</span> <span class='ocrx_word' id='word_1_67' title='bbox 1229 1143 1257 1202; x_wconf 91' lang='grc' dir='ltr'>ἐν</span> <span class='ocrx_word' id='word_1_68' title='bbox 1273 1141 1346 1222; x_wconf 83' lang='grc' dir='ltr'>αὑτῷ</span> 
     </span>
     <span class='ocr_line' id='line_1_8' title="bbox 71 1266 1346 1348; baseline 0 -23"><span class='ocrx_word' id='word_1_69' title='bbox 71 1267 201 1344; x_wconf 78' lang='grc' dir='ltr'>ἡγούμενον</span> <span class='ocrx_word' id='word_1_70' title='bbox 224 1268 253 1326; x_wconf 87' lang='grc' dir='ltr'>ἐν</span> <span class='ocrx_word' id='word_1_71' title='bbox 275 1270 334 1338; x_wconf 85' lang='grc' dir='ltr'>ταῖς</span> <span class='ocrx_word' id='word_1_72' title='bbox 358 1267 527 1346; x_wconf 89' lang='grc' dir='ltr'>έσρτασίμοις</span> <span class='ocrx_word' id='word_1_73' title='bbox 548 1268 664 1346; x_wconf 83' lang='grc' dir='ltr'>ἡμέραις</span> <span class='ocrx_word' id='word_1_74' title='bbox 687 1270 776 1346; x_wconf 79' lang='grc' dir='ltr'>φορεῖν</span> <span class='ocrx_word' id='word_1_75' title='bbox 800 1267 843 1326; x_wconf 87' lang='grc' dir='ltr'>ἐπ’</span> <span class='ocrx_word' id='word_1_76' title='bbox 857 1266 1008 1343; x_wconf 89' lang='grc' dir='ltr'>ἐκκλησίας</span> <span class='ocrx_word' id='word_1_77' title='bbox 1031 1267 1151 1342; x_wconf 80' lang='grc' dir='ltr'>μανδὺαν</span> <span class='ocrx_word' id='word_1_78' title='bbox 1173 1268 1346 1348; x_wconf 80' lang='grc' dir='ltr'>προχειριζό-</span> 
     </span>
     <span class='ocr_line' id='line_1_9' title="bbox 71 1385 1348 1470; baseline 0.002 -24"><span class='ocrx_word' id='word_1_79' title='bbox 71 1409 137 1462; x_wconf 91' lang='grc' dir='ltr'>μενον</span> <span class='ocrx_word' id='word_1_80' title='bbox 164 1389 208 1448; x_wconf 86' lang='grc' dir='ltr'>καί</span> <span class='ocrx_word' id='word_1_81' title='bbox 230 1390 400 1468; x_wconf 80' lang='grc' dir='ltr'>πατερίτζαν.</span> <span class='ocrx_word' id='word_1_82' title='bbox 428 1387 475 1448; x_wconf 87' lang='grc' dir='ltr'>καὶ</span> <span class='ocrx_word' id='word_1_83' title='bbox 501 1395 608 1468; x_wconf 82' lang='grc' dir='ltr'>πρῶτον</span> <span class='ocrx_word' id='word_1_84' title='bbox 636 1389 687 1464; x_wconf 87' lang='grc' dir='ltr'>μὲν</span> <span class='ocrx_word' id='word_1_85' title='bbox 711 1390 821 1470; x_wconf 79' lang='grc' dir='ltr'>ὑπάρχῃ</span> <span class='ocrx_word' id='word_1_86' title='bbox 844 1388 1063 1468; x_wconf 66' lang='grc' dir='ltr'>ἀπηλλαγμένον</span> <span class='ocrx_word' id='word_1_87' title='bbox 1086 1391 1176 1466; x_wconf 84' lang='grc' dir='ltr'>πάσης</span> <span class='ocrx_word' id='word_1_88' title='bbox 1199 1385 1348 1468; x_wconf 87' lang='grc' dir='ltr'>έξαρχικῆς</span> 
     </span>
     <span class='ocr_line' id='line_1_10' title="bbox 71 1509 1348 1592; baseline 0.002 -23"><span class='ocrx_word' id='word_1_89' title='bbox 71 1509 174 1584; x_wconf 80' lang='grc' dir='ltr'>ἐξουσία-ς</span> <span class='ocrx_word' id='word_1_90' title='bbox 193 1511 241 1570; x_wconf 86' lang='grc' dir='ltr'>καί</span> <span class='ocrx_word' id='word_1_91' title='bbox 265 1510 440 1584; x_wconf 88' lang='grc' dir='ltr'>δεσποτείας·</span> <span class='ocrx_word' id='word_1_92' title='bbox 464 1511 588 1592; x_wconf 88' lang='grc' dir='ltr'>δεὺτερον</span> <span class='ocrx_word' id='word_1_93' title='bbox 612 1510 643 1570; x_wconf 87' lang='grc' dir='ltr'>δὲ</span> <span class='ocrx_word' id='word_1_94' title='bbox 666 1512 744 1590; x_wconf 84' lang='grc' dir='ltr'>λόγῳ</span> <span class='ocrx_word' id='word_1_95' title='bbox 767 1511 906 1589; x_wconf 76' lang='grc' dir='ltr'>ὑποταγῆς</span> <span class='ocrx_word' id='word_1_96' title='bbox 929 1509 1051 1588; x_wconf 78' lang='grc' dir='ltr'>ἀποδιδῷ</span> <span class='ocrx_word' id='word_1_97' title='bbox 1074 1513 1136 1572; x_wconf 86' lang='grc' dir='ltr'>καθ’</span> <span class='ocrx_word' id='word_1_98' title='bbox 1150 1515 1264 1572; x_wconf 81' lang='grc' dir='ltr'>ἕκαστον</span> <span class='ocrx_word' id='word_1_99' title='bbox 1288 1512 1348 1583; x_wconf 86' lang='grc' dir='ltr'>ἔτος</span> 
     </span>
     <span class='ocr_line' id='line_1_11' title="bbox 70 1631 1348 1714; baseline -0.002 -22"><span class='ocrx_word' id='word_1_100' title='bbox 70 1635 240 1714; x_wconf 69' lang='grc' dir='ltr'>ἀπαραιτήτως</span> <span class='ocrx_word' id='word_1_101' title='bbox 261 1634 358 1713; x_wconf 88' lang='grc' dir='ltr'>γρόσια</span> <span class='ocrx_word' id='word_1_102' title='bbox 379 1634 520 1712; x_wconf 75' lang='grc' dir='ltr'>τριακόσια</span> <span class='ocrx_word' id='word_1_103' title='bbox 543 1631 583 1704; x_wconf 88' lang='grc' dir='ltr'>εἰς</span> <span class='ocrx_word' id='word_1_104' title='bbox 605 1634 635 1692; x_wconf 78' lang='grc' dir='ltr'>τό</span> <span class='ocrx_word' id='word_1_105' title='bbox 657 1634 747 1692; x_wconf 82' lang='grc' dir='ltr'>κοινόν</span> <span class='ocrx_word' id='word_1_106' title='bbox 770 1639 818 1708; x_wconf 85' lang='grc' dir='ltr'>τῆς</span> <span class='ocrx_word' id='word_1_107' title='bbox 841 1633 903 1692; x_wconf 81' lang='grc' dir='ltr'>καθ’</span> <span class='ocrx_word' id='word_1_108' title='bbox 915 1635 990 1711; x_wconf 79' lang='grc' dir='ltr'>ἡμᾶς</span> <span class='ocrx_word' id='word_1_109' title='bbox 1012 1639 1058 1694; x_wconf 90' lang='grc' dir='ltr'>τοῦ</span> <span class='ocrx_word' id='word_1_110' title='bbox 1081 1635 1195 1714; x_wconf 81' lang='grc' dir='ltr'>Χριστοῦ</span> <span class='ocrx_word' id='word_1_111' title='bbox 1218 1632 1348 1711; x_wconf 85' lang='grc' dir='ltr'>μεγάλης</span> 
     </span>
     <span class='ocr_line' id='line_1_12' title="bbox 71 1751 1347 1837; baseline -0.001 -24"><span class='ocrx_word' id='word_1_112' title='bbox 71 1755 201 1832; x_wconf 79' lang='grc' dir='ltr'>ἐκκλησίας</span> <span class='ocrx_word' id='word_1_113' title='bbox 222 1753 270 1816; x_wconf 90' lang='grc' dir='ltr'>καί</span> <span class='ocrx_word' id='word_1_114' title='bbox 292 1754 425 1837; x_wconf 82' lang='grc' dir='ltr'>λαμβάνῃ</span> <span class='ocrx_word' id='word_1_115' title='bbox 450 1751 639 1833; x_wconf 83' lang='grc' dir='ltr'>ἐξωφλητικὴν</span> <span class='ocrx_word' id='word_1_116' title='bbox 663 1752 800 1828; x_wconf 86' lang='grc' dir='ltr'>ἀπόδειξιν</span> <span class='ocrx_word' id='word_1_117' title='bbox 825 1754 904 1813; x_wconf 83' lang='grc' dir='ltr'>αὑτοῦ</span> <span class='ocrx_word' id='word_1_118' title='bbox 925 1754 997 1814; x_wconf 87' lang='grc' dir='ltr'>κατά</span> <span class='ocrx_word' id='word_1_119' title='bbox 1011 1757 1042 1814; x_wconf 84' lang='grc' dir='ltr'>τδ</span> <span class='ocrx_word' id='word_1_120' title='bbox 1057 1757 1122 1834; x_wconf 89' lang='grc' dir='ltr'>ὑφος</span> <span class='ocrx_word' id='word_1_121' title='bbox 1138 1761 1190 1814; x_wconf 81' lang='grc' dir='ltr'>τῶν</span> <span class='ocrx_word' id='word_1_122' title='bbox 1207 1755 1347 1834; x_wconf 85' lang='grc' dir='ltr'>ἐπαρχιῶν</span> 
     </span>
     <span class='ocr_line' id='line_1_13' title="bbox 69 1874 1347 1957; baseline 0.002 -23"><span class='ocrx_word' id='word_1_123' title='bbox 69 1875 106 1934; x_wconf 81' lang='grc' dir='ltr'>καί</span> <span class='ocrx_word' id='word_1_124' title='bbox 127 1879 205 1950; x_wconf 75' lang='grc' dir='ltr'>οὑτως</span> <span class='ocrx_word' id='word_1_125' title='bbox 228 1877 371 1952; x_wconf 72' lang='grc' dir='ltr'>ἀναλαβὸν</span> <span class='ocrx_word' id='word_1_126' title='bbox 394 1878 423 1936; x_wconf 83' lang='grc' dir='ltr'>τό</span> <span class='ocrx_word' id='word_1_127' title='bbox 447 1877 561 1956; x_wconf 83' lang='grc' dir='ltr'>ἀρχαῖον</span> <span class='ocrx_word' id='word_1_128' title='bbox 585 1878 703 1956; x_wconf 84' lang='grc' dir='ltr'>γεραρόν</span> <span class='ocrx_word' id='word_1_129' title='bbox 725 1883 773 1951; x_wconf 80' lang='grc' dir='ltr'>τῆς</span> <span class='ocrx_word' id='word_1_130' title='bbox 793 1884 1031 1956; x_wconf 84' lang='grc' dir='ltr'>σταυροπηγιακῆς</span> <span class='ocrx_word' id='word_1_131' title='bbox 1047 1877 1125 1950; x_wconf 80' lang='grc' dir='ltr'>ἀξίας</span> <span class='ocrx_word' id='word_1_132' title='bbox 1140 1879 1285 1957; x_wconf 85' lang='grc' dir='ltr'>προνόμιον</span> <span class='ocrx_word' id='word_1_133' title='bbox 1301 1874 1347 1936; x_wconf 83' lang='grc' dir='ltr'>καὶ</span> 
     </span>
     <span class='ocr_line' id='line_1_14' title="bbox 69 1998 1347 2081; baseline 0.001 -24"><span class='ocrx_word' id='word_1_134' title='bbox 69 1999 149 2070; x_wconf 79' lang='grc' dir='ltr'>καλῶς</span> <span class='ocrx_word' id='word_1_135' title='bbox 178 2000 361 2076; x_wconf 69' lang='grc' dir='ltr'>διοικούμενον</span> <span class='ocrx_word' id='word_1_136' title='bbox 391 1998 438 2060; x_wconf 90' lang='grc' dir='ltr'>καὶ</span> <span class='ocrx_word' id='word_1_137' title='bbox 468 1999 556 2074; x_wconf 84' lang='grc' dir='ltr'>μέλος</span> <span class='ocrx_word' id='word_1_138' title='bbox 583 2000 693 2077; x_wconf 90' lang='grc' dir='ltr'>γνήσιον</span> <span class='ocrx_word' id='word_1_139' title='bbox 720 2003 767 2057; x_wconf 90' lang='grc' dir='ltr'>τοῦ</span> <span class='ocrx_word' id='word_1_140' title='bbox 788 1999 850 2058; x_wconf 81' lang='grc' dir='ltr'>καθ’</span> <span class='ocrx_word' id='word_1_141' title='bbox 863 2000 938 2072; x_wconf 83' lang='grc' dir='ltr'>ἡμᾶς</span> <span class='ocrx_word' id='word_1_142' title='bbox 961 1999 1111 2077; x_wconf 82' lang='grc' dir='ltr'>ἁγιωτάταυ</span> <span class='ocrx_word' id='word_1_143' title='bbox 1140 2001 1347 2081; x_wconf 86' lang='grc' dir='ltr'>πατριαρχικοῦ,</span> 
     </span>
     <span class='ocr_line' id='line_1_15' title="bbox 70 2120 1347 2203; baseline 0.003 -25"><span class='ocrx_word' id='word_1_144' title='bbox 70 2121 231 2182; x_wconf 85' lang='grc' dir='ltr'>ι’ποοτολικοῦ</span> <span class='ocrx_word' id='word_1_145' title='bbox 254 2121 300 2182; x_wconf 88' lang='grc' dir='ltr'>καί</span> <span class='ocrx_word' id='word_1_146' title='bbox 323 2120 510 2196; x_wconf 86' lang='grc' dir='ltr'>οίκσυμενικοῦ</span> <span class='ocrx_word' id='word_1_147' title='bbox 533 2123 627 2202; x_wconf 86' lang='grc' dir='ltr'>θρόνου</span> <span class='ocrx_word' id='word_1_148' title='bbox 651 2121 665 2178; x_wconf 92' lang='grc' dir='ltr'>ό</span> <span class='ocrx_word' id='word_1_149' title='bbox 690 2120 718 2180; x_wconf 88' lang='grc' dir='ltr'>ἐν</span> <span class='ocrx_word' id='word_1_150' title='bbox 742 2121 813 2198; x_wconf 80' lang='grc' dir='ltr'>αὑτῷ</span> <span class='ocrx_word' id='word_1_151' title='bbox 836 2121 908 2180; x_wconf 86' lang='grc' dir='ltr'>κατὰ</span> <span class='ocrx_word' id='word_1_152' title='bbox 931 2123 1041 2201; x_wconf 82' lang='grc' dir='ltr'>καιροὺς</span> <span class='ocrx_word' id='word_1_153' title='bbox 1062 2123 1232 2203; x_wconf 83' lang='grc' dir='ltr'>ήγοὺμενος,</span> <span class='ocrx_word' id='word_1_154' title='bbox 1255 2124 1347 2202; x_wconf 87' lang='grc' dir='ltr'>ώσπερ</span> 
     </span>
     <span class='ocr_line' id='line_1_16' title="bbox 69 2241 1347 2325; baseline 0.003 -25"><span class='ocrx_word' id='word_1_155' title='bbox 69 2244 87 2300; x_wconf 81' lang='grc' dir='ltr'>οἱ</span> <span class='ocrx_word' id='word_1_156' title='bbox 112 2241 253 2325; x_wconf 79' lang='grc' dir='ltr'>ἀρχιερεῖς,</span> <span class='ocrx_word' id='word_1_157' title='bbox 288 2246 356 2304; x_wconf 86' lang='grc' dir='ltr'>οὑτω</span> <span class='ocrx_word' id='word_1_158' title='bbox 386 2243 433 2302; x_wconf 85' lang='grc' dir='ltr'>καί</span> <span class='ocrx_word' id='word_1_159' title='bbox 463 2243 542 2314; x_wconf 86' lang='grc' dir='ltr'>αὑτδς</span> <span class='ocrx_word' id='word_1_160' title='bbox 572 2245 663 2323; x_wconf 85' lang='grc' dir='ltr'>γράφῃ</span> <span class='ocrx_word' id='word_1_161' title='bbox 694 2243 806 2318; x_wconf 90' lang='grc' dir='ltr'>ἀμέσως</span> <span class='ocrx_word' id='word_1_162' title='bbox 832 2245 900 2323; x_wconf 82' lang='grc' dir='ltr'>πρός</span> <span class='ocrx_word' id='word_1_163' title='bbox 922 2244 970 2318; x_wconf 74' lang='grc' dir='ltr'>τήν</span> <span class='ocrx_word' id='word_1_164' title='bbox 992 2243 1055 2302; x_wconf 80' lang='grc' dir='ltr'>καθ’</span> <span class='ocrx_word' id='word_1_165' title='bbox 1067 2246 1142 2320; x_wconf 86' lang='grc' dir='ltr'>ήμᾱς</span> <span class='ocrx_word' id='word_1_166' title='bbox 1164 2248 1210 2304; x_wconf 89' lang='grc' dir='ltr'>τοῦ</span> <span class='ocrx_word' id='word_1_167' title='bbox 1233 2245 1347 2325; x_wconf 87' lang='grc' dir='ltr'>Χριστοῦ</span> 
     </span>
     <span class='ocr_line' id='line_1_17' title="bbox 70 2362 1347 2445; baseline 0.001 -21"><span class='ocrx_word' id='word_1_168' title='bbox 70 2367 179 2442; x_wconf 78' lang='grc' dir='ltr'>μεγάλην</span> <span class='ocrx_word' id='word_1_169' title='bbox 203 2367 354 2442; x_wconf 84' lang='grc' dir='ltr'>ἐκκλησίαν</span> <span class='ocrx_word' id='word_1_170' title='bbox 376 2363 424 2426; x_wconf 87' lang='grc' dir='ltr'>καὶ</span> <span class='ocrx_word' id='word_1_171' title='bbox 447 2362 557 2438; x_wconf 87' lang='grc' dir='ltr'>ἀξιώται</span> <span class='ocrx_word' id='word_1_172' title='bbox 585 2372 633 2440; x_wconf 74' lang='grc' dir='ltr'>τῆς</span> <span class='ocrx_word' id='word_1_173' title='bbox 655 2366 844 2443; x_wconf 87' lang='grc' dir='ltr'>προσηκοὺσης</span> <span class='ocrx_word' id='word_1_174' title='bbox 866 2365 1071 2445; x_wconf 85' lang='grc' dir='ltr'>ὑπερασπίσεως</span> <span class='ocrx_word' id='word_1_175' title='bbox 1095 2367 1124 2426; x_wconf 87' lang='grc' dir='ltr'>ἐν</span> <span class='ocrx_word' id='word_1_176' title='bbox 1146 2369 1207 2436; x_wconf 86' lang='grc' dir='ltr'>ταῖς</span> <span class='ocrx_word' id='word_1_177' title='bbox 1228 2366 1347 2441; x_wconf 90' lang='grc' dir='ltr'>συμβαι-</span> 
     </span>
     <span class='ocr_line' id='line_1_18' title="bbox 69 2487 1347 2570; baseline 0.002 -25"><span class='ocrx_word' id='word_1_178' title='bbox 69 2490 158 2561; x_wconf 82' lang='grc' dir='ltr'>νοίσαις</span> <span class='ocrx_word' id='word_1_179' title='bbox 179 2490 285 2570; x_wconf 88' lang='grc' dir='ltr'>χρείαις</span> <span class='ocrx_word' id='word_1_180' title='bbox 307 2489 354 2549; x_wconf 89' lang='grc' dir='ltr'>καὶ</span> <span class='ocrx_word' id='word_1_181' title='bbox 377 2489 530 2550; x_wconf 88' lang='grc' dir='ltr'>ὑποθέσεσι·</span> <span class='ocrx_word' id='word_1_182' title='bbox 553 2488 641 2568; x_wconf 89' lang='grc' dir='ltr'>τρίτον</span> <span class='ocrx_word' id='word_1_183' title='bbox 663 2487 892 2567; x_wconf 73' lang='grc' dir='ltr'>διαφυλάττονται</span> <span class='ocrx_word' id='word_1_184' title='bbox 908 2489 1161 2568; x_wconf 84' lang='grc' dir='ltr'>καταγεγραμμένα</span> <span class='ocrx_word' id='word_1_185' title='bbox 1178 2487 1261 2566; x_wconf 82' lang='grc' dir='ltr'>ἐντῷ</span> <span class='ocrx_word' id='word_1_186' title='bbox 1278 2489 1347 2548; x_wconf 89' lang='grc' dir='ltr'>διω-</span> 
     </span>
     <span class='ocr_line' id='line_1_19' title="bbox 19 2597 1348 2692; baseline 0.002 -24"><span class='ocrx_word' id='word_1_187' title='bbox 19 2663 21 2688; x_wconf 58' lang='grc'>,</span> <span class='ocrx_word' id='word_1_188' title='bbox 69 2615 171 2690; x_wconf 84' lang='grc' dir='ltr'>ριομένῳ</span> <span class='ocrx_word' id='word_1_189' title='bbox 192 2609 290 2672; x_wconf 89' lang='grc' dir='ltr'>κώδικι</span> <span class='ocrx_word' id='word_1_190' title='bbox 313 2618 362 2687; x_wconf 72' lang='grc' dir='ltr'>τῆς</span> <span class='ocrx_word' id='word_1_191' title='bbox 386 2611 537 2688; x_wconf 84' lang='grc' dir='ltr'>ἐκκλησίας</span> <span class='ocrx_word' id='word_1_192' title='bbox 561 2613 666 2672; x_wconf 84' lang='grc' dir='ltr'>ἅπαντα</span> <span class='ocrx_word' id='word_1_193' title='bbox 688 2611 721 2669; x_wconf 87' lang='grc' dir='ltr'>τόι</span> <span class='ocrx_word' id='word_1_194' title='bbox 745 2615 871 2687; x_wconf 85' lang='grc' dir='ltr'>κτήματα</span> <span class='ocrx_word' id='word_1_195' title='bbox 892 2608 940 2671; x_wconf 84' lang='grc' dir='ltr'>καί</span> <span class='ocrx_word' id='word_1_196' title='bbox 961 2611 1137 2692; x_wconf 85' lang='grc' dir='ltr'>ἀφιερώματα</span> <span class='ocrx_word' id='word_1_197' title='bbox 1159 2597 1237 2670; x_wconf 76' lang='grc' dir='ltr'>αὑτοῦ</span> <span class='ocrx_word' id='word_1_198' title='bbox 1252 2609 1299 2670; x_wconf 90' lang='grc' dir='ltr'>καὶ</span> <span class='ocrx_word' id='word_1_199' title='bbox 1314 2609 1348 2670; x_wconf 86' lang='grc' dir='ltr'>τά</span> 
     </span>
     <span class='ocr_line' id='line_1_20' title="bbox 19 2733 1347 2816; baseline -0.002 -22"><span class='ocrx_word' id='word_1_200' title='bbox 19 2753 20 2812; x_wconf 61' lang='lat'><em>3</em></span> <span class='ocrx_word' id='word_1_201' title='bbox 68 2737 126 2811; x_wconf 82' lang='grc' dir='ltr'>χοέη</span> <span class='ocrx_word' id='word_1_202' title='bbox 153 2735 198 2796; x_wconf 89' lang='grc' dir='ltr'>καὶ</span> <span class='ocrx_word' id='word_1_203' title='bbox 225 2737 256 2795; x_wconf 83' lang='grc' dir='ltr'>τό</span> <span class='ocrx_word' id='word_1_204' title='bbox 279 2740 326 2796; x_wconf 87' lang='grc' dir='ltr'>τοῦ</span> <span class='ocrx_word' id='word_1_205' title='bbox 348 2735 501 2812; x_wconf 81' lang='grc' dir='ltr'>ἡγουμένου</span> <span class='ocrx_word' id='word_1_206' title='bbox 524 2735 628 2810; x_wconf 87' lang='grc' dir='ltr'>όνομα·</span> <span class='ocrx_word' id='word_1_207' title='bbox 666 2737 793 2814; x_wconf 89' lang='grc' dir='ltr'>τέταρτον</span> <span class='ocrx_word' id='word_1_208' title='bbox 816 2733 847 2794; x_wconf 88' lang='grc' dir='ltr'>δὲ</span> <span class='ocrx_word' id='word_1_209' title='bbox 868 2735 899 2794; x_wconf 82' lang='grc' dir='ltr'>τό</span> <span class='ocrx_word' id='word_1_210' title='bbox 921 2733 1056 2811; x_wconf 84' lang='grc' dir='ltr'>σιγιλλιον</span> <span class='ocrx_word' id='word_1_211' title='bbox 1079 2734 1157 2793; x_wconf 85' lang='grc' dir='ltr'>αὑτοῦ</span> <span class='ocrx_word' id='word_1_212' title='bbox 1180 2734 1234 2816; x_wconf 85' lang='grc' dir='ltr'>έχῃ</span> <span class='ocrx_word' id='word_1_213' title='bbox 1257 2735 1347 2807; x_wconf 88' lang='grc' dir='ltr'>μένειν</span> 
     </span>
     <span class='ocr_line' id='line_1_21' title="bbox 69 2855 1348 2938; baseline 0.002 -23.925"><span class='ocrx_word' id='word_1_214' title='bbox 69 2857 255 2938; x_wconf 79' lang='grc' dir='ltr'>ἀπαράτρεπτον</span> <span class='ocrx_word' id='word_1_215' title='bbox 286 2855 332 2916; x_wconf 83' lang='grc' dir='ltr'>καί</span> <span class='ocrx_word' id='word_1_216' title='bbox 356 2857 542 2937; x_wconf 82' lang='grc' dir='ltr'>ἀπαράβατον,</span> <span class='ocrx_word' id='word_1_217' title='bbox 574 2860 612 2931; x_wconf 81' lang='grc' dir='ltr'>μὴ</span> <span class='ocrx_word' id='word_1_218' title='bbox 637 2857 768 2932; x_wconf 75' lang='grc' dir='ltr'>δεόμενὸν</span> <span class='ocrx_word' id='word_1_219' title='bbox 791 2878 856 2917; x_wconf 92' lang='grc' dir='ltr'>ποτε</span> <span class='ocrx_word' id='word_1_220' title='bbox 888 2857 1066 2928; x_wconf 83' lang='grc' dir='ltr'>ἀνανεώσεως</span> <span class='ocrx_word' id='word_1_221' title='bbox 1088 2855 1134 2916; x_wconf 86' lang='grc' dir='ltr'>καί</span> <span class='ocrx_word' id='word_1_222' title='bbox 1158 2856 1348 2936; x_wconf 83' lang='grc' dir='ltr'>ἐπικυρώσεως</span> 
     </span>
     <span class='ocr_line' id='line_1_22' title="bbox 69 2977 1346 3057; baseline 0 -21"><span class='ocrx_word' id='word_1_223' title='bbox 69 2978 294 3056; x_wconf 79' lang='grc' dir='ltr'>ἐκκλησιαστικῆς·</span> <span class='ocrx_word' id='word_1_224' title='bbox 318 2981 441 3054; x_wconf 85' lang='grc' dir='ltr'>πέμπτον</span> <span class='ocrx_word' id='word_1_225' title='bbox 464 2979 562 3055; x_wconf 87' lang='grc' dir='ltr'>μηδείς</span> <span class='ocrx_word' id='word_1_226' title='bbox 581 2984 627 3039; x_wconf 91' lang='grc' dir='ltr'>τοῦ</span> <span class='ocrx_word' id='word_1_227' title='bbox 642 2980 738 3040; x_wconf 88' lang='grc' dir='ltr'>λοιποῦ</span> <span class='ocrx_word' id='word_1_228' title='bbox 753 2981 865 3057; x_wconf 89' lang='grc' dir='ltr'>γένηται</span> <span class='ocrx_word' id='word_1_229' title='bbox 882 2981 910 3038; x_wconf 86' lang='grc' dir='ltr'>ἐν</span> <span class='ocrx_word' id='word_1_230' title='bbox 927 2977 998 3057; x_wconf 78' lang='grc' dir='ltr'>αὑτῷ</span> <span class='ocrx_word' id='word_1_231' title='bbox 1013 2979 1166 3057; x_wconf 69' lang='grc' dir='ltr'>ήγοὺμσνος</span> <span class='ocrx_word' id='word_1_232' title='bbox 1178 2977 1241 3036; x_wconf 82' lang='grc' dir='ltr'>ἄνευ</span> <span class='ocrx_word' id='word_1_233' title='bbox 1252 2980 1346 3057; x_wconf 88' lang='grc' dir='ltr'>γράμ-</span> 
     </span>
     <span class='ocr_line' id='line_1_23' title="bbox 69 3098 1348 3183; baseline -0.002 -23"><span class='ocrx_word' id='word_1_234' title='bbox 69 3121 139 3173; x_wconf 85' lang='grc' dir='ltr'>ματος</span> <span class='ocrx_word' id='word_1_235' title='bbox 162 3106 359 3183; x_wconf 87' lang='grc' dir='ltr'>τατριαρχικοῦ</span> <span class='ocrx_word' id='word_1_236' title='bbox 385 3099 431 3160; x_wconf 89' lang='grc' dir='ltr'>καί</span> <span class='ocrx_word' id='word_1_237' title='bbox 460 3100 608 3179; x_wconf 85' lang='grc' dir='ltr'>συνοδικοῦ,</span> <span class='ocrx_word' id='word_1_238' title='bbox 640 3101 708 3160; x_wconf 83' lang='grc' dir='ltr'>ἀλλ’</span> <span class='ocrx_word' id='word_1_239' title='bbox 721 3101 832 3160; x_wconf 85' lang='grc' dir='ltr'>ἐπειδὰν</span> <span class='ocrx_word' id='word_1_240' title='bbox 861 3101 977 3160; x_wconf 78' lang='grc' dir='ltr'>ἕλωνται</span> <span class='ocrx_word' id='word_1_241' title='bbox 1001 3101 1079 3160; x_wconf 78' lang='grc' dir='ltr'>αὑτόν</span> <span class='ocrx_word' id='word_1_242' title='bbox 1102 3103 1199 3181; x_wconf 89' lang='grc' dir='ltr'>γνώμῃ</span> <span class='ocrx_word' id='word_1_243' title='bbox 1221 3105 1299 3181; x_wconf 83' lang='grc' dir='ltr'>κοινῇ</span> <span class='ocrx_word' id='word_1_244' title='bbox 1322 3098 1348 3158; x_wconf 88' lang='grc' dir='ltr'>σί</span> 
     </span>
     <span class='ocr_line' id='line_1_24' title="bbox 68 3217 1347 3319; baseline -0.002 -37"><span class='ocrx_word' id='word_1_245' title='bbox 68 3225 271 3300; x_wconf 82' lang='grc' dir='ltr'>συγνοινσβιάται</span> <span class='ocrx_word' id='word_1_246' title='bbox 292 3226 418 3303; x_wconf 88' lang='grc' dir='ltr'>πατέρες,</span> <span class='ocrx_word' id='word_1_247' title='bbox 448 3226 510 3283; x_wconf 90' lang='grc' dir='ltr'>τότε</span> <span class='ocrx_word' id='word_1_248' title='bbox 533 3223 716 3298; x_wconf 89' lang='grc' dir='ltr'>ἀποστέληται</span> <span class='ocrx_word' id='word_1_249' title='bbox 738 3224 803 3302; x_wconf 73' lang='grc' dir='ltr'>παρ’</span> <span class='ocrx_word' id='word_1_250' title='bbox 816 3223 902 3282; x_wconf 77' lang='grc' dir='ltr'>αὐτῶν</span> <span class='ocrx_word' id='word_1_251' title='bbox 924 3223 1002 3297; x_wconf 77' lang='grc' dir='ltr'>κοινή</span> <span class='ocrx_word' id='word_1_252' title='bbox 1026 3223 1208 3302; x_wconf 87' lang='grc' dir='ltr'>ἐνυπόγραφος</span> <span class='ocrx_word' id='word_1_253' title='bbox 1229 3217 1277 3280; x_wconf 88' lang='grc' dir='ltr'>καὶ</span> <span class='ocrx_word' id='word_1_254' title='bbox 1285 3220 1347 3319; x_wconf 57' lang='grc' dir='ltr'>ἐν·</span> 
     </span>
     <span class='ocr_line' id='line_1_25' title="bbox 68 3342 1347 3427; baseline 0.001 -26"><span class='ocrx_word' id='word_1_255' title='bbox 68 3349 210 3424; x_wconf 78' lang='grc' dir='ltr'>σφράγιστος</span> <span class='ocrx_word' id='word_1_256' title='bbox 234 3346 356 3426; x_wconf 83' lang='grc' dir='ltr'>ἀναφορὰ</span> <span class='ocrx_word' id='word_1_257' title='bbox 377 3344 439 3426; x_wconf 86' lang='grc' dir='ltr'>περί</span> <span class='ocrx_word' id='word_1_258' title='bbox 461 3351 509 3420; x_wconf 77' lang='grc' dir='ltr'>της</span> <span class='ocrx_word' id='word_1_259' title='bbox 531 3347 654 3422; x_wconf 88' lang='grc' dir='ltr'>τοιαὺιης</span> <span class='ocrx_word' id='word_1_260' title='bbox 671 3347 794 3424; x_wconf 85' lang='grc' dir='ltr'>ἐκλογῆς</span> <span class='ocrx_word' id='word_1_261' title='bbox 809 3347 877 3427; x_wconf 80' lang='grc' dir='ltr'>πρός</span> <span class='ocrx_word' id='word_1_262' title='bbox 891 3347 937 3405; x_wconf 82' lang='grc' dir='ltr'>τδν</span> <span class='ocrx_word' id='word_1_263' title='bbox 952 3345 1023 3406; x_wconf 77' lang='grc' dir='ltr'>κατὰ</span> <span class='ocrx_word' id='word_1_264' title='bbox 1037 3345 1146 3426; x_wconf 79' lang='grc' dir='ltr'>καιροὺς</span> <span class='ocrx_word' id='word_1_265' title='bbox 1163 3342 1347 3420; x_wconf 84' lang='grc' dir='ltr'>οίκουμενικδν</span> 
     </span>
     <span class='ocr_line' id='line_1_26' title="bbox 68 3465 1348 3549; baseline 0 -25"><span class='ocrx_word' id='word_1_266' title='bbox 68 3472 219 3549; x_wconf 81' lang='grc' dir='ltr'>τατριοὶρχην</span> <span class='ocrx_word' id='word_1_267' title='bbox 250 3467 297 3528; x_wconf 86' lang='grc' dir='ltr'>καί</span> <span class='ocrx_word' id='word_1_268' title='bbox 327 3469 396 3528; x_wconf 88' lang='grc' dir='ltr'>οὑτω</span> <span class='ocrx_word' id='word_1_269' title='bbox 427 3465 461 3528; x_wconf 83' lang='grc' dir='ltr'>δι’</span> <span class='ocrx_word' id='word_1_270' title='bbox 474 3467 702 3542; x_wconf 86' lang='grc' dir='ltr'>ἑκκληοιαοτικοῦ</span> <span class='ocrx_word' id='word_1_271' title='bbox 728 3471 893 3548; x_wconf 88' lang='grc' dir='ltr'>γράμματος</span> <span class='ocrx_word' id='word_1_272' title='bbox 920 3468 1136 3529; x_wconf 84' lang='grc' dir='ltr'>ἀποκαθιστῶται</span> <span class='ocrx_word' id='word_1_273' title='bbox 1159 3469 1174 3524; x_wconf 84' lang='grc' dir='ltr'>ὑ</span> <span class='ocrx_word' id='word_1_274' title='bbox 1195 3467 1348 3546; x_wconf 88' lang='grc' dir='ltr'>ήγοὺμενος</span> 
     </span>
     <span class='ocr_line' id='line_1_27' title="bbox 68 3589 1347 3671; baseline 0.002 -25"><span class='ocrx_word' id='word_1_275' title='bbox 68 3594 104 3648; x_wconf 79' lang='grc' dir='ltr'>τοῦ</span> <span class='ocrx_word' id='word_1_276' title='bbox 123 3591 297 3670; x_wconf 85' lang='grc' dir='ltr'>μσναστηρίσυ</span> <span class='ocrx_word' id='word_1_277' title='bbox 319 3591 420 3670; x_wconf 85' lang='grc' dir='ltr'>τοῦτου,</span> <span class='ocrx_word' id='word_1_278' title='bbox 443 3593 641 3666; x_wconf 86' lang='grc' dir='ltr'>σημειουμένου</span> <span class='ocrx_word' id='word_1_279' title='bbox 663 3590 709 3650; x_wconf 85' lang='grc' dir='ltr'>καὶ</span> <span class='ocrx_word' id='word_1_280' title='bbox 732 3595 778 3650; x_wconf 89' lang='grc' dir='ltr'>τοῦ</span> <span class='ocrx_word' id='word_1_281' title='bbox 801 3592 935 3666; x_wconf 88' lang='grc' dir='ltr'>όνόματος</span> <span class='ocrx_word' id='word_1_282' title='bbox 958 3593 1037 3650; x_wconf 86' lang='grc' dir='ltr'>αὑτοῦ</span> <span class='ocrx_word' id='word_1_283' title='bbox 1061 3591 1089 3650; x_wconf 91' lang='grc' dir='ltr'>ἐν</span> <span class='ocrx_word' id='word_1_284' title='bbox 1111 3589 1150 3671; x_wconf 82' lang='grc' dir='ltr'>τῷ</span> <span class='ocrx_word' id='word_1_285' title='bbox 1166 3589 1273 3670; x_wconf 72' lang='grc' dir='ltr'>ῥηθέντι</span> <span class='ocrx_word' id='word_1_286' title='bbox 1287 3590 1347 3648; x_wconf 89' lang='grc' dir='ltr'>κώ-</span> 
     </span>
     <span class='ocr_line' id='line_1_28' title="bbox 70 3709 1347 3792; baseline 0 -22"><span class='ocrx_word' id='word_1_287' title='bbox 70 3711 120 3790; x_wconf 76' lang='grc' dir='ltr'>δαι,</span> <span class='ocrx_word' id='word_1_288' title='bbox 141 3714 255 3792; x_wconf 85' lang='grc' dir='ltr'>όφειλων</span> <span class='ocrx_word' id='word_1_289' title='bbox 278 3715 339 3773; x_wconf 81' lang='grc' dir='ltr'>κατ’</span> <span class='ocrx_word' id='word_1_290' title='bbox 352 3714 412 3784; x_wconf 82' lang='grc' dir='ltr'>ἔτος</span> <span class='ocrx_word' id='word_1_291' title='bbox 436 3709 649 3785; x_wconf 77' lang='grc' dir='ltr'>ἐξαποστέλλειν</span> <span class='ocrx_word' id='word_1_292' title='bbox 674 3713 772 3792; x_wconf 81' lang='grc' dir='ltr'>ἀκριβῆ</span> <span class='ocrx_word' id='word_1_293' title='bbox 790 3713 974 3792; x_wconf 86' lang='grc' dir='ltr'>ἐνυπόγραφον</span> <span class='ocrx_word' id='word_1_294' title='bbox 990 3711 1036 3772; x_wconf 90' lang='grc' dir='ltr'>καὶ</span> <span class='ocrx_word' id='word_1_295' title='bbox 1053 3713 1243 3792; x_wconf 87' lang='grc' dir='ltr'>ένσφρόγιστον</span> <span class='ocrx_word' id='word_1_296' title='bbox 1258 3731 1347 3771; x_wconf 89' lang='grc' dir='ltr'>κατα-</span> 
     </span>
     <span class='ocr_line' id='line_1_29' title="bbox 70 3831 1350 3916; baseline -0.002 -24"><span class='ocrx_word' id='word_1_297' title='bbox 70 3838 158 3914; x_wconf 77' lang='grc' dir='ltr'>γραφήν</span> <span class='ocrx_word' id='word_1_298' title='bbox 178 3842 232 3896; x_wconf 83' lang='grc' dir='ltr'>τῶν</span> <span class='ocrx_word' id='word_1_299' title='bbox 254 3841 302 3895; x_wconf 90' lang='grc' dir='ltr'>τοῦ</span> <span class='ocrx_word' id='word_1_300' title='bbox 325 3836 401 3905; x_wconf 89' lang='grc' dir='ltr'>ἔτους</span> <span class='ocrx_word' id='word_1_301' title='bbox 421 3835 524 3894; x_wconf 87' lang='grc' dir='ltr'>ἐκείνου</span> <span class='ocrx_word' id='word_1_302' title='bbox 540 3841 762 3916; x_wconf 84' lang='grc' dir='ltr'>μοναστηριακῶν</span> <span class='ocrx_word' id='word_1_303' title='bbox 780 3833 891 3894; x_wconf 79' lang='grc' dir='ltr'>εἰσόδων</span> <span class='ocrx_word' id='word_1_304' title='bbox 907 3835 952 3894; x_wconf 87' lang='grc' dir='ltr'>καὶ</span> <span class='ocrx_word' id='word_1_305' title='bbox 968 3831 1084 3907; x_wconf 81' lang='grc' dir='ltr'>ἐξόδων·</span> <span class='ocrx_word' id='word_1_306' title='bbox 1110 3835 1187 3893; x_wconf 85' lang='grc' dir='ltr'>έκτον</span> <span class='ocrx_word' id='word_1_307' title='bbox 1202 3834 1220 3908; x_wconf 85' lang='grc' dir='ltr'>ή</span> <span class='ocrx_word' id='word_1_308' title='bbox 1236 3831 1350 3912; x_wconf 87' lang='grc' dir='ltr'>σφραγίς</span> 
     </span>
     <span class='ocr_line' id='line_1_30' title="bbox 69 3955 1347 4039; baseline 0.002 -28"><span class='ocrx_word' id='word_1_309' title='bbox 69 3963 105 4015; x_wconf 85' lang='grc' dir='ltr'>τοῦ</span> <span class='ocrx_word' id='word_1_310' title='bbox 124 3959 297 4039; x_wconf 69' lang='grc' dir='ltr'>μοναςτηρίσυ</span> <span class='ocrx_word' id='word_1_311' title='bbox 325 3959 446 4039; x_wconf 79' lang='grc' dir='ltr'>διαιρεθῇ</span> <span class='ocrx_word' id='word_1_312' title='bbox 474 3955 513 4028; x_wconf 88' lang='grc' dir='ltr'>εἰς</span> <span class='ocrx_word' id='word_1_313' title='bbox 535 3961 665 4033; x_wconf 84' lang='grc' dir='ltr'>τμήματα</span> <span class='ocrx_word' id='word_1_314' title='bbox 687 3959 806 4038; x_wconf 86' lang='grc' dir='ltr'>τέσσαρα</span> <span class='ocrx_word' id='word_1_315' title='bbox 829 3955 875 4016; x_wconf 85' lang='grc' dir='ltr'>καί</span> <span class='ocrx_word' id='word_1_316' title='bbox 897 3960 915 4034; x_wconf 87' lang='grc' dir='ltr'>ή</span> <span class='ocrx_word' id='word_1_317' title='bbox 940 3958 990 4032; x_wconf 85' lang='grc' dir='ltr'>μὲν</span> <span class='ocrx_word' id='word_1_318' title='bbox 1013 3957 1089 4032; x_wconf 83' lang='grc' dir='ltr'>λαβὴ</span> <span class='ocrx_word' id='word_1_319' title='bbox 1112 3955 1347 4036; x_wconf 88' lang='grc' dir='ltr'>παρακατατεθει-</span> 
     </span>
     <span class='ocr_line' id='line_1_31' title="bbox 72 4076 1348 4165; baseline -0.001 -29"><span class='ocrx_word' id='word_1_320' title='bbox 72 4081 125 4154; x_wconf 81' lang='grc' dir='ltr'>μένῃ</span> <span class='ocrx_word' id='word_1_321' title='bbox 152 4083 258 4165; x_wconf 81' lang='grc' dir='ltr'>ὑπάρχῃ</span> <span class='ocrx_word' id='word_1_322' title='bbox 288 4081 327 4158; x_wconf 83' lang='grc' dir='ltr'>τῷ</span> <span class='ocrx_word' id='word_1_323' title='bbox 356 4081 510 4159; x_wconf 81' lang='grc' dir='ltr'>ἡγουμένῳ,</span> <span class='ocrx_word' id='word_1_324' title='bbox 544 4081 578 4138; x_wconf 80' lang='grc' dir='ltr'>τὰ</span> <span class='ocrx_word' id='word_1_325' title='bbox 607 4079 638 4138; x_wconf 86' lang='grc' dir='ltr'>δέ</span> <span class='ocrx_word' id='word_1_326' title='bbox 667 4082 786 4159; x_wconf 87' lang='grc' dir='ltr'>τέσσαρα</span> <span class='ocrx_word' id='word_1_327' title='bbox 815 4083 945 4154; x_wconf 78' lang='grc' dir='ltr'>τμήματα</span> <span class='ocrx_word' id='word_1_328' title='bbox 968 4081 1092 4158; x_wconf 86' lang='grc' dir='ltr'>τέσσαρσι</span> <span class='ocrx_word' id='word_1_329' title='bbox 1116 4076 1348 4156; x_wconf 83' lang='grc' dir='ltr'>συγκοινοβιάταις</span> 
     </span>
     <span class='ocr_line' id='line_1_32' title="bbox 71 4199 1347 4284; baseline -0.003 -23"><span class='ocrx_word' id='word_1_330' title='bbox 71 4207 189 4284; x_wconf 82' lang='grc' dir='ltr'>πατράσιν,</span> <span class='ocrx_word' id='word_1_331' title='bbox 213 4207 410 4284; x_wconf 85' lang='grc' dir='ltr'>ἐκλεγομένοις</span> <span class='ocrx_word' id='word_1_332' title='bbox 426 4209 523 4272; x_wconf 80' lang='grc' dir='ltr'>κοινῶς</span> <span class='ocrx_word' id='word_1_333' title='bbox 538 4204 612 4283; x_wconf 74' lang='grc' dir='ltr'>παρὰ</span> <span class='ocrx_word' id='word_1_334' title='bbox 626 4206 733 4262; x_wconf 87' lang='grc' dir='ltr'>πάντων</span> <span class='ocrx_word' id='word_1_335' title='bbox 749 4209 802 4261; x_wconf 84' lang='grc' dir='ltr'>τών</span> <span class='ocrx_word' id='word_1_336' title='bbox 818 4202 1046 4279; x_wconf 83' lang='grc' dir='ltr'>συγκοινοβιατῶν</span> <span class='ocrx_word' id='word_1_337' title='bbox 1061 4202 1200 4280; x_wconf 84' lang='grc' dir='ltr'>πατέρων·</span> <span class='ocrx_word' id='word_1_338' title='bbox 1230 4199 1347 4274; x_wconf 82' lang='grc' dir='ltr'>ἕβδομον</span> 
     </span>
     <span class='ocr_line' id='line_1_33' title="bbox 73 4323 1347 4408; baseline 0.001 -28"><span class='ocrx_word' id='word_1_339' title='bbox 73 4324 91 4380; x_wconf 87' lang='grc' dir='ltr'>ά</span> <span class='ocrx_word' id='word_1_340' title='bbox 115 4326 330 4408; x_wconf 87' lang='grc' dir='ltr'>ἐπιτετραμμένοι</span> <span class='ocrx_word' id='word_1_341' title='bbox 356 4327 390 4385; x_wconf 89' lang='grc' dir='ltr'>τά</span> <span class='ocrx_word' id='word_1_342' title='bbox 417 4327 535 4405; x_wconf 89' lang='grc' dir='ltr'>τέσσαρα</span> <span class='ocrx_word' id='word_1_343' title='bbox 562 4328 692 4400; x_wconf 82' lang='grc' dir='ltr'>τμήματα</span> <span class='ocrx_word' id='word_1_344' title='bbox 719 4324 765 4384; x_wconf 86' lang='grc' dir='ltr'>καὶ</span> <span class='ocrx_word' id='word_1_345' title='bbox 793 4326 842 4400; x_wconf 82' lang='grc' dir='ltr'>τήν</span> <span class='ocrx_word' id='word_1_346' title='bbox 870 4326 960 4400; x_wconf 80' lang='grc' dir='ltr'>λαβήν</span> <span class='ocrx_word' id='word_1_347' title='bbox 984 4327 1022 4399; x_wconf 83' lang='grc' dir='ltr'>μή</span> <span class='ocrx_word' id='word_1_348' title='bbox 1048 4325 1145 4401; x_wconf 80' lang='grc' dir='ltr'>ἔχωσιν</span> <span class='ocrx_word' id='word_1_349' title='bbox 1169 4323 1262 4384; x_wconf 86' lang='grc' dir='ltr'>ἀδειαν</span> <span class='ocrx_word' id='word_1_350' title='bbox 1285 4323 1347 4384; x_wconf 82' lang='grc' dir='ltr'>καθ’</span> 
     </span>
     <span class='ocr_line' id='line_1_34' title="bbox 74 4444 1348 4532; baseline -0.001 -29"><span class='ocrx_word' id='word_1_351' title='bbox 74 4448 163 4522; x_wconf 65' lang='grc' dir='ltr'>ἑαυτοὺς</span> <span class='ocrx_word' id='word_1_352' title='bbox 188 4451 341 4532; x_wconf 76' lang='grc' dir='ltr'>οφραγίζειν</span> <span class='ocrx_word' id='word_1_353' title='bbox 365 4449 585 4530; x_wconf 87' lang='grc' dir='ltr'>μσναοτηριακάς</span> <span class='ocrx_word' id='word_1_354' title='bbox 607 4448 777 4528; x_wconf 87' lang='grc' dir='ltr'>χρεωστικάς</span> <span class='ocrx_word' id='word_1_355' title='bbox 800 4447 961 4526; x_wconf 76' lang='grc' dir='ltr'>ὁμολογίας,</span> <span class='ocrx_word' id='word_1_356' title='bbox 991 4447 1058 4506; x_wconf 81' lang='grc' dir='ltr'>ἀλλ’</span> <span class='ocrx_word' id='word_1_357' title='bbox 1071 4445 1115 4504; x_wconf 87' lang='grc' dir='ltr'>ἐπὶ</span> <span class='ocrx_word' id='word_1_358' title='bbox 1136 4444 1270 4526; x_wconf 83' lang='grc' dir='ltr'>παρουσίᾳ</span> <span class='ocrx_word' id='word_1_359' title='bbox 1295 4449 1348 4503; x_wconf 85' lang='grc' dir='ltr'>τών</span> 
     </span>
     <span class='ocr_line' id='line_1_35' title="bbox 73 4567 1348 4653; baseline 0 -27"><span class='ocrx_word' id='word_1_360' title='bbox 73 4576 261 4653; x_wconf 82' lang='grc' dir='ltr'>τρονριτοτέρων</span> <span class='ocrx_word' id='word_1_361' title='bbox 287 4573 394 4644; x_wconf 86' lang='grc' dir='ltr'>ἐντοῖς</span> <span class='ocrx_word' id='word_1_362' title='bbox 417 4573 648 4650; x_wconf 85' lang='grc' dir='ltr'>συγκοινοβιαὶταις</span> <span class='ocrx_word' id='word_1_363' title='bbox 670 4573 900 4650; x_wconf 87' lang='grc' dir='ltr'>ὑπογραφομένων</span> <span class='ocrx_word' id='word_1_364' title='bbox 923 4570 1057 4630; x_wconf 83' lang='grc' dir='ltr'>κάκείνων</span> <span class='ocrx_word' id='word_1_365' title='bbox 1081 4568 1160 4640; x_wconf 88' lang='grc' dir='ltr'>ἰδίαις</span> <span class='ocrx_word' id='word_1_366' title='bbox 1183 4568 1286 4648; x_wconf 88' lang='grc' dir='ltr'>χερσίν,</span> <span class='ocrx_word' id='word_1_367' title='bbox 1322 4567 1348 4626; x_wconf 84' lang='grc' dir='ltr'>σί</span> 
     </span>
    </p>
   </div>
   <div class='ocr_carea' id='block_1_5' title="bbox 75 4687 1347 4776">
    <p class='ocr_par' dir='ltr' id='par_1_5' title="bbox 75 4687 1347 4776">
     <span class='ocr_line' id='line_1_36' title="bbox 75 4687 1347 4776; baseline -0.003 -26"><span class='ocrx_word' id='word_1_368' title='bbox 75 4689 96 4750; x_wconf 78' lang='grc' dir='ltr'>δὲ</span> <span class='ocrx_word' id='word_1_369' title='bbox 116 4697 148 4770; x_wconf 83' lang='grc' dir='ltr'>μὴ</span> <span class='ocrx_word' id='word_1_370' title='bbox 169 4698 237 4757; x_wconf 77' lang='grc' dir='ltr'>κατὰ</span> <span class='ocrx_word' id='word_1_371' title='bbox 259 4700 304 4756; x_wconf 77' lang='grc' dir='ltr'>τὀν</span> <span class='ocrx_word' id='word_1_372' title='bbox 329 4695 470 4775; x_wconf 81' lang='grc' dir='ltr'>εἰρημένον</span> <span class='ocrx_word' id='word_1_373' title='bbox 490 4698 586 4776; x_wconf 86' lang='grc' dir='ltr'>τρόπον</span> <span class='ocrx_word' id='word_1_374' title='bbox 606 4695 799 4773; x_wconf 86' lang='grc' dir='ltr'>γεγραμμέναι</span> <span class='ocrx_word' id='word_1_375' title='bbox 818 4693 864 4753; x_wconf 88' lang='grc' dir='ltr'>καί</span> <span class='ocrx_word' id='word_1_376' title='bbox 881 4695 1090 4774; x_wconf 87' lang='grc' dir='ltr'>ἐσφραγισμέναι</span> <span class='ocrx_word' id='word_1_377' title='bbox 1106 4690 1253 4770; x_wconf 77' lang='grc' dir='ltr'>ὁμολογίαι</span> <span class='ocrx_word' id='word_1_378' title='bbox 1268 4687 1347 4764; x_wconf 85' lang='grc' dir='ltr'>νομί-</span> 
     </span>
    </p>
   </div>
   <div class='ocr_carea' id='block_1_6' title="bbox 0 0 1602 5298">
    <p class='ocr_par' dir='ltr' id='par_1_6' title="bbox 0 0 1602 5298">
     <span class='ocr_line' id='line_1_37' title="bbox 0 0 1602 5298; baseline 0 0"><span class='ocrx_word' id='word_1_379' title='bbox 0 0 1602 5298; x_wconf 95' lang='lat' dir='ltr'> </span> 
     </span>
    </p>
   </div>
  </div>
 </body>
</html>
