3222 5284
216 273 281 340 328

216 467 282 537 θεός
305 466 428 545 ἀρχηγός
450 463 497 524 καί
521 466 603 546 δοτὴρ
627 466 820 544 ἐχρημάτισεν,
844 465 858 524 ό
881 465 971 544 σωτήρ
993 467 1072 540 ἡμῶν
1088 465 1127 535 ὡς
1142 463 1257 540 ἀληθῶς
1273 465 1381 540 Ἰησοῦς
1398 463 1465 524 καὶ
1487 465 1564 536 θεὶς

217 589 278 663 μεθ’
289 590 379 666 ἡμῶν,
402 587 432 646 τό
455 589 530 666 μέγα
550 590 628 646 τούτο
650 586 722 646 κατὰ
743 587 788 645 τόν
813 587 890 662 ἅγιον
912 580 1028 644 Ἠσαίαν
1049 589 1095 644 τού
1111 585 1294 660 Ἐμμανουήλ
1317 587 1562 661 σημαινόμενον

216 708 265 770 καί
287 710 445 786 σεβάσμιον,
469 709 502 768 ἐκ
523 729 554 767 τε
575 711 621 767 τοῦ
645 709 683 783 μὴ
707 707 783 778 ὄντος
806 705 845 778 είς
867 709 897 766 τ“ο
921 702 991 766 είναι
1012 706 1184 787 παραγαγὼν
1206 705 1253 766 καὶ
1276 709 1307 766 τό
1331 705 1362 767 εὖ
1388 703 1481 766 εἶναι
1509 707 1561 765 διὰ

215 834 323 891 πάντων
344 832 410 906 ἡμῖν
432 832 618 909 χαρισάμενος
639 827 686 889 καὶ
708 829 788 908 λόγῳ
810 829 965 904 τετιμηκὼς
986 827 1033 888 καὶ
1056 831 1180 908 κριτήρια
1200 833 1253 888 τῶν
1277 827 1375 909 όντων,
1403 827 1557 902 αἴσθησίν

149 953 155 964 ’
215 973 246 1012 τε
269 951 316 1012 καὶ
338 956 397 1011 νούν
421 951 626 1030 δωρησάμενος,
649 951 696 1009 καὶ
719 951 821 1021 τούτοις
843 955 897 1010 τῶν
921 949 966 1009 ἐπὶ
988 955 1042 1027 γῆς
1065 949 1215 1025 διαστήσας
1238 952 1316 1021 ζώων
1331 949 1383 1010 καὶ
1402 951 1555 1026 βασιλέα

216 1073 319 1145 τούτοις
343 1074 488 1147 ἐπιστήσας
510 1075 556 1132 τόν
581 1073 721 1152 ἀνθρωτον
745 1071 959 1146 βασιλευόμενοι
983 1072 1095 1132 ἀνωθεν.
1142 1070 1210 1150 ,καὶ
1231 1071 1257 1130 τί
1280 1074 1314 1130 ἀν
1337 1071 1554 1146 ἀποδώσομεν

217 1195 256 1272 τῷ
278 1193 362 1275 κυρίῳ
378 1193 438 1275 περὶ
456 1196 565 1254 πάντων
581 1188 618 1253 ῶν
642 1192 834 1252 ἀνταπέδωκεν
850 1193 951 1268 ήμῖνίί·
974 1198 1008 1274 τῇ
1032 1192 1205 1274 ἀιημιουργίᾳ
1228 1191 1475 1273 συμπαραζεύξας
1494 1191 1551 1251 καί

217 1317 345 1396 πρόνοιαν
360 1313 407 1374 καὶ
423 1314 528 1374 σὐόέπω
545 1317 626 1393 μέχρι
641 1313 688 1374 καὶ
705 1315 784 1394 δεῦρο
799 1314 847 1384 τὰς
863 1319 916 1373 τῶν
933 1313 1044 1391 ἀγαθῶν
1059 1316 1125 1390 ἡμῖν
1142 1314 1264 1392 θαψιλάς
1274 1315 1369 1392 πηγὰς
1385 1315 1547 1392 ἐπισχών·
1588 1337 1589 1358 ι

219 1432 250 1509 ἐξ
274 1429 304 1496 ού
328 1436 362 1512 δὴ
386 1435 432 1496 καί
456 1436 568 1516 ούρανόν
593 1437 713 1515 ἐγύρωσε
736 1434 783 1495 καὶ
804 1439 903 1515 χρόνον
920 1436 1043 1511 διέστησε
1060 1434 1107 1495 καί
1123 1433 1222 1513 ἐξέχεε
1237 1434 1284 1495 καί
1300 1436 1462 1513 ύρήπλωσε
1482 1440 1545 1514 γῆν

157 1553 161 1561 '
217 1557 339 1618 καὶτῶν
362 1559 509 1637 δρωμένων
534 1559 652 1640 ἑπόπτην
675 1559 720 1616 τόν
743 1558 885 1638 ἄνθρωπον
908 1559 1102 1632 κατεστήσατο.
1134 1556 1250 1635 μεγάλα
1273 1557 1324 1631 μὲν
1348 1553 1397 1616 ούν
1424 1555 1463 1630 δὴ
1487 1555 1544 1615 καὶ

217 1681 302 1738 ταύτα
323 1676 371 1737 καί
392 1684 442 1754 τής
463 1679 689 1758 πρακτικωτάτης
710 1677 872 1738 τούτωνκαὶ
894 1680 1126 1754 συνεκτικωτοίτης
1149 1677 1292 1754 δυνάμεως
1309 1675 1372 1750 ἀξια
1387 1677 1470 1736 κατὰ
1486 1679 1540 1736 τ’σν

219 1800 308 1877 μέγαν
330 1802 410 1878 ράναι
433 1799 534 1874 Δαβίδ·
559 1799 663 1878 ,,ἐλεον
679 1800 759 1858 αύτού
772 1800 813 1871 τίς
834 1800 976 1874 ἐκζητήσει
991 1799 1057 1859 ποτέ
1073 1798 1120 1858 καί
1135 1798 1306 1890 ἀλήθειανίίρ
1329 1799 1399 1858 ἀλλ’
1413 1792 1477 1858 οἷον
1497 1798 1537 1873 δή

218 1941 250 1979 σε
264 1921 330 1995 ήμῖν
347 1919 449 1998 ἀγαθόν
465 1922 480 1979 ό
496 1921 696 2001 μεγαλόδωρος
712 1921 881 2002 ἐδωρήσατο,
896 1922 1050 1996 πνεύματός
1060 1943 1091 1980 τε
1104 1916 1182 1998 ἁγίου
1199 1921 1340 1992 ἑπέλευσις
1350 1919 1399 1980 καί
1412 1919 1536 1997 ὑψίστου

220 2042 400 2101 ἐπισκιάσασα
428 2041 542 2117 δύναμις
564 2039 610 2100 καί
632 2043 698 2101 ναόν
721 2041 809 2120 ἑαυτῷ
832 2043 946 2122 λογικόν
968 2063 999 2102 τε
1021 2041 1068 2102 καὶ
1092 2043 1224 2122 ἔμψυχον,
1253 2042 1398 2121 ἀχροίντως
1422 2061 1454 2099 τε
1480 2040 1534 2100 καὶ

219 2161 404 2236 ἀμεταβόλως
428 2162 536 2222 ἐκτῶν
559 2168 613 2222 σῶν
640 2163 809 2242 παρθενικῶν
836 2166 982 2242 πανόγνων
1011 2163 1132 2239 αίμοὶτων
1155 2164 1377 2238 ὑποστησάμενος
1399 2160 1449 2222 καί
1474 2163 1529 2222 ὑπό

218 2286 328 2362 χρόνον,
353 2283 418 2363 ἀτερ
440 2285 542 2363 πατρός
566 2283 599 2344 ἐκ
621 2287 667 2343 σού
689 2283 829 2362 γεννηθεὶς
846 2285 860 2343 ό
879 2286 931 2363 πρό
952 2283 1058 2344 αἰώνων
1082 2280 1148 2365 οἷτερ
1169 2287 1271 2366 μητρός
1291 2285 1339 2364 ρθς
1355 2284 1389 2344 ἐκ
1406 2287 1526 2364 πατρός.

221 2403 288 2464 ἀλλ’
301 2397 356 2462 οἷον
379 2404 413 2478 δή
437 2424 468 2463 σε
490 2406 556 2479 ήμϊν
579 2405 692 2484 ἀγαθόν,
716 2407 783 2484 ὅπερ
807 2406 883 2486 ἔφην,
910 2407 925 2464 ό
946 2405 993 2466 καί
1016 2411 1070 2465 τῶν
1093 2405 1190 2466 ἄλλων
1212 2408 1277 2481 ἡμῖν
1300 2406 1413 2484 ἀγαθῶν
1438 2403 1526 2484 ἀστήρ

222 2523 390 2604 ἐδωρήσατο,
418 2525 544 2600 κλίμακοί
566 2547 596 2586 τε
625 2526 728 2606 ἑταίρας
751 2525 798 2586 καί
825 2526 992 2606 ὑραπλῶσας
1014 2549 1045 2587 σε
1072 2530 1191 2608 γέφυραν
1218 2529 1286 2608 πρός
1314 2529 1425 2606 ούρανάν
1449 2527 1523 2586 ἀνοί-

221 2667 322 2725 γουσαν
345 2649 363 2720 ἢ
391 2647 563 2724 μετάγουοαν
585 2647 615 2707 τό
644 2648 820 2727 ἀνθρώπινον,
848 2648 905 2708 οὔδ’
918 2647 943 2708 εἰ
969 2645 1110 2723 ξύμπαντα
1132 2651 1177 2709 τὀν
1205 2651 1315 2729 ούρανόν
1338 2650 1406 2728 πρός
1428 2650 1521 2727 φωνὴν

222 2768 389 2843 ἀναλωθῆναι
417 2768 481 2842 μίαν
506 2769 625 2848 ἐγένετο,
654 2767 739 2841 ἀξίως
761 2772 794 2830 ἀν
822 2765 898 2845 οἶμαι
920 2773 1090 2851 ήρμήνευσεν
1112 2774 1130 2846 ἢ
1155 2769 1291 2845 ἐξύμνησε
1313 2771 1344 2830 τ“ο
1367 2771 1519 2848 μεγαλεῖον

221 2895 267 2951 τού
291 2886 378 2970 ἀώρου
405 2891 497 2950 τούτου
519 2891 549 2950 τό
577 2888 710 2964 ἀξιόθεον.
757 2893 818 2972 ,τίς
840 2892 893 2972 γάρ
921 2893 1044 2967 λαλήσει
1066 2893 1116 2965 τὰς
1139 2889 1298 2964 δυναστείας
1319 2896 1365 2953 τοῦ
1387 2891 1475 2972 κυρίου
1497 2895 1516 2965 ή

221 3012 262 3083 τίς
285 3012 419 3082 ἀκουοτάς
440 3015 548 3086 ποιήσει
570 3015 661 3085 παίσας
683 3014 732 3086 τὰς
756 3013 872 3086 αἰνέσεις
895 3013 994 3074 αίιτούίι
1017 3015 1115 3090 ήπσία
1129 3013 1245 3093 γλῶσσα
1259 3014 1308 3085 τάς
1328 3014 1455 3073 ἑκάστοτε
1470 3012 1515 3072 διὰ

222 3138 268 3192 σού
296 3132 454 3214 θεοσημίας,
488 3131 510 3194 ὧ
537 3138 746 3215 κεχαριτωμένη
769 3139 815 3194 τοῦ
842 3136 918 3195 θεοῦ.
931 3135 1017 3214 λόγου
1045 3141 1141 3216 μῆτερ,
1174 3136 1376 3215 ἐκθιηγήσεται,
1406 3127 1446 3207 αἷς
1466 3133 1513 3194 καὶ

222 3257 252 3313 τό
274 3261 324 3331 τής
346 3257 408 3316 θεόν
431 3257 573 3336 στερέωμα
595 3256 711 3328 πίστεως
735 3259 811 3330 μένει
827 3257 996 3337 ἀκροίάαντον
1012 3256 1059 3317 καί
1075 3256 1203 3331 ἀσεβείας
1218 3257 1386 3335 καθαιρεῖτιιι
1400 3256 1430 3314 τὰ
1445 3256 1510 3333 όχυ-

224 3377 337 3455 ρῶματα
359 3375 406 3436 καί,
428 3378 446 3451 ή
470 3375 530 3456 ίερά
552 3378 683 3456 θρησκεία
704 3379 775 3437 κατά
790 3379 905 3458 Χριστόν
929 3379 972 3438 ἐπὶ
995 3377 1033 3458 τῷ
1056 3379 1179 3458 θεμελίῳ
1201 3384 1254 3438 τῶν
1271 3378 1426 3438 ἀποστόλων
1442 3377 1508 3458 ἀρα-

224 3498 309 3576 ρότως
343 3497 509 3578 ἐστήρικται·
540 3498 579 3569 τίς
611 3496 711 3571 ἐξείποι
741 3499 790 3572 τὰς
819 3505 872 3559 τῶν
903 3507 957 3560 σῶν
985 3502 1128 3576 θαυμάτων
1160 3500 1389 3579 μεγαλειότητος,
1414 3499 1449 3570 τίς
1475 3500 1507 3558 τὰ

223 3617 294 3677 κατὰ
317 3616 457 3698 διαφόρους
480 3619 590 3699 καιρούς
615 3618 778 3699 ἐξηγήσεται
800 3623 916 3702 τέρατα;
944 3623 983 3694 τίς
1008 3620 1158 3702 ἐξαγγελεῖ
1179 3643 1227 3681 σου
1237 3619 1259 3704 ¹)
1282 3621 1315 3682 τά
1339 3620 1468 3700 μεγαλεῖα
1489 3625 1505 3696 ή
1588 3687 1589 3702 ,

224 3737 257 3798 τά
282 3737 426 3818 παράδοξα
455 3737 638 3816 έξυμνήσειεν,
668 3733 708 3814 οἷς
730 3741 776 3801 καὶ
803 3742 945 3816 βασιλείαν
968 3745 1110 3824 κρατύνεις
1132 3742 1178 3803 καὶ
1201 3743 1341 3822 καθαιρεῖς
1362 3740 1504 3822 τυραννίδας

223 3859 270 3920 καί
295 3863 337 3921 ἐπ’
352 3862 443 3922 ἐλπίδι
474 3862 586 3934 εύζωίας
617 3863 776 3940 μελλούσης
798 3867 828 3924 τό
858 3865 972 3943 φύλονῖ)
996 3868 1177 3942 κατασκηνοϊς
1199 3867 1229 3924 τό
1252 3867 1501 3944 χριστιοτνικύτατον,

226 3981 287 4058 ἐμοὶ
310 3982 340 4042 δὲ
364 3983 396 4059 δὴ
420 3985 459 4056 τίς
483 3988 515 4044 ἀν
538 3987 644 4062 γένοιτο
667 3986 765 4065 λόγος,
789 3981 812 4045 ὦ
834 3990 887 4045 τῶν
904 3987 1091 4066 ότερκοσμίων
1108 3989 1231 4046 ἁπάντων
1247 3988 1439 4065 θεογεννήτρια,
1458 3985 1501 4060 τὴν

224 4111 277 4164 τῶν
299 4105 360 4185 περὶ
385 4107 435 4180 ἐμέ
458 4125 504 4165 σου
528 4108 683 4182 θαυμασίων
709 4105 738 4181 ἐξ
766 4108 883 4168 ἀπολῶν
907 4108 1011 4187 όνύχων
1035 4106 1074 4178 είς
1096 4109 1160 4168 τόδε
1182 4107 1292 4182 ἡλικίας
1316 4107 1500 4183 μεγαλειότητα

1588 4075 1589 4116 ι

1588 4119 1589 4196 ί

224 4231 242 4300 ή
266 4227 362 4299 ἁπλῶς
387 4225 570 4306 ἐξηγούμενος
592 4233 609 4302 ή
633 4233 803 4310 πειρώμενος
828 4227 949 4306 έξυμνεϊν
972 4229 1019 4290 καὶ
1043 4233 1072 4290 τό
1094 4237 1143 4306 τής
1165 4229 1227 4310 περὶ
1250 4229 1301 4305 ἐμέ
1317 4249 1363 4288 σου
1379 4229 1407 4287 ἐκ
1426 4249 1497 4308 σπαρ-

224 4351 316 4425 γάνων
340 4350 378 4409 ἔτι
407 4353 590 4430 χρηστότητος
621 4349 807 4428 ἐξηγήσασθαι
837 4353 975 4433 πέλαγος,
1007 4356 1040 4412 τοί
1062 4373 1092 4412 τε
1114 4356 1168 4432 γάρ
1192 4373 1239 4427 μοι
1260 4353 1327 4431 πρός
1349 4350 1450 4428 γένεσιν,
1477 4347 1496 4408 ὦ

331 4609 350 4674 ¹)
370 4625 408 4658 σοι
427 4610 462 4659 Μ.
534 4611 555 4673 ²)
575 4608 668 4675 φύλλον
687 4611 715 4660 C.
735 4611 840 4660 emend.
859 4611 894 4659 M.
