3486 5282
372 266 435 330 190

371 462 561 541 ὑφηγουμένας
582 459 629 522 καί
653 461 805 540 ἑνηχοῦοας
829 462 899 537 ὑμῖν.
938 457 1052 542 ἀλλ’,ὧ
1075 461 1204 523 δέσποινα
1226 461 1273 524 καὶ
1295 459 1374 542 κυρία
1396 464 1514 541 πάντων,
1536 459 1558 522 ἰυ
1578 461 1666 534 δούλη

370 582 417 644 καί
443 589 530 666 μῆτερ
553 584 669 664 Χριστοῦ
695 587 742 644 τοῦ
768 584 907 659 βασιλέως
929 582 977 644 καί
999 584 1129 661 ἀληθινοῦ
1152 586 1215 646 θεοῦ
1236 587 1327 664 ἡμῶν,
1358 581 1382 645 ὦ
1403 586 1507 666 γέφυρα
1528 585 1592 665 πρὸς
1614 585 1667 658 τὴν

370 707 461 782 ἀπαθῆ
489 704 536 766 καί
564 703 701 787 μακαρίαν
728 706 801 781 ζωὴν
828 704 1024 781 διαβιβάζουσα
1046 704 1093 767 καὶ
1114 703 1221 783 κλῖμαξ
1242 707 1311 787 πρός
1333 707 1444 786 οἰιρανόν
1467 706 1610 786 ἀνάγουσα,
1644 702 1669 764 ὦ

369 828 419 888 ναὲ
442 829 611 910 θεοχώρητε,
635 828 664 888 ἐν
685 821 705 910 ᾖ
728 827 844 908 Χριστός
866 825 980 903 οἰκήσας
1004 822 1050 888 διὰ
1071 829 1221 907 σπλάγχνα
1244 827 1342 900 ἐλέους
1355 827 1445 898 ,αῦτοῦ
1468 824 1609 908 εἰργάσατο
1636 828 1669 886 τό

371 953 446 1031 μέγα
472 956 522 1026 τῆς
548 951 627 1026 ήμιῦν
654 947 789 1031 σωτηρίας
816 952 970 1030 μυστήριον,
1000 948 1085 1022 λῦσας
1112 951 1143 1010 τό
1170 956 1219 1027 τῆς
1247 950 1350 1032 ἔχθρας
1378 952 1540 1029 μεσότοιχον
1564 947 1609 1010 καὶ
1633 949 1671 1008 τὰ

370 1073 478 1153 ἐπίγεια
499 1075 556 1146 τοῖς
578 1073 711 1154 οθρανίοις
734 1068 849 1154 ἑνώοας,
871 1069 894 1134 ἰν
917 1074 1006 1134 κοινόν
1028 1077 1075 1134 τοῦ
1097 1074 1251 1150 σύμπαντος
1273 1074 1376 1150 κόσμου
1390 1075 1458 1155 πρδς
1473 1076 1536 1135 θεόν
1551 1073 1669 1150 ἱλαστή-

369 1217 437 1277 ριον,
459 1189 527 1277 ᾗτινι
549 1194 580 1256 τό
602 1196 800 1276 φροντιστήριον
823 1195 925 1256 ἀνεῖται
946 1199 1023 1256 τοῦτο
1043 1193 1089 1256 καὶ
1104 1197 1268 1276 καθιέρωται
1281 1195 1329 1257 καί
1343 1195 1382 1278 τῷ
1398 1197 1604 1278 μεγαλοπρεπεῖ
1619 1217 1670 1256 σου

370 1317 482 1392 όνόματι
503 1316 643 1394 τετίμηται
664 1315 711 1378 καί
734 1314 903 1397 δεδόξασται,
927 1317 1021 1396 δέχοιο
1043 1316 1104 1390 τοῦς
1125 1319 1275 1399 ἡμετέρους
1297 1318 1409 1397 ἀγιῦνσς
1430 1317 1479 1380 καὶ
1492 1320 1598 1398 πόνους,
1621 1319 1670 1388 σῦς

369 1440 437 1520 πρός
460 1439 582 1500 σῦσταοιν
604 1439 684 1500 αὺτοῦ
705 1438 829 1510 πολλοῦς
850 1437 897 1499 καὶ
920 1439 1072 1519 μεγάλους,
1095 1440 1134 1511 ὡς
1149 1434 1236 1519 οἶμαι,
1258 1439 1507 1521 καταβαλλόμεθα,
1530 1439 1577 1500 καί
1590 1439 1669 1500 ἀντι-

371 1561 448 1640 δοίης
468 1565 525 1635 τοῖς
547 1557 669 1634 ἀναξίοις
689 1561 754 1639 ήμῖν
776 1559 916 1622 κατοικίαν
931 1561 960 1621 ἐν
975 1563 1035 1633 ταῖς
1050 1561 1107 1622 ἀνω
1123 1564 1228 1642 μοναῖς,
1252 1561 1324 1622 κατὰ
1338 1563 1452 1643 σμικρόν
1467 1561 1499 1622 δέ
1513 1567 1590 1624 τοῦτο
1605 1565 1636 1622 τ“ο
1649 1564 1670 1638 ¹)
1716 1641 1717 1650 ρ

371 1683 582 1766 εῦπερίγραπτον
604 1683 727 1762 ποίμνιον
752 1683 919 1766 διατηρήσας
942 1683 1178 1764 ἀνεπιβούλευτον,
1201 1681 1249 1744 καί
1269 1682 1366 1760 ήθεία
1379 1687 1461 1766 χάρις
1475 1691 1525 1761 τῆς
1540 1690 1591 1762 σῆς
1606 1684 1669 1744 ἐπι-

369 1813 474 1883 σκοπῆς
496 1805 687 1883 συμποιμαίνοι
710 1805 749 1886 τῷ
770 1805 843 1866 κατὰ
863 1805 956 1887 καιρόν
979 1805 1147 1882 ποιμαίνοντι
1168 1809 1245 1866 τοῦτο
1268 1804 1315 1866 καί
1336 1805 1459 1888 ἐκτρέφοι
1480 1805 1606 1884 δαψιλῶς
1620 1805 1670 1866 καί

368 1929 507 2002 πλουσίως
528 1927 575 1990 καὶ
596 1931 658 1990 πῖον
681 1930 906 2010 συναπεργάζσιτο
922 1930 1038 2009 Χριστοῦ
1060 1931 1106 1989 τοῦ
1129 1928 1323 2009 ἀρχιποίμενος
1343 1925 1420 2002 ἀξιον
1439 1923 1487 1990 καὶ
1501 1932 1670 2012 παρασταῖεν

370 2051 422 2128 μὲν
449 2049 521 2131 αῦτῷ
549 2053 650 2124 πάντες
672 2052 739 2128 όμοῦ
761 2048 809 2112 καί
831 2052 960 2127 ποιμένες
981 2047 1028 2112 καί
1049 2050 1173 2127 ποίμνιον
1195 2050 1311 2133 καθαροὶ
1333 2049 1381 2112 καὶ
1402 2050 1526 2134 λαμπροὶ
1547 2051 1596 2113 καὶ
1618 2058 1670 2127 τῆς

371 2176 426 2236 ἀνω
454 2173 576 2255 μάνδρας
603 2175 653 2235 οῦκ
679 2173 853 2246 ἀποδέοντες.
884 2171 988 2256 τεκνία,
1015 2173 1138 2250 μίμνητέ
1161 2195 1213 2250 μου
1234 2179 1284 2251 τῆς
1305 2175 1372 2255 πρός
1394 2175 1465 2251 ῦμάς
1487 2175 1599 2255 ἀγάπης
1621 2173 1670 2240 καί
1717 2195 1718 2212 ³

369 2301 502 2376 πατρικῆς
533 2295 690 2376 διαθέσεως,
718 2294 766 2356 καὶ
792 2296 976 2378 θπερεθχεσθε
1002 2301 1052 2372 τῆς
1075 2296 1145 2373 ἐμῆς
1168 2295 1338 2378 ἀθλιότητος,
1366 2298 1404 2368 ὡς
1432 2299 1466 2356 ἀν
1487 2296 1595 2374 τῦχσιμι
1619 2301 1670 2374 πής

370 2417 481 2502 μερίδος
502 2423 556 2480 τῶν
578 2420 751 2496 σωζομένων,
774 2419 897 2500 εὑρηκὼς
918 2417 1069 2500 παρρησίαν
1089 2417 1209 2480 τινὰκαὶ
1224 2417 1335 2500 μετρίαν
1350 2421 1440 2500 χάριν,
1464 2417 1600 2494 μεσιτεθκς
1616 2423 1668 2494 τῆς

370 2541 538 2623 θεομήτορος
560 2539 607 2602 καί
628 2547 682 2602 τῶν
703 2542 846 2624 ἡμετέρων
867 2544 957 2602 πόνων
979 2539 1027 2602 καί
1049 2539 1135 2620 ἁγίων
1158 2541 1247 2620 εθχῶν
1270 2537 1315 2602 ἐπί
1336 2545 1383 2602 τοῦ
1404 2541 1519 2621 φοβεροῦ
1540 2539 1667 2617 βήματος
1718 2608 1719 2618 ,

368 2668 414 2726 τοῦ
441 2663 532 2746 κυρίου
559 2663 606 2726 καί
628 2670 750 2746 σωτῆρος
772 2666 851 2742 ήμῶν
874 2664 965 2741 ’ίηοοῦ
987 2665 1111 2745 Χριστοῦ,
1139 2659 1202 2744 ίρή
1225 2659 1362 2736 δόξακαί
1382 2663 1414 2723 τῦ
1435 2665 1535 2745 κρότος
1557 2661 1604 2722 σῦν
1627 2659 1667 2741 τῷ
1718 2635 1719 2640 ¹

367 2785 448 2868 πατρί
470 2785 519 2848 καί
539 2786 579 2866 τῷ
602 2787 672 2867 ἁγίῳ
693 2787 824 2862 πνεύματι
847 2786 886 2860 είς
907 2787 970 2859 ποῦς
993 2784 1094 2860 αἰῶνας
1114 2793 1168 2847 τῶν
1191 2784 1307 2866 αἰώνων,
1331 2785 1414 2862 ἀμήν.

473 2908 587 2985 Ἐπειδὴ
615 2908 646 2970 δέ
673 2907 721 2970 καί
747 2909 883 2970 σανδάλια
908 2911 1037 2986 κέκτηται
1064 2911 1082 2986 ή
1111 2911 1191 2989 μονή,
1223 2907 1382 2984 βουλόμεθα
1409 2908 1510 2990 ἑκάστῃ
1535 2913 1664 2988 κυριακῇ,

368 3031 431 3092 καθ’
442 3033 477 3108 ῆν
503 3029 550 3092 καί
576 3033 594 3106 ἡ
622 3031 755 3113 ἀγρυπνία
782 3033 945 3112 ἐκτελεῖται,
974 3033 1056 3094 πέντε
1082 3035 1128 3093 καί
1155 3028 1188 3106 ῖξ
1214 3031 1324 3107 μίνσους
1351 3029 1449 3092 ἐσθίειν
1476 3030 1577 3112 δψσίρια
1603 3030 1665 3102 τοῦς

370 3153 508 3232 μοναχοθς
533 3155 552 3227 ή
579 3153 658 3227 ὅσους
683 3153 731 3216 καὶ
758 3153 912 3236 βαόλονται,
939 3153 986 3216 καί
1013 3155 1094 3214 όπότε
1121 3154 1155 3214 τά
1181 3157 1340 3231 μνημόσυνα
1365 3152 1485 3232 γίνονται
1505 3152 1587 3228 ήμῶν
1610 3157 1664 3212 τῶν

370 3275 490 3336 εἰιτελτῦν
512 3271 634 3336 καὶτῶν
656 3276 761 3338 λοιπῶν
783 3274 830 3337 καί
854 3277 882 3337 ἐν
904 3279 1048 3360 πῇμνήμῃ
1063 3281 1109 3338 τοῦ
1126 3276 1296 3358 Προδρόμου,
1318 3281 1372 3336 τῶν
1387 3275 1473 3356 ἁγίων
1489 3273 1665 3352 ἀποστόλων,

368 3404 422 3458 τῶν
445 3397 532 3477 ἁγίων
554 3397 698 3480 προφητῶν
714 3397 831 3480 Δανιήλ,
855 3397 940 3459 Ἠλία
961 3397 1009 3460 καί
1024 3397 1174 3480 Ἐλισαίου,
1198 3402 1245 3460 τοῦ
1265 3395 1342 3478 ἁγίου
1358 3395 1495 3478 Ἀνδρίου,
1519 3400 1566 3457 τοῦ
1586 3396 1665 3476 ἁγίου

370 3521 497 3582 Ἰωάννου
523 3525 569 3582 τοῦ
592 3520 747 3605 Θεολόγου,
774 3525 821 3583 τοῦ
843 3522 1043 3604 Χρυσοστόμου,
1070 3525 1117 3582 τοῦ
1139 3521 1218 3603 ἁγίου
1240 3519 1396 3601 Βασιλείσυ,
1418 3523 1464 3580 τοῦ
1486 3517 1568 3598 ἀγίου
1589 3565 1597 3582 .
1622 3565 1631 3583 .
1655 3563 1664 3580 .

927 3651 1006 3706 ἀῖπῖο
1021 3651 1101 3706 θοαί.

473 3771 579 3828 Extant
590 3772 619 3827 ιἰι
630 3773 687 3828 eod.
699 3789 797 3845 μναισο
808 3773 980 3829 όιῦίῖοίίιαοαε
991 3774 1081 3845 reqiae
1096 3773 1273 3828 Ταατῖιιεπιῖο
1286 3770 1412 3826 OOOXX
1419 3770 1465 3826 Vl.
1479 3769 1516 3824 Β.
1533 3770 1598 3826 VII.
1612 3772 1663 3840 29,

369 3895 439 3934 κατι.
456 3877 487 3932 X
494 3877 558 3934 VL:
579 3879 604 3933 I.
617 3897 648 3950 μ.
668 3881 709 3934 83
724 3885 749 3935 τό
764 3880 805 3934 ΙΙ.
821 3897 850 3950 μ.
871 3880 919 3934 66.
945 3879 969 3934 Ι.
987 3879 1076 3934 πιιῖιιιε
1094 3883 1221 3934 accurate
1242 3877 1326 3932 edidit
1342 3877 1471 3932 Ραεῖιιίυσ
1490 3879 1521 3932 in
1541 3877 1665 3951 σαιοίομο

370 3982 522 4037 coelicorum
534 3999 693 4054 ριαεοονιιιη
708 3983 826 4053 ηἰιιάτιπ
841 3983 1013 4039 θιθίῖσίίιεσαι
1023 4001 1055 4054 μ.
1074 3983 1145 4039 426.

475 4187 494 4252 ί)
514 4185 577 4237 Ουιί.
598 4183 647 4236 κοί.
