3222 5284
1305 365 1369 430 365

65 563 92 619 τό
110 561 180 632 ἔθος
195 563 246 620 κάν
260 561 279 636 η
294 566 344 636 τῇς
365 563 556 639 παναγράντου
572 558 715 635 δεσποίνης
729 559 809 635 ἡμῶν
824 559 953 618 θεοτόκου
972 558 1109 641 συνδράμῃ
1126 560 1205 639 ἑορτὴ
1221 564 1267 618 τοῦ
1282 561 1369 638 είιαγ-

64 683 214 762 γελισμοῦ.
244 685 337 743 τοῦτον
353 681 405 758 μὲν
420 680 454 757 δὴ
469 683 515 742 τδν
530 684 629 762 τρόπον
643 682 662 756 ἡ
680 681 757 761 ἐντῇ
778 679 844 763 ἀγίᾳ
858 679 905 740 καὶ
921 681 1035 764 μεγάλῃ
1058 687 1261 762 τεσσαρακοστῇ
1279 679 1369 740 δίαιτα

64 809 118 862 τῶν
142 809 251 884 τροφῶν
273 805 336 880 ὑμῖν
359 803 449 882 ἐχέτω
470 809 519 878 τῆς
541 801 603 884 περὶ
617 809 671 863 τῶν
694 803 863 863 ἀσθενουσῶν
883 804 1070 887 φροντίδοςτῇ
1087 804 1219 884 διακρίσει
1233 809 1283 879 τῇς
1298 823 1368 884 προ-

67 927 193 1003 εστώοης
215 925 400 1002 ἀνατεθείσης.
446 925 479 984 τά
502 925 534 985 δὲ
556 931 610 986 τῶν
634 924 718 1004 ἁγίων
742 925 902 986 ἀποστόλων
926 925 1022 986 αὐτίκα
1045 924 1079 1000 δὴ
1102 927 1297 1001 τυπωθῇσεται.

174 1049 255 1126 Κεφ.
279 1045 342 1124 μη’.
375 1045 458 1128 Περὶ
479 1054 538 1122 τῆς
561 1047 596 1106 ἐν
619 1053 656 1128 τῇ
679 1051 742 1106 τῶν
765 1045 869 1125 ἁγίων
899 1047 1094 1108 ἀποστόλων
1117 1054 1369 1130 τεσσαρακοστῇ
1492 1093 1495 1099 .

68 1168 125 1228 καὶ
150 1175 215 1229 τῶν
238 1165 317 1254 [τοῦ]
332 1171 475 1250 Χριστοῦ
496 1167 684 1248 γενεθλίων
706 1175 838 1249 τροφῆς.
869 1169 951 1230 Μετὰ
972 1171 1003 1230 κδ
1026 1169 1189 1246 τελεσθῆναι
1210 1171 1259 1246 τὴν
1281 1175 1369 1230 πᾶσαν

69 1291 238 1352 ἀκολουθίαν
260 1291 316 1351 τιῖιν
338 1313 368 1352 τε
397 1293 476 1372 ὡρῶν
498 1289 546 1352 καὶ
568 1296 618 1366 τῆς
639 1290 716 1364 θείας
738 1291 921 1371 λειτουργίας,
952 1294 991 1364 ὡς
1013 1293 1043 1351 τό
1066 1289 1224 1374 συναξάριον
1248 1289 1368 1372 διέξεισι,

67 1408 194 1473 καλείτω
215 1413 287 1490 ὑμᾶς
308 1415 326 1488 ἡ
349 1415 470 1494 τράπεζα
491 1413 563 1473 κατά
585 1415 631 1474 τόν
655 1415 711 1476 άνω
735 1414 899 1494 διαταγέντα
922 1415 1002 1475 τόπον
1026 1413 1147 1490 ἑβδόμης
1170 1417 1245 1495 ῶρας
1261 1415 1368 1476 ἐνιστα-

70 1537 169 1615 μένης,
194 1529 263 1618 ἐνῇ
286 1535 358 1596 κατὰ
380 1536 431 1611 μὲν
453 1533 502 1610 τὴν
525 1535 654 1617 δευτέραν
676 1536 795 1617 τετράδα
817 1534 864 1595 καὶ
886 1541 1060 1616 παρασκευὴν
1084 1535 1131 1596 δίιο
1155 1536 1293 1612 ἐδέσματα
1308 1537 1370 1612 ὑμῖν

70 1657 115 1716 σὺν
140 1657 229 1738 ἐλαίῳ
253 1657 341 1736 έψητά
364 1657 493 1718 ἐσθιέσθω
516 1655 563 1717 καί
586 1653 658 1730 σίνος
679 1658 796 1718 πινέσθω
819 1657 864 1717 διὰ
886 1662 932 1718 τοῦ
955 1657 1082 1733 μείζονος
1105 1654 1226 1738 έξαγίου,
1249 1659 1322 1718 κατά
1337 1659 1368 1718 δὲ

70 1779 119 1850 τάς
142 1779 234 1860 τρίτας
255 1779 303 1839 καὶ
332 1779 382 1852 τάς
406 1779 533 1855 πέμπτας
562 1778 608 1839 δόο
630 1783 649 1854 ἢ
671 1779 733 1860 τρία
762 1781 844 1856 δμοια
875 1779 1023 1860 ἐδέσματα,
1054 1779 1148 1851 καθὼς
1169 1781 1187 1854 ἡ
1211 1786 1370 1860 προεστῶτα

71 1900 195 1980 θελήσει,
216 1901 255 1960 τά
273 1899 304 1960 δὲ
326 1900 452 1977 σάββατα
473 1899 521 1961 καὶ
544 1901 592 1972 τάς
614 1901 746 1982 κυριακάς
768 1903 815 1962 καὶ
838 1899 938 1980 ίχθόων
961 1902 1152 1977 μεταληπτέον
1175 1900 1281 1962 οἴκοθεν
1296 1924 1369 1983 παρ-

76 2025 230 2102 εχομένων,
262 2019 285 2082 εἰ
309 2023 347 2098 μὴ
371 2023 503 2104 διάκρισις
524 2025 599 2102 παρά
621 2043 693 2094 τινος
715 2023 869 2098 στέλλοιτο,
899 2021 946 2084 καὶ
969 2019 1042 2093 σίνος
1065 2020 1095 2080 δέ
1120 2023 1148 2082 ἐν
1172 2024 1288 2095 άπάσαις
1311 2027 1370 2096 ταῖς

73 2145 192 2224 ἡμέραις
206 2143 221 2203 δ
236 2143 307 2220 μετά
321 2149 368 2204 τοῦ
390 2144 514 2221 μείζονος
537 2145 611 2206 ἔσται
631 2143 750 2224 ἑξαγίαυ.
781 2143 920 2206 ἀλλὰκαὶ
942 2143 1050 2216 δεῖπνος
1061 2143 1082 2227 1)
1100 2145 1129 2203 ἐν
1145 2145 1263 2217 άπάσαις
1277 2168 1369 2227 παρα-

73 2269 186 2326 τιθέσθω
209 2268 289 2347 άρτου
311 2265 359 2327 καί
381 2267 513 2346 λαχάνων
536 2268 620 2343 ὠμῶν
642 2266 689 2327 καί
712 2267 828 2347 όπωρῶν
850 2273 903 2327 τῶν
925 2267 996 2326 κατά
1018 2267 1064 2326 τδν
1086 2267 1181 2346 καιρόν
1206 2267 1308 2328 ἐκεῖνον
1324 2267 1371 2328 καὶ

75 2381 147 2459 σίνος
170 2391 186 2448 ό
207 2393 254 2450 τοῦ
276 2389 403 2464 μείζονος
426 2386 536 2469 ἑξαγίου
559 2389 604 2448 διὰ
625 2391 656 2450 τό
680 2387 820 2461 καυσῶδες
841 2386 888 2448 καὶ
911 2385 1072 2469 ξηραντικὸν
1090 2392 1137 2450 τοῦ
1156 2395 1260 2470 καιροῦ.
1292 2393 1324 2449 ἀν
1340 2391 1371 2450 δέ

75 2529 113 2582 τις
135 2510 163 2593 ίῃ
193 2511 367 2592 παράκλησις
388 2511 435 2571 καὶ
459 2512 487 2571 ἐν
518 2513 598 2594 ἑτέρᾳ
627 2512 720 2594 ἡμέρᾳ
738 2511 941 2588 μεταληπτέον
962 2509 1009 2571 καί
1035 2512 1097 2570 τότε
1128 2509 1226 2590 ἰχθόων
1257 2510 1371 2591 εὔχαρι-

76 2633 197 2705 οτοίισιις.
239 2632 285 2694 καί
308 2635 326 2709 ί,
348 2639 402 2692 τῶν
425 2633 511 2711 άγίων
534 2633 566 2693 δέ
587 2637 634 2694 τοῦ
657 2635 773 2713 Χριστοῦ
795 2632 946 2712 γενεθλίων
967 2634 1169 2713 τεσσαρακοστῇ
1192 2633 1274 2708 δμοία
1298 2634 1372 2694 ἔσται

75 2759 107 2834 τῇ
129 2760 184 2814 τῶν
208 2754 294 2833 ἀγίων
324 2755 484 2816 ἀποστόλων
508 2755 537 2815 ἔν
559 2775 590 2814 τε
612 2757 671 2828 ταῖς
694 2753 810 2835 βρῶσεσι
832 2753 880 2814 καί
902 2758 961 2827 ταῖς
982 2758 1088 2834 πόσεσι,
1112 2753 1158 2814 καί
1181 2755 1198 2828 ἠ
1222 2754 1372 2814 ἀκολουθία

78 2875 150 2936 ἔσται
171 2881 245 2936 πᾶσα
267 2876 339 2936 κατὰ
359 2878 390 2936 τδ
413 2875 581 2957 συναξάριον.
613 2874 670 2936 δυσί
693 2874 724 2936 δέ
746 2877 849 2949 τούτοις
872 2879 966 2952 μόνοις
987 2877 1005 2952 ἡ
1030 2877 1059 2934 ἐν
1081 2877 1163 2958 ταύτῃ
1185 2883 1370 2958 πῇτεσσαρα-

76 3003 158 3080 κσστῇ
182 2997 271 3058 δίαιτα
293 3005 343 3074 τῆς
364 3003 417 3058 τῶν
441 2997 526 3078 ἁγίων
549 2997 711 3058 ἀποστόλων
732 2998 936 3080 παραλλάττειν
959 2997 1072 3078 δφείλει,
1095 2996 1134 3076 τῷ
1156 3019 1185 3058 τε
1208 2995 1281 3070 ἅπαξ
1298 2999 1370 3058 ἐστι·

77 3121 168 3180 ἀσθαι·
198 3119 293 3194 ἐννάτη
316 3120 371 3200 γάρ
393 3121 452 3200 ὥρα
471 3121 520 3196 τὴν
543 3118 659 3180 ἑστίασιν
681 3119 744 3196 ὑμῖν
765 3121 916 3200 παραθήσει
939 3119 1063 3196 νηστείας
1086 3119 1235 3198 ἀγομένης,
1260 3120 1370 3195 νηστεία

77 3239 106 3298 δὲ
129 3239 172 3316 εἴη
194 3244 312 3322 πάντως,
341 3242 422 3301 όπότε
446 3242 485 3318 μὴ
507 3243 538 3300 τό
561 3242 646 3320 ,,θε“ος
675 3242 787 3320 νόριοςιι
811 3239 901 3320 ἐντῷ
924 3241 1012 3322 ὄρθρῳ
1043 3241 1228 3324 ψάλλοιτοῖ)·
1260 3241 1289 3300 ἐν
1311 3245 1371 3312 ταῖς

77 3361 178 3435 άλλαις
199 3363 317 3444 ἡμέραις
339 3363 446 3423 δείπνου
470 3363 599 3445 βραχέως
621 3366 836 3445 παρατιθεμένου
859 3364 921 3439 ὑμῖν
945 3364 990 3424 διά
1012 3367 1042 3424 τδ
1059 3366 1165 3444 ἄριστον
1182 3366 1219 3440 μὴ
1235 3365 1307 3423 κατὰ
1322 3366 1371 3438 τἠν

79 3483 188 3560 ἐννάιην
211 3487 285 3565 ῶραν
308 3484 440 3565 γίνεσθαι,
464 3485 542 3546 ἀλλά
556 3487 714 3567 ταχίιτερον,
737 3485 784 3546 καί
799 3488 829 3546 τδ
846 3482 918 3548 οἶνον
935 3487 1055 3547 δίδοσθαι
1070 3485 1109 3564 τῷ
1125 3486 1250 3546 ἐλάττονι
1266 3507 1370 3564 κρατο-

78 3605 164 3686 βολίῳ
188 3605 278 3686 ἐντῷ
301 3605 401 3687 δείπνῳ
425 3607 454 3667 ἐν
475 3611 536 3680 ταῖς
557 3609 685 3690 ἡμέραις,
709 3608 738 3668 ἑν
761 3603 805 3680 αἷς
827 3607 944 3670 δειπνεῖν
967 3610 1184 3688 συγκεχώρηται.
1230 3608 1259 3666 ἐν
1283 3608 1315 3666 δέ
1336 3627 1371 3686 γε

76 3734 107 3809 τῇ
130 3729 212 3810 έορτῇ
234 3733 284 3804 τῇς
306 3727 347 3802 είς
368 3724 402 3788 τά
422 3730 488 3808 ἀγια
502 3735 555 3789 τῶν
578 3727 665 3808 άγίων
688 3727 794 3790 εἰσόδου
809 3735 859 3806 τῆς
881 3731 1009 3790 θεοτόκου
1023 3728 1070 3789 καὶ
1086 3728 1172 3807 ίχθόοι
1191 3731 1370 3809 τραφήσεσθε,

77 3849 125 3909 κάν
148 3848 248 3928 μηδεὶς
266 3851 455 3932 προσενέγκαι,
479 3850 508 3910 ἐν
524 3849 556 3912 δέ
571 3852 630 3922 ταῖς
646 3851 748 3922 άλλαις
763 3853 891 3932 ἡμέραις,
915 3853 960 3912 όπε
975 3854 1048 3932 παρά
1062 3871 1134 3923 τινος
1153 3853 1370 3931 προσενεχθεῑεν.

178 3973 256 4052 Κεφ.
274 3969 334 4048 μθ’.
359 3970 440 4054 Περὶ
461 3977 517 4033 τοῦ
541 3969 584 4049 μὴ
606 3973 843 4054 λαθροφαγεῖν.
880 3973 943 4034 Τῶν
966 3974 1017 4049 μὲν
1040 3970 1178 4034 οὖνκατὰ
1200 3973 1250 4047 τὴν
1272 3973 1371 4054 τροφὴν

78 4093 159 4166 οθτως
181 4095 244 4169 ιἰμῑν
274 4092 495 4154 διατυπωθέντων
517 4093 565 4154 καὶ
587 4095 697 4172 ἀπσχὴν
724 4093 861 4175 λαθραίας
888 4090 1018 4175 βρώσεως
1039 4115 1070 4153 τε
1092 4092 1140 4153 καί
1161 4095 1268 4164 πόσεως
1292 4093 1370 4168 εἰση-

77 4215 205 4292 γοόμεθα
249 4211 297 4274 καί
325 4215 439 4294 φεύγετε
467 4215 566 4289 ταίτην
598 4216 685 4290 ὁπόση
716 4215 828 4292 δόναμις
853 4215 942 4276 έκεῖνο
965 4215 1010 4275 διά
1032 4216 1132 4288 παντός
1152 4217 1278 4296 φέρουσαι
1300 4214 1372 4274 κατά

77 4337 119 4396 τόν
141 4339 213 4415 νοῦν,
238 4337 278 4398 δτι
300 4335 347 4396 καί
369 4336 430 4396 κατ’
444 4336 531 4416 ἀρχὰς
555 4335 654 4418 βρῶσις
676 4337 751 4413 ἡμᾶς
773 4337 899 4417 όπῇγαγε
914 4337 953 4417 τῷ
976 4339 1083 4417 θανάτῳ
1105 4340 1245 4418 παρήκοος
1260 4334 1307 4396 καί
1322 4342 1371 4412 τῇς

80 4457 105 4516 ἐν
126 4457 286 4541 παραδείσῳ
308 4458 451 4540 διαγωγῇς
473 4459 652 4542 ἀπεστέρησε,
682 4463 729 4520 τοῦ
749 4464 869 4541 πονηροῦ
889 4457 937 4520 καί
959 4459 1116 4540 ἀρχεκάκου
1139 4458 1268 4534 δαίμονος
1291 4459 1372 4533 αὑτὴν

79 4613 282 4626 ψ

180 4717 253 4786 1)ίσ.
273 4715 379 4770 δεῖπνσντ
397 4719 479 4770 etiam
498 4717 564 4770 alibi
582 4718 665 4770 habes
684 4718 779 4778 δεῖπνος
797 4719 833 4770 Μ.
904 4719 926 4788 ²)
945 4717 978 4787 μὴ
998 4715 1025 4770 τό
1044 4759 1049 4771 .
1065 4757 1091 4770 ..
1111 4715 1144 4786 μὴ
1163 4715 1239 4786 ψάλλ.
1257 4719 1293 4768 M.
