<?xml version="1.0" encoding="UTF-8"?>
<!DOCTYPE html PUBLIC "-//W3C//DTD XHTML 1.0 Transitional//EN"
    "http://www.w3.org/TR/xhtml1/DTD/xhtml1-transitional.dtd">
<html xmlns="http://www.w3.org/1999/xhtml" xml:lang="en" lang="en">
 <head>
  <title>
</title>
<meta http-equiv="Content-Type" content="text/html;charset=utf-8" />
  <meta name='ocr-system' content='tesseract 3.04.00' />
  <meta name='ocr-capabilities' content='ocr_page ocr_carea ocr_par ocr_line ocrx_word'/>
</head>
<body>
  <div class='ocr_page' id='page_1' title='image "./actaetdiplomata00miklgoog_0492.png"; bbox 0 0 3222 5284; ppageno 0'>
   <div class='ocr_carea' id='block_1_1' title="bbox 451 615 958 698">
    <p class='ocr_par' dir='ltr' id='par_1_1' title="bbox 451 615 958 698">
     <span class='ocr_line' id='line_1_1' title="bbox 451 615 958 698; baseline -0.008 -21"><span class='ocrx_word' id='word_1_1' title='bbox 451 616 499 692; x_wconf 77' lang='grc' dir='ltr'>ιβ’.</span> <span class='ocrx_word' id='word_1_2' title='bbox 526 615 607 698; x_wconf 87' lang='grc' dir='ltr'>Περὶ</span> <span class='ocrx_word' id='word_1_3' title='bbox 628 622 691 676; x_wconf 90' lang='grc' dir='ltr'>τών</span> <span class='ocrx_word' id='word_1_4' title='bbox 714 615 958 692; x_wconf 86' lang='grc' dir='ltr'>δικαιωμάτων.</span> 
     </span>
    </p>
   </div>
   <div class='ocr_carea' id='block_1_2' title="bbox 63 788 1365 3675">
    <p class='ocr_par' dir='ltr' id='par_1_2' title="bbox 63 788 1365 3675">
     <span class='ocr_line' id='line_1_2' title="bbox 162 788 1354 871; baseline -0.002 -19"><span class='ocrx_word' id='word_1_5' title='bbox 162 792 205 852; x_wconf 90' lang='grc' dir='ltr'>Τά</span> <span class='ocrx_word' id='word_1_6' title='bbox 232 795 325 868; x_wconf 84' lang='grc' dir='ltr'>μέντοι</span> <span class='ocrx_word' id='word_1_7' title='bbox 352 791 525 867; x_wconf 89' lang='grc' dir='ltr'>δικαιώματα</span> <span class='ocrx_word' id='word_1_8' title='bbox 546 796 600 850; x_wconf 88' lang='grc' dir='ltr'>τών</span> <span class='ocrx_word' id='word_1_9' title='bbox 622 791 890 870; x_wconf 88' lang='grc' dir='ltr'>προσκεκυρωμένων</span> <span class='ocrx_word' id='word_1_10' title='bbox 912 790 1046 863; x_wconf 89' lang='grc' dir='ltr'>ἀκινήτων</span> <span class='ocrx_word' id='word_1_11' title='bbox 1069 788 1107 868; x_wconf 81' lang='grc' dir='ltr'>τῷ</span> <span class='ocrx_word' id='word_1_12' title='bbox 1129 809 1159 848; x_wconf 88' lang='grc' dir='ltr'>τε</span> <span class='ocrx_word' id='word_1_13' title='bbox 1183 789 1354 871; x_wconf 79' lang='grc' dir='ltr'>μοναοτηρίῳ</span> 
     </span>
     <span class='ocr_line' id='line_1_3' title="bbox 63 909 1353 996; baseline 0 -24"><span class='ocrx_word' id='word_1_14' title='bbox 63 913 107 973; x_wconf 87' lang='grc' dir='ltr'>καὶ</span> <span class='ocrx_word' id='word_1_15' title='bbox 131 913 169 992; x_wconf 78' lang='grc' dir='ltr'>τῷ</span> <span class='ocrx_word' id='word_1_16' title='bbox 194 912 405 993; x_wconf 86' lang='grc' dir='ltr'>πτωχοτροφείῳ</span> <span class='ocrx_word' id='word_1_17' title='bbox 429 933 480 988; x_wconf 90' lang='grc' dir='ltr'>μου</span> <span class='ocrx_word' id='word_1_18' title='bbox 504 914 562 988; x_wconf 86' lang='grc' dir='ltr'>ἀμα</span> <span class='ocrx_word' id='word_1_19' title='bbox 582 911 621 990; x_wconf 85' lang='grc' dir='ltr'>τῷ</span> <span class='ocrx_word' id='word_1_20' title='bbox 643 911 808 992; x_wconf 85' lang='grc' dir='ltr'>πρωτοτὺπῳ</span> <span class='ocrx_word' id='word_1_21' title='bbox 834 910 1054 994; x_wconf 85' lang='grc' dir='ltr'>χρυσοβσυλλίῳ,</span> <span class='ocrx_word' id='word_1_22' title='bbox 1081 911 1125 970; x_wconf 83' lang='grc' dir='ltr'>ἵνα</span> <span class='ocrx_word' id='word_1_23' title='bbox 1151 909 1353 996; x_wconf 73' lang='grc' dir='ltr'>ἀτοκέωνταιί)</span> 
     </span>
     <span class='ocr_line' id='line_1_4' title="bbox 65 1031 1356 1116; baseline -0.001 -21"><span class='ocrx_word' id='word_1_24' title='bbox 65 1034 101 1106; x_wconf 87' lang='grc' dir='ltr'>είς</span> <span class='ocrx_word' id='word_1_25' title='bbox 124 1037 243 1116; x_wconf 88' lang='grc' dir='ltr'>άρμάρια</span> <span class='ocrx_word' id='word_1_26' title='bbox 266 1034 398 1110; x_wconf 81' lang='grc' dir='ltr'><strong>ἱστάμενα</strong></span> <span class='ocrx_word' id='word_1_27' title='bbox 421 1033 476 1094; x_wconf 76' lang='grc' dir='ltr'>εἴτε</span> <span class='ocrx_word' id='word_1_28' title='bbox 500 1032 590 1112; x_wconf 80' lang='grc' dir='ltr'>ἐντῷ</span> <span class='ocrx_word' id='word_1_29' title='bbox 613 1031 819 1112; x_wconf 84' lang='grc' dir='ltr'>σκευοφυλακίῳ</span> <span class='ocrx_word' id='word_1_30' title='bbox 841 1039 890 1108; x_wconf 81' lang='grc' dir='ltr'>τῆς</span> <span class='ocrx_word' id='word_1_31' title='bbox 912 1038 1008 1112; x_wconf 80' lang='grc' dir='ltr'>μονῆς,</span> <span class='ocrx_word' id='word_1_32' title='bbox 1036 1031 1092 1092; x_wconf 86' lang='grc' dir='ltr'>είτε</span> <span class='ocrx_word' id='word_1_33' title='bbox 1115 1033 1144 1092; x_wconf 85' lang='grc' dir='ltr'>ἐν</span> <span class='ocrx_word' id='word_1_34' title='bbox 1167 1033 1252 1113; x_wconf 82' lang='grc' dir='ltr'>ἑτέρῳ</span> <span class='ocrx_word' id='word_1_35' title='bbox 1275 1031 1356 1110; x_wconf 90' lang='grc' dir='ltr'>οίκή-</span> 
     </span>
     <span class='ocr_line' id='line_1_5' title="bbox 66 1125 1340 1238; baseline 0 -22"><span class='ocrx_word' id='word_1_36' title='bbox 66 1178 125 1232; x_wconf 89' lang='grc' dir='ltr'>ματι</span> <span class='ocrx_word' id='word_1_37' title='bbox 148 1157 273 1237; x_wconf 89' lang='grc' dir='ltr'>ἀσφαλεῑ,</span> <span class='ocrx_word' id='word_1_38' title='bbox 295 1125 343 1216; x_wconf 86' lang='grc' dir='ltr'>καί</span> <span class='ocrx_word' id='word_1_39' title='bbox 366 1153 572 1238; x_wconf 66' lang='grc' dir='ltr'>ἐπικέωνταιέ),</span> <span class='ocrx_word' id='word_1_40' title='bbox 597 1156 704 1233; x_wconf 87' lang='grc' dir='ltr'>ἑκάστῳ</span> <span class='ocrx_word' id='word_1_41' title='bbox 725 1160 780 1214; x_wconf 91' lang='grc' dir='ltr'>τών</span> <span class='ocrx_word' id='word_1_42' title='bbox 803 1155 942 1235; x_wconf 86' lang='grc' dir='ltr'>ἀρμαρίων</span> <span class='ocrx_word' id='word_1_43' title='bbox 958 1153 1005 1214; x_wconf 88' lang='grc' dir='ltr'>δὺο</span> <span class='ocrx_word' id='word_1_44' title='bbox 1024 1155 1147 1236; x_wconf 79' lang='grc' dir='ltr'>κλεῖδες,</span> <span class='ocrx_word' id='word_1_45' title='bbox 1169 1154 1216 1216; x_wconf 88' lang='grc' dir='ltr'>καί</span> <span class='ocrx_word' id='word_1_46' title='bbox 1238 1161 1288 1232; x_wconf 85' lang='grc' dir='ltr'>τῆς</span> <span class='ocrx_word' id='word_1_47' title='bbox 1304 1143 1340 1232; x_wconf 88' lang='grc' dir='ltr'>μέ</span> 
     </span>
     <span class='ocr_line' id='line_1_6' title="bbox 67 1274 1356 1359; baseline 0 -21"><span class='ocrx_word' id='word_1_48' title='bbox 67 1285 125 1352; x_wconf 82' lang='grc' dir='ltr'>μιᾶς</span> <span class='ocrx_word' id='word_1_49' title='bbox 151 1279 180 1338; x_wconf 79' lang='grc' dir='ltr'>τ“ο</span> <span class='ocrx_word' id='word_1_50' title='bbox 208 1278 378 1358; x_wconf 88' lang='grc' dir='ltr'>ἀνοικτήριον</span> <span class='ocrx_word' id='word_1_51' title='bbox 404 1277 548 1359; x_wconf 81' lang='grc' dir='ltr'>κατέχῃό</span> <span class='ocrx_word' id='word_1_52' title='bbox 575 1277 751 1356; x_wconf 77' lang='grc' dir='ltr'>κληρονόμος</span> <span class='ocrx_word' id='word_1_53' title='bbox 774 1297 836 1356; x_wconf 88' lang='grc' dir='ltr'>μου,</span> <span class='ocrx_word' id='word_1_54' title='bbox 865 1281 915 1351; x_wconf 81' lang='grc' dir='ltr'>τῆς</span> <span class='ocrx_word' id='word_1_55' title='bbox 938 1275 970 1336; x_wconf 89' lang='grc' dir='ltr'>δέ</span> <span class='ocrx_word' id='word_1_56' title='bbox 993 1275 1089 1355; x_wconf 86' lang='grc' dir='ltr'>ἐτέρας</span> <span class='ocrx_word' id='word_1_57' title='bbox 1111 1277 1126 1334; x_wconf 87' lang='grc' dir='ltr'>θ</span> <span class='ocrx_word' id='word_1_58' title='bbox 1149 1274 1301 1356; x_wconf 78' lang='grc' dir='ltr'>οἰκονόμος,</span> <span class='ocrx_word' id='word_1_59' title='bbox 1333 1277 1356 1338; x_wconf 87' lang='grc' dir='ltr'>εἰ</span> 
     </span>
     <span class='ocr_line' id='line_1_7' title="bbox 66 1396 1357 1480; baseline 0.001 -21"><span class='ocrx_word' id='word_1_60' title='bbox 66 1403 101 1474; x_wconf 86' lang='grc' dir='ltr'>μή</span> <span class='ocrx_word' id='word_1_61' title='bbox 125 1400 192 1459; x_wconf 84' lang='grc' dir='ltr'>ἐστιν</span> <span class='ocrx_word' id='word_1_62' title='bbox 213 1401 380 1477; x_wconf 77' lang='grc' dir='ltr'>ἡγούμενος·</span> <span class='ocrx_word' id='word_1_63' title='bbox 405 1396 605 1480; x_wconf 69' lang='grc' dir='ltr'>ἑπιτίθωνταιὺ)</span> <span class='ocrx_word' id='word_1_64' title='bbox 629 1397 722 1458; x_wconf 85' lang='grc' dir='ltr'>δὲκαὶ</span> <span class='ocrx_word' id='word_1_65' title='bbox 745 1397 892 1478; x_wconf 87' lang='grc' dir='ltr'>σφραγῖδες</span> <span class='ocrx_word' id='word_1_66' title='bbox 908 1401 985 1478; x_wconf 85' lang='grc' dir='ltr'>παρά</span> <span class='ocrx_word' id='word_1_67' title='bbox 1000 1417 1031 1458; x_wconf 90' lang='grc' dir='ltr'>τε</span> <span class='ocrx_word' id='word_1_68' title='bbox 1045 1401 1092 1458; x_wconf 83' lang='grc' dir='ltr'>τοῦ</span> <span class='ocrx_word' id='word_1_69' title='bbox 1114 1399 1289 1480; x_wconf 86' lang='grc' dir='ltr'>κληρονόμου</span> <span class='ocrx_word' id='word_1_70' title='bbox 1305 1422 1357 1476; x_wconf 90' lang='grc' dir='ltr'>μου</span> 
     </span>
     <span class='ocr_line' id='line_1_8' title="bbox 67 1518 1357 1602; baseline 0.002 -22"><span class='ocrx_word' id='word_1_71' title='bbox 67 1519 183 1580; x_wconf 84' lang='grc' dir='ltr'>καὶτῶν</span> <span class='ocrx_word' id='word_1_72' title='bbox 206 1519 348 1602; x_wconf 83' lang='grc' dir='ltr'>μοναχών,</span> <span class='ocrx_word' id='word_1_73' title='bbox 370 1519 418 1580; x_wconf 91' lang='grc' dir='ltr'>καὶ</span> <span class='ocrx_word' id='word_1_74' title='bbox 441 1522 487 1580; x_wconf 80' lang='grc' dir='ltr'>ὅτε</span> <span class='ocrx_word' id='word_1_75' title='bbox 509 1521 622 1599; x_wconf 87' lang='grc' dir='ltr'>γένηται</span> <span class='ocrx_word' id='word_1_76' title='bbox 644 1519 727 1600; x_wconf 80' lang='grc' dir='ltr'>χρεία</span> <span class='ocrx_word' id='word_1_77' title='bbox 749 1518 943 1596; x_wconf 77' lang='grc' dir='ltr'>δικαιώματος,</span> <span class='ocrx_word' id='word_1_78' title='bbox 972 1520 1016 1580; x_wconf 84' lang='grc' dir='ltr'>ίνοι</span> <span class='ocrx_word' id='word_1_79' title='bbox 1039 1519 1165 1599; x_wconf 76' lang='grc' dir='ltr'>ἀνοίγωσι</span> <span class='ocrx_word' id='word_1_80' title='bbox 1188 1524 1288 1594; x_wconf 89' lang='grc' dir='ltr'>πάντες</span> <span class='ocrx_word' id='word_1_81' title='bbox 1310 1521 1357 1583; x_wconf 88' lang='grc' dir='ltr'>καὶ</span> 
     </span>
     <span class='ocr_line' id='line_1_9' title="bbox 69 1639 1357 1724; baseline 0 -22"><span class='ocrx_word' id='word_1_82' title='bbox 69 1640 193 1722; x_wconf 78' lang='grc' dir='ltr'>ἐξάγηται</span> <span class='ocrx_word' id='word_1_83' title='bbox 222 1644 254 1702; x_wconf 85' lang='grc' dir='ltr'>τ“ο</span> <span class='ocrx_word' id='word_1_84' title='bbox 283 1647 402 1704; x_wconf 87' lang='grc' dir='ltr'>τοιοὺτον</span> <span class='ocrx_word' id='word_1_85' title='bbox 431 1641 553 1724; x_wconf 79' lang='grc' dir='ltr'>χαρτίον,</span> <span class='ocrx_word' id='word_1_86' title='bbox 590 1639 638 1701; x_wconf 88' lang='grc' dir='ltr'>καὶ</span> <span class='ocrx_word' id='word_1_87' title='bbox 667 1641 750 1702; x_wconf 91' lang='grc' dir='ltr'>πάλιν</span> <span class='ocrx_word' id='word_1_88' title='bbox 780 1641 798 1714; x_wconf 83' lang='grc' dir='ltr'>ή</span> <span class='ocrx_word' id='word_1_89' title='bbox 829 1641 896 1716; x_wconf 78' lang='grc' dir='ltr'>αὑτὴ</span> <span class='ocrx_word' id='word_1_90' title='bbox 925 1641 1031 1719; x_wconf 88' lang='grc' dir='ltr'>γίνηται</span> <span class='ocrx_word' id='word_1_91' title='bbox 1063 1641 1199 1721; x_wconf 88' lang='grc' dir='ltr'>ἀσφάλεια</span> <span class='ocrx_word' id='word_1_92' title='bbox 1230 1643 1272 1704; x_wconf 86' lang='grc' dir='ltr'>ἐπὶ</span> <span class='ocrx_word' id='word_1_93' title='bbox 1303 1650 1357 1704; x_wconf 88' lang='grc' dir='ltr'>τών</span> 
     </span>
     <span class='ocr_line' id='line_1_10' title="bbox 67 1759 1357 1845; baseline 0 -21"><span class='ocrx_word' id='word_1_94' title='bbox 67 1763 177 1842; x_wconf 80' lang='grc' dir='ltr'>λοιπῶν,</span> <span class='ocrx_word' id='word_1_95' title='bbox 203 1759 266 1824; x_wconf 89' lang='grc' dir='ltr'>είτα</span> <span class='ocrx_word' id='word_1_96' title='bbox 286 1765 483 1842; x_wconf 86' lang='grc' dir='ltr'>τελειουμένης</span> <span class='ocrx_word' id='word_1_97' title='bbox 504 1771 553 1840; x_wconf 84' lang='grc' dir='ltr'>τῆς</span> <span class='ocrx_word' id='word_1_98' title='bbox 580 1763 735 1834; x_wconf 80' lang='grc' dir='ltr'>ὑποθέσεως</span> <span class='ocrx_word' id='word_1_99' title='bbox 763 1763 950 1840; x_wconf 72' lang='grc' dir='ltr'>ἀποτίθηταιί)</span> <span class='ocrx_word' id='word_1_100' title='bbox 973 1765 1057 1824; x_wconf 88' lang='grc' dir='ltr'>πάλιν</span> <span class='ocrx_word' id='word_1_101' title='bbox 1078 1766 1109 1824; x_wconf 80' lang='grc' dir='ltr'>τό</span> <span class='ocrx_word' id='word_1_102' title='bbox 1140 1769 1256 1826; x_wconf 89' lang='grc' dir='ltr'>τοιοὺτον</span> <span class='ocrx_word' id='word_1_103' title='bbox 1283 1785 1357 1845; x_wconf 91' lang='grc' dir='ltr'>χαρ-</span> 
     </span>
     <span class='ocr_line' id='line_1_11' title="bbox 68 1883 1359 1967; baseline 0.001 -21"><span class='ocrx_word' id='word_1_104' title='bbox 68 1889 127 1966; x_wconf 83' lang='grc' dir='ltr'>τίον,</span> <span class='ocrx_word' id='word_1_105' title='bbox 157 1888 219 1947; x_wconf 84' lang='grc' dir='ltr'>όθεν</span> <span class='ocrx_word' id='word_1_106' title='bbox 242 1885 341 1964; x_wconf 81' lang='grc' dir='ltr'>ἐξέβη·</span> <span class='ocrx_word' id='word_1_107' title='bbox 372 1887 416 1946; x_wconf 87' lang='grc' dir='ltr'>ἵνα</span> <span class='ocrx_word' id='word_1_108' title='bbox 440 1885 471 1946; x_wconf 89' lang='grc' dir='ltr'>δέ</span> <span class='ocrx_word' id='word_1_109' title='bbox 495 1883 712 1963; x_wconf 88' lang='grc' dir='ltr'>ἀποτυλίγωνται</span> <span class='ocrx_word' id='word_1_110' title='bbox 734 1885 795 1944; x_wconf 85' lang='grc' dir='ltr'>κατ’</span> <span class='ocrx_word' id='word_1_111' title='bbox 810 1885 929 1944; x_wconf 81' lang='grc' dir='ltr'>ἐνιαυτόν</span> <span class='ocrx_word' id='word_1_112' title='bbox 953 1885 985 1944; x_wconf 91' lang='grc' dir='ltr'>ἐκ</span> <span class='ocrx_word' id='word_1_113' title='bbox 1007 1885 1094 1965; x_wconf 91' lang='grc' dir='ltr'>τρίτου</span> <span class='ocrx_word' id='word_1_114' title='bbox 1116 1886 1150 1944; x_wconf 86' lang='grc' dir='ltr'>τά</span> <span class='ocrx_word' id='word_1_115' title='bbox 1172 1885 1281 1967; x_wconf 87' lang='grc' dir='ltr'>χαρτία,</span> <span class='ocrx_word' id='word_1_116' title='bbox 1311 1887 1359 1947; x_wconf 92' lang='grc' dir='ltr'>καὶ</span> 
     </span>
     <span class='ocr_line' id='line_1_12' title="bbox 68 2004 1359 2090; baseline 0 -22"><span class='ocrx_word' id='word_1_117' title='bbox 68 2011 279 2090; x_wconf 66' lang='grc' dir='ltr'>τινάσσωνταιὸ),</span> <span class='ocrx_word' id='word_1_118' title='bbox 307 2007 354 2068; x_wconf 88' lang='grc' dir='ltr'>καί</span> <span class='ocrx_word' id='word_1_119' title='bbox 383 2009 467 2068; x_wconf 88' lang='grc' dir='ltr'>πάλιν</span> <span class='ocrx_word' id='word_1_120' title='bbox 491 2004 555 2068; x_wconf 89' lang='grc' dir='ltr'>ώσιν</span> <span class='ocrx_word' id='word_1_121' title='bbox 578 2008 628 2067; x_wconf 82' lang='grc' dir='ltr'>ὑπό</span> <span class='ocrx_word' id='word_1_122' title='bbox 650 2009 699 2082; x_wconf 79' lang='grc' dir='ltr'>τήν</span> <span class='ocrx_word' id='word_1_123' title='bbox 723 2008 805 2082; x_wconf 85' lang='grc' dir='ltr'>αὑτὴν</span> <span class='ocrx_word' id='word_1_124' title='bbox 828 2006 993 2085; x_wconf 87' lang='grc' dir='ltr'>ἀσφάλειαν·</span> <span class='ocrx_word' id='word_1_125' title='bbox 1020 2007 1094 2083; x_wconf 83' lang='grc' dir='ltr'>πλὴν</span> <span class='ocrx_word' id='word_1_126' title='bbox 1116 2008 1160 2074; x_wconf 76' lang='grc' dir='ltr'>ἵνα</span> <span class='ocrx_word' id='word_1_127' title='bbox 1183 2009 1359 2088; x_wconf 86' lang='grc' dir='ltr'>ἀπογραφώσι</span> 
     </span>
     <span class='ocr_line' id='line_1_13' title="bbox 68 2127 1361 2210; baseline -0.001 -21"><span class='ocrx_word' id='word_1_128' title='bbox 68 2131 150 2190; x_wconf 74' lang='grc' dir='ltr'>πάντα</span> <span class='ocrx_word' id='word_1_129' title='bbox 181 2131 213 2190; x_wconf 92' lang='grc' dir='ltr'>τά</span> <span class='ocrx_word' id='word_1_130' title='bbox 243 2131 417 2206; x_wconf 88' lang='grc' dir='ltr'>δικαιώματα</span> <span class='ocrx_word' id='word_1_131' title='bbox 440 2132 469 2189; x_wconf 87' lang='grc' dir='ltr'>ἐν</span> <span class='ocrx_word' id='word_1_132' title='bbox 499 2129 648 2210; x_wconf 84' lang='grc' dir='ltr'>κονδακίῳ,</span> <span class='ocrx_word' id='word_1_133' title='bbox 676 2131 714 2200; x_wconf 92' lang='grc' dir='ltr'>ώς</span> <span class='ocrx_word' id='word_1_134' title='bbox 737 2132 769 2188; x_wconf 86' lang='grc' dir='ltr'>ἀν</span> <span class='ocrx_word' id='word_1_135' title='bbox 799 2127 965 2198; x_wconf 83' lang='grc' dir='ltr'>συνοπτικώς</span> <span class='ocrx_word' id='word_1_136' title='bbox 988 2129 1198 2208; x_wconf 83' lang='grc' dir='ltr'>δισγινώσκηται</span> <span class='ocrx_word' id='word_1_137' title='bbox 1219 2132 1291 2190; x_wconf 89' lang='grc' dir='ltr'>πόσα</span> <span class='ocrx_word' id='word_1_138' title='bbox 1312 2127 1361 2188; x_wconf 88' lang='grc' dir='ltr'>καὶ</span> 
     </span>
     <span class='ocr_line' id='line_1_14' title="bbox 70 2250 1360 2331; baseline 0.002 -22"><span class='ocrx_word' id='word_1_139' title='bbox 70 2255 128 2312; x_wconf 88' lang='grc' dir='ltr'>ποῖα</span> <span class='ocrx_word' id='word_1_140' title='bbox 150 2253 325 2328; x_wconf 83' lang='grc' dir='ltr'>δικαιώματα</span> <span class='ocrx_word' id='word_1_141' title='bbox 347 2253 407 2331; x_wconf 82' lang='grc' dir='ltr'>ἔχει</span> <span class='ocrx_word' id='word_1_142' title='bbox 430 2253 531 2328; x_wconf 84' lang='grc' dir='ltr'>ἑκάστη</span> <span class='ocrx_word' id='word_1_143' title='bbox 551 2257 660 2327; x_wconf 79' lang='grc' dir='ltr'>κτήσις·</span> <span class='ocrx_word' id='word_1_144' title='bbox 685 2250 742 2329; x_wconf 82' lang='grc' dir='ltr'>ἐγώ</span> <span class='ocrx_word' id='word_1_145' title='bbox 764 2251 818 2330; x_wconf 90' lang='grc' dir='ltr'>γάρ</span> <span class='ocrx_word' id='word_1_146' title='bbox 833 2251 897 2310; x_wconf 84' lang='grc' dir='ltr'>θεοὺ</span> <span class='ocrx_word' id='word_1_147' title='bbox 920 2251 1049 2322; x_wconf 91' lang='grc' dir='ltr'>θέλοντος</span> <span class='ocrx_word' id='word_1_148' title='bbox 1070 2253 1157 2312; x_wconf 89' lang='grc' dir='ltr'>πάντα</span> <span class='ocrx_word' id='word_1_149' title='bbox 1172 2253 1223 2310; x_wconf 81' lang='grc' dir='ltr'>ὅσα</span> <span class='ocrx_word' id='word_1_150' title='bbox 1238 2253 1360 2326; x_wconf 86' lang='grc' dir='ltr'>ἐπεκτη-</span> 
     </span>
     <span class='ocr_line' id='line_1_15' title="bbox 72 2370 1361 2454; baseline 0 -22"><span class='ocrx_word' id='word_1_151' title='bbox 72 2375 166 2454; x_wconf 88' lang='grc' dir='ltr'>σάμην,</span> <span class='ocrx_word' id='word_1_152' title='bbox 191 2375 262 2450; x_wconf 86' lang='grc' dir='ltr'>μετά</span> <span class='ocrx_word' id='word_1_153' title='bbox 283 2374 406 2450; x_wconf 84' lang='grc' dir='ltr'>νομίμων</span> <span class='ocrx_word' id='word_1_154' title='bbox 428 2373 476 2434; x_wconf 87' lang='grc' dir='ltr'>καί</span> <span class='ocrx_word' id='word_1_155' title='bbox 499 2374 711 2453; x_wconf 78' lang='grc' dir='ltr'>ἀσφαλεστάτων</span> <span class='ocrx_word' id='word_1_156' title='bbox 733 2370 860 2452; x_wconf 80' lang='grc' dir='ltr'>πράξεων</span> <span class='ocrx_word' id='word_1_157' title='bbox 882 2370 929 2432; x_wconf 85' lang='grc' dir='ltr'>καὶ</span> <span class='ocrx_word' id='word_1_158' title='bbox 952 2371 1144 2448; x_wconf 81' lang='grc' dir='ltr'>δικαιωμάτων</span> <span class='ocrx_word' id='word_1_159' title='bbox 1168 2373 1361 2450; x_wconf 84' lang='grc' dir='ltr'>ἐπεκτησάμην</span> 
     </span>
     <span class='ocr_line' id='line_1_16' title="bbox 74 2489 1362 2575; baseline 0 -21"><span class='ocrx_word' id='word_1_160' title='bbox 74 2489 115 2554; x_wconf 85' lang='grc' dir='ltr'>καί</span> <span class='ocrx_word' id='word_1_161' title='bbox 143 2497 249 2575; x_wconf 79' lang='grc' dir='ltr'>ἀγαθῆς</span> <span class='ocrx_word' id='word_1_162' title='bbox 278 2491 404 2574; x_wconf 88' lang='grc' dir='ltr'>πίστεως,</span> <span class='ocrx_word' id='word_1_163' title='bbox 436 2499 506 2571; x_wconf 84' lang='grc' dir='ltr'>μήτε</span> <span class='ocrx_word' id='word_1_164' title='bbox 531 2495 660 2570; x_wconf 88' lang='grc' dir='ltr'>δημόσιον</span> <span class='ocrx_word' id='word_1_165' title='bbox 683 2497 896 2574; x_wconf 88' lang='grc' dir='ltr'>καινοτομήσας,</span> <span class='ocrx_word' id='word_1_166' title='bbox 927 2496 997 2570; x_wconf 89' lang='grc' dir='ltr'>μήτε</span> <span class='ocrx_word' id='word_1_167' title='bbox 1019 2497 1217 2573; x_wconf 82' lang='grc' dir='ltr'>παρανομήσας</span> <span class='ocrx_word' id='word_1_168' title='bbox 1240 2493 1284 2554; x_wconf 88' lang='grc' dir='ltr'>ἐπὶ</span> <span class='ocrx_word' id='word_1_169' title='bbox 1306 2493 1362 2573; x_wconf 83' lang='grc' dir='ltr'>θεῷ</span> 
     </span>
     <span class='ocr_line' id='line_1_17' title="bbox 75 2615 1363 2698; baseline -0.003 -20"><span class='ocrx_word' id='word_1_170' title='bbox 75 2619 191 2698; x_wconf 80' lang='grc' dir='ltr'>μάρτυρι·</span> <span class='ocrx_word' id='word_1_171' title='bbox 218 2617 266 2678; x_wconf 91' lang='grc' dir='ltr'>καί</span> <span class='ocrx_word' id='word_1_172' title='bbox 290 2616 333 2678; x_wconf 86' lang='grc' dir='ltr'>ἐπὶ</span> <span class='ocrx_word' id='word_1_173' title='bbox 358 2620 449 2693; x_wconf 80' lang='grc' dir='ltr'>πάσης</span> <span class='ocrx_word' id='word_1_174' title='bbox 476 2618 631 2690; x_wconf 81' lang='grc' dir='ltr'>ὑποθέσεως</span> <span class='ocrx_word' id='word_1_175' title='bbox 653 2623 706 2677; x_wconf 88' lang='grc' dir='ltr'>τών</span> <span class='ocrx_word' id='word_1_176' title='bbox 733 2620 880 2692; x_wconf 83' lang='grc' dir='ltr'>κτημάτων</span> <span class='ocrx_word' id='word_1_177' title='bbox 904 2637 956 2693; x_wconf 91' lang='grc' dir='ltr'>μου</span> <span class='ocrx_word' id='word_1_178' title='bbox 983 2616 1166 2696; x_wconf 72' lang='grc' dir='ltr'>ψηλαφῶντες</span> <span class='ocrx_word' id='word_1_179' title='bbox 1188 2615 1214 2675; x_wconf 87' lang='grc' dir='ltr'>οἱ</span> <span class='ocrx_word' id='word_1_180' title='bbox 1237 2616 1363 2693; x_wconf 88' lang='grc' dir='ltr'>διάδοχοι</span> 
     </span>
     <span class='ocr_line' id='line_1_18' title="bbox 74 2733 1363 2819; baseline -0.001 -24"><span class='ocrx_word' id='word_1_181' title='bbox 74 2744 121 2796; x_wconf 83' lang='grc' dir='ltr'>τών</span> <span class='ocrx_word' id='word_1_182' title='bbox 142 2741 248 2819; x_wconf 85' lang='grc' dir='ltr'>εὑαγών</span> <span class='ocrx_word' id='word_1_183' title='bbox 272 2739 365 2818; x_wconf 85' lang='grc' dir='ltr'>οἴκων,</span> <span class='ocrx_word' id='word_1_184' title='bbox 390 2740 543 2818; x_wconf 79' lang='grc' dir='ltr'>εὑρήσουσιν</span> <span class='ocrx_word' id='word_1_185' title='bbox 568 2735 598 2810; x_wconf 84' lang='grc' dir='ltr'>ἐξ</span> <span class='ocrx_word' id='word_1_186' title='bbox 622 2741 739 2810; x_wconf 79' lang='grc' dir='ltr'>ἅπαντας</span> <span class='ocrx_word' id='word_1_187' title='bbox 762 2737 900 2814; x_wconf 88' lang='grc' dir='ltr'>δικαίωμα</span> <span class='ocrx_word' id='word_1_188' title='bbox 922 2741 1072 2818; x_wconf 86' lang='grc' dir='ltr'>πρόσφορον</span> <span class='ocrx_word' id='word_1_189' title='bbox 1093 2736 1132 2809; x_wconf 88' lang='grc' dir='ltr'>εἰς</span> <span class='ocrx_word' id='word_1_190' title='bbox 1154 2733 1363 2815; x_wconf 88' lang='grc' dir='ltr'>ἀσφαλεστάτην</span> 
     </span>
     <span class='ocr_line' id='line_1_19' title="bbox 76 2857 1363 2942; baseline 0 -26"><span class='ocrx_word' id='word_1_191' title='bbox 76 2864 115 2918; x_wconf 82' lang='grc' dir='ltr'>τοῦ</span> <span class='ocrx_word' id='word_1_192' title='bbox 135 2862 297 2937; x_wconf 77' lang='grc' dir='ltr'>ζητουμένου</span> <span class='ocrx_word' id='word_1_193' title='bbox 321 2859 460 2938; x_wconf 87' lang='grc' dir='ltr'>βοήθειαν.</span> <span class='ocrx_word' id='word_1_194' title='bbox 495 2861 525 2920; x_wconf 78' lang='grc' dir='ltr'>τδ</span> <span class='ocrx_word' id='word_1_195' title='bbox 549 2860 580 2920; x_wconf 87' lang='grc' dir='ltr'>δέ</span> <span class='ocrx_word' id='word_1_196' title='bbox 602 2861 774 2940; x_wconf 85' lang='grc' dir='ltr'>πρωιότυιτον</span> <span class='ocrx_word' id='word_1_197' title='bbox 791 2861 899 2920; x_wconf 83' lang='grc' dir='ltr'>τυπικδν</span> <span class='ocrx_word' id='word_1_198' title='bbox 922 2860 965 2918; x_wconf 85' lang='grc' dir='ltr'>ἵνα</span> <span class='ocrx_word' id='word_1_199' title='bbox 980 2859 1089 2942; x_wconf 79' lang='grc' dir='ltr'>ὑπάρχῃ</span> <span class='ocrx_word' id='word_1_200' title='bbox 1108 2857 1363 2937; x_wconf 85' lang='grc' dir='ltr'>κατησφαλισμένον</span> 
     </span>
     <span class='ocr_line' id='line_1_20' title="bbox 76 2976 1363 3064; baseline -0.002 -25"><span class='ocrx_word' id='word_1_201' title='bbox 76 2979 116 3040; x_wconf 85' lang='grc' dir='ltr'>καί</span> <span class='ocrx_word' id='word_1_202' title='bbox 137 2983 347 3064; x_wconf 78' lang='grc' dir='ltr'>ἐσφραγισμένοι</span> <span class='ocrx_word' id='word_1_203' title='bbox 370 2983 484 3060; x_wconf 89' lang='grc' dir='ltr'>ἀνωθεν,</span> <span class='ocrx_word' id='word_1_204' title='bbox 513 2982 611 3062; x_wconf 86' lang='grc' dir='ltr'>ἐνεργῇ</span> <span class='ocrx_word' id='word_1_205' title='bbox 636 2982 666 3042; x_wconf 86' lang='grc' dir='ltr'>δὲ</span> <span class='ocrx_word' id='word_1_206' title='bbox 688 2984 718 3042; x_wconf 80' lang='grc' dir='ltr'>τ“ο</span> <span class='ocrx_word' id='word_1_207' title='bbox 741 2983 834 3042; x_wconf 92' lang='grc' dir='ltr'>τοὺτου</span> <span class='ocrx_word' id='word_1_208' title='bbox 855 2980 976 3042; x_wconf 85' lang='grc' dir='ltr'>ἰσότυπον</span> <span class='ocrx_word' id='word_1_209' title='bbox 999 2979 1045 3042; x_wconf 87' lang='grc' dir='ltr'>καὶ</span> <span class='ocrx_word' id='word_1_210' title='bbox 1065 2981 1282 3058; x_wconf 85' lang='grc' dir='ltr'>ἀναγινώσκηται</span> <span class='ocrx_word' id='word_1_211' title='bbox 1307 2976 1363 3060; x_wconf 88' lang='grc' dir='ltr'>τρίς</span> 
     </span>
     <span class='ocr_line' id='line_1_21' title="bbox 77 3099 1364 3185; baseline 0.002 -27"><span class='ocrx_word' id='word_1_212' title='bbox 77 3105 116 3160; x_wconf 81' lang='grc' dir='ltr'>τοῦ</span> <span class='ocrx_word' id='word_1_213' title='bbox 138 3104 256 3164; x_wconf 78' lang='grc' dir='ltr'>ἐνιαυτοῦ</span> <span class='ocrx_word' id='word_1_214' title='bbox 280 3105 309 3164; x_wconf 87' lang='grc' dir='ltr'>ἐν</span> <span class='ocrx_word' id='word_1_215' title='bbox 331 3125 361 3164; x_wconf 92' lang='grc' dir='ltr'>τε</span> <span class='ocrx_word' id='word_1_216' title='bbox 383 3101 422 3184; x_wconf 81' lang='grc' dir='ltr'>τῷ</span> <span class='ocrx_word' id='word_1_217' title='bbox 444 3100 531 3185; x_wconf 84' lang='grc' dir='ltr'>καιρῷ</span> <span class='ocrx_word' id='word_1_218' title='bbox 553 3109 602 3178; x_wconf 83' lang='grc' dir='ltr'>τῆς</span> <span class='ocrx_word' id='word_1_219' title='bbox 626 3104 710 3184; x_wconf 82' lang='grc' dir='ltr'>βόγας</span> <span class='ocrx_word' id='word_1_220' title='bbox 729 3109 783 3164; x_wconf 87' lang='grc' dir='ltr'>τῶν</span> <span class='ocrx_word' id='word_1_221' title='bbox 806 3109 947 3182; x_wconf 87' lang='grc' dir='ltr'>μοναχών,</span> <span class='ocrx_word' id='word_1_222' title='bbox 970 3105 1009 3175; x_wconf 88' lang='grc' dir='ltr'>ώς</span> <span class='ocrx_word' id='word_1_223' title='bbox 1031 3101 1248 3183; x_wconf 81' lang='grc' dir='ltr'>προδιειληπται,</span> <span class='ocrx_word' id='word_1_224' title='bbox 1270 3099 1317 3161; x_wconf 89' lang='grc' dir='ltr'>καὶ</span> <span class='ocrx_word' id='word_1_225' title='bbox 1334 3101 1364 3161; x_wconf 93' lang='grc' dir='ltr'>ἐν</span> 
     </span>
     <span class='ocr_line' id='line_1_22' title="bbox 77 3218 1365 3305; baseline 0.004 -26"><span class='ocrx_word' id='word_1_226' title='bbox 77 3219 109 3300; x_wconf 82' lang='grc' dir='ltr'>τῷ</span> <span class='ocrx_word' id='word_1_227' title='bbox 135 3224 306 3305; x_wconf 86' lang='grc' dir='ltr'>σεπτεμβρίῳ</span> <span class='ocrx_word' id='word_1_228' title='bbox 329 3224 395 3300; x_wconf 89' lang='grc' dir='ltr'>μηνὶ</span> <span class='ocrx_word' id='word_1_229' title='bbox 416 3225 463 3285; x_wconf 86' lang='grc' dir='ltr'>καί</span> <span class='ocrx_word' id='word_1_230' title='bbox 485 3223 524 3304; x_wconf 82' lang='grc' dir='ltr'>τῷ</span> <span class='ocrx_word' id='word_1_231' title='bbox 545 3223 633 3305; x_wconf 81' lang='grc' dir='ltr'>καιρῷ</span> <span class='ocrx_word' id='word_1_232' title='bbox 656 3231 708 3284; x_wconf 86' lang='grc' dir='ltr'>τών</span> <span class='ocrx_word' id='word_1_233' title='bbox 732 3226 849 3285; x_wconf 86' lang='grc' dir='ltr'>Φώτων.</span> <span class='ocrx_word' id='word_1_234' title='bbox 893 3224 940 3283; x_wconf 88' lang='grc' dir='ltr'>ἐάν</span> <span class='ocrx_word' id='word_1_235' title='bbox 964 3222 996 3283; x_wconf 89' lang='grc' dir='ltr'>δέ</span> <span class='ocrx_word' id='word_1_236' title='bbox 1017 3223 1131 3303; x_wconf 88' lang='grc' dir='ltr'>γένηταί</span> <span class='ocrx_word' id='word_1_237' title='bbox 1151 3244 1191 3296; x_wconf 90' lang='grc' dir='ltr'>τις</span> <span class='ocrx_word' id='word_1_238' title='bbox 1212 3218 1365 3302; x_wconf 87' lang='grc' dir='ltr'>ἀμφιβολία</span> 
     </span>
     <span class='ocr_line' id='line_1_23' title="bbox 79 3341 1364 3428; baseline 0.005 -27"><span class='ocrx_word' id='word_1_239' title='bbox 79 3341 112 3415; x_wconf 85' lang='grc' dir='ltr'>είς</span> <span class='ocrx_word' id='word_1_240' title='bbox 131 3348 160 3406; x_wconf 79' lang='grc' dir='ltr'>τ“ο</span> <span class='ocrx_word' id='word_1_241' title='bbox 186 3344 310 3407; x_wconf 88' lang='grc' dir='ltr'>ἰσότυπον</span> <span class='ocrx_word' id='word_1_242' title='bbox 335 3345 397 3428; x_wconf 90' lang='grc' dir='ltr'>περὶ</span> <span class='ocrx_word' id='word_1_243' title='bbox 424 3347 505 3426; x_wconf 79' lang='grc' dir='ltr'>ῥητοῦ</span> <span class='ocrx_word' id='word_1_244' title='bbox 533 3367 615 3427; x_wconf 90' lang='grc' dir='ltr'>τινος,</span> <span class='ocrx_word' id='word_1_245' title='bbox 642 3349 704 3407; x_wconf 87' lang='grc' dir='ltr'>τότε</span> <span class='ocrx_word' id='word_1_246' title='bbox 726 3347 770 3407; x_wconf 81' lang='grc' dir='ltr'>ἵνα</span> <span class='ocrx_word' id='word_1_247' title='bbox 797 3347 938 3426; x_wconf 90' lang='grc' dir='ltr'>ἀνοίγηται</span> <span class='ocrx_word' id='word_1_248' title='bbox 960 3348 991 3406; x_wconf 81' lang='grc' dir='ltr'>τό</span> <span class='ocrx_word' id='word_1_249' title='bbox 1013 3347 1194 3427; x_wconf 87' lang='grc' dir='ltr'>πρωτότυπον,</span> <span class='ocrx_word' id='word_1_250' title='bbox 1217 3345 1265 3406; x_wconf 84' lang='grc' dir='ltr'>καὶ</span> <span class='ocrx_word' id='word_1_251' title='bbox 1287 3348 1364 3408; x_wconf 89' lang='grc' dir='ltr'>ἀντι-</span> 
     </span>
     <span class='ocr_line' id='line_1_24' title="bbox 79 3463 1365 3551; baseline 0.003 -27"><span class='ocrx_word' id='word_1_252' title='bbox 79 3463 157 3542; x_wconf 77' lang='grc' dir='ltr'>βολῆς</span> <span class='ocrx_word' id='word_1_253' title='bbox 185 3470 342 3548; x_wconf 86' lang='grc' dir='ltr'>γινομένης,</span> <span class='ocrx_word' id='word_1_254' title='bbox 374 3467 422 3527; x_wconf 84' lang='grc' dir='ltr'>εἴτ’</span> <span class='ocrx_word' id='word_1_255' title='bbox 435 3467 480 3528; x_wconf 87' lang='grc' dir='ltr'>οὑν</span> <span class='ocrx_word' id='word_1_256' title='bbox 510 3471 730 3549; x_wconf 84' lang='grc' dir='ltr'>παρατεθητικῆς</span> <span class='ocrx_word' id='word_1_257' title='bbox 760 3469 936 3551; x_wconf 88' lang='grc' dir='ltr'>συγκρίσεως,</span> <span class='ocrx_word' id='word_1_258' title='bbox 966 3471 1049 3530; x_wconf 89' lang='grc' dir='ltr'>πάλιν</span> <span class='ocrx_word' id='word_1_259' title='bbox 1078 3471 1312 3550; x_wconf 86' lang='grc' dir='ltr'>κατασφαλίζηται</span> <span class='ocrx_word' id='word_1_260' title='bbox 1334 3471 1365 3529; x_wconf 86' lang='grc' dir='ltr'>τδ</span> 
     </span>
     <span class='ocr_line' id='line_1_25' title="bbox 80 3588 1364 3675; baseline 0.001 -26"><span class='ocrx_word' id='word_1_261' title='bbox 80 3589 240 3667; x_wconf 75' lang='grc' dir='ltr'>πριντότυπον</span> <span class='ocrx_word' id='word_1_262' title='bbox 262 3588 309 3650; x_wconf 87' lang='grc' dir='ltr'>καί</span> <span class='ocrx_word' id='word_1_263' title='bbox 333 3590 554 3670; x_wconf 84' lang='grc' dir='ltr'>ἐπισφραγίζηται</span> <span class='ocrx_word' id='word_1_264' title='bbox 578 3592 691 3671; x_wconf 85' lang='grc' dir='ltr'>ἀνωθεν,</span> <span class='ocrx_word' id='word_1_265' title='bbox 713 3589 761 3651; x_wconf 89' lang='grc' dir='ltr'>καὶ</span> <span class='ocrx_word' id='word_1_266' title='bbox 783 3597 896 3671; x_wconf 82' lang='grc' dir='ltr'>τηρῆται</span> <span class='ocrx_word' id='word_1_267' title='bbox 920 3592 949 3651; x_wconf 87' lang='grc' dir='ltr'>ἐν</span> <span class='ocrx_word' id='word_1_268' title='bbox 972 3591 1075 3674; x_wconf 87' lang='grc' dir='ltr'>ἀσὺλῳ,</span> <span class='ocrx_word' id='word_1_269' title='bbox 1099 3593 1197 3675; x_wconf 77' lang='grc' dir='ltr'>ἐνεργῇ</span> <span class='ocrx_word' id='word_1_270' title='bbox 1214 3592 1246 3652; x_wconf 92' lang='grc' dir='ltr'>δέ</span> <span class='ocrx_word' id='word_1_271' title='bbox 1260 3591 1291 3651; x_wconf 85' lang='grc' dir='ltr'>τ“ο</span> <span class='ocrx_word' id='word_1_272' title='bbox 1307 3590 1364 3650; x_wconf 85' lang='grc' dir='ltr'>ἰσό-</span> 
     </span>
    </p>
   </div>
   <div class='ocr_carea' id='block_1_3' title="bbox 79 3710 1366 3794">
    <p class='ocr_par' dir='ltr' id='par_1_3' title="bbox 79 3710 1366 3794">
     <span class='ocr_line' id='line_1_26' title="bbox 79 3710 1366 3794; baseline 0.004 -26"><span class='ocrx_word' id='word_1_273' title='bbox 79 3727 160 3771; x_wconf 80' lang='grc' dir='ltr'>τιπον.</span> <span class='ocrx_word' id='word_1_274' title='bbox 204 3711 273 3771; x_wconf 84' lang='grc' dir='ltr'>δδέ</span> <span class='ocrx_word' id='word_1_275' title='bbox 301 3710 424 3789; x_wconf 86' lang='grc' dir='ltr'>εὑλαβὴς</span> <span class='ocrx_word' id='word_1_276' title='bbox 448 3713 571 3790; x_wconf 84' lang='grc' dir='ltr'>μοναχδς</span> <span class='ocrx_word' id='word_1_277' title='bbox 594 3713 723 3792; x_wconf 88' lang='grc' dir='ltr'>Μιχαήλ,</span> <span class='ocrx_word' id='word_1_278' title='bbox 755 3714 784 3772; x_wconf 85' lang='grc' dir='ltr'>όν</span> <span class='ocrx_word' id='word_1_279' title='bbox 808 3713 888 3785; x_wconf 78' lang='grc' dir='ltr'>αὑτός</span> <span class='ocrx_word' id='word_1_280' title='bbox 909 3715 1140 3794; x_wconf 89' lang='grc' dir='ltr'>προεχειρισάμην</span> <span class='ocrx_word' id='word_1_281' title='bbox 1163 3711 1305 3788; x_wconf 83' lang='grc' dir='ltr'>οἰκονόμον</span> <span class='ocrx_word' id='word_1_282' title='bbox 1327 3714 1366 3784; x_wconf 83' lang='grc' dir='ltr'>ώς</span> 
     </span>
    </p>
   </div>
   <div class='ocr_carea' id='block_1_4' title="bbox 58 3825 1364 3916">
    <p class='ocr_par' dir='ltr' id='par_1_4' title="bbox 58 3825 1364 3916">
     <span class='ocr_line' id='line_1_27' title="bbox 58 3825 1364 3916; baseline 0.005 -30"><span class='ocrx_word' id='word_1_283' title='bbox 58 3825 297 3909; x_wconf 70' lang='grc' dir='ltr'>’διαγωνιζόμενον</span> <span class='ocrx_word' id='word_1_284' title='bbox 325 3833 359 3893; x_wconf 90' lang='grc' dir='ltr'>τά</span> <span class='ocrx_word' id='word_1_285' title='bbox 380 3835 448 3914; x_wconf 81' lang='grc' dir='ltr'>πρός</span> <span class='ocrx_word' id='word_1_286' title='bbox 479 3833 588 3915; x_wconf 89' lang='grc' dir='ltr'>ἀρετήν,</span> <span class='ocrx_word' id='word_1_287' title='bbox 620 3833 667 3894; x_wconf 86' lang='grc' dir='ltr'>καὶ</span> <span class='ocrx_word' id='word_1_288' title='bbox 697 3831 812 3915; x_wconf 82' lang='grc' dir='ltr'>πρώτως</span> <span class='ocrx_word' id='word_1_289' title='bbox 833 3835 883 3911; x_wconf 75' lang='grc' dir='ltr'>τήν</span> <span class='ocrx_word' id='word_1_290' title='bbox 912 3837 1046 3910; x_wconf 85' lang='grc' dir='ltr'>κοσμικὴν</span> <span class='ocrx_word' id='word_1_291' title='bbox 1076 3835 1245 3910; x_wconf 87' lang='grc' dir='ltr'>ἀποθέμενον</span> <span class='ocrx_word' id='word_1_292' title='bbox 1274 3833 1364 3916; x_wconf 90' lang='grc' dir='ltr'>τρίχα,</span> 
     </span>
    </p>
   </div>
   <div class='ocr_carea' id='block_1_5' title="bbox 83 3948 1368 4522">
    <p class='ocr_par' dir='ltr' id='par_1_5' title="bbox 83 3948 1368 4522">
     <span class='ocr_line' id='line_1_28' title="bbox 84 3948 1365 4036; baseline 0.005 -28"><span class='ocrx_word' id='word_1_293' title='bbox 84 3948 148 4013; x_wconf 84' lang='grc' dir='ltr'>ἔσται</span> <span class='ocrx_word' id='word_1_294' title='bbox 169 3953 207 4034; x_wconf 84' lang='grc' dir='ltr'>τῷ</span> <span class='ocrx_word' id='word_1_295' title='bbox 228 3955 401 4034; x_wconf 76' lang='grc' dir='ltr'>περιποθήτω</span> <span class='ocrx_word' id='word_1_296' title='bbox 424 3976 476 4031; x_wconf 89' lang='grc' dir='ltr'>μου</span> <span class='ocrx_word' id='word_1_297' title='bbox 499 3955 547 4034; x_wconf 82' lang='grc' dir='ltr'>υἱῷ</span> <span class='ocrx_word' id='word_1_298' title='bbox 570 3955 616 4015; x_wconf 87' lang='grc' dir='ltr'>καί</span> <span class='ocrx_word' id='word_1_299' title='bbox 643 3957 810 4035; x_wconf 84' lang='grc' dir='ltr'>κληρονόμῳ</span> <span class='ocrx_word' id='word_1_300' title='bbox 835 3956 864 4016; x_wconf 86' lang='grc' dir='ltr'>ἐν</span> <span class='ocrx_word' id='word_1_301' title='bbox 885 3961 965 4016; x_wconf 85' lang='grc' dir='ltr'>πᾶσιν</span> <span class='ocrx_word' id='word_1_302' title='bbox 996 3957 1146 4036; x_wconf 86' lang='grc' dir='ltr'>εὑαρεστῶν</span> <span class='ocrx_word' id='word_1_303' title='bbox 1172 3955 1218 4016; x_wconf 87' lang='grc' dir='ltr'>καί</span> <span class='ocrx_word' id='word_1_304' title='bbox 1245 3955 1365 4015; x_wconf 89' lang='grc' dir='ltr'>ἀντιποι-</span> 
     </span>
     <span class='ocr_line' id='line_1_29' title="bbox 83 4071 1367 4158; baseline 0.002 -26"><span class='ocrx_word' id='word_1_305' title='bbox 83 4071 185 4148; x_wconf 84' lang='grc' dir='ltr'>οὑμενος</span> <span class='ocrx_word' id='word_1_306' title='bbox 205 4081 254 4152; x_wconf 65' lang='grc' dir='ltr'>τάς</span> <span class='ocrx_word' id='word_1_307' title='bbox 277 4078 356 4136; x_wconf 85' lang='grc' dir='ltr'>αὑτοῦ</span> <span class='ocrx_word' id='word_1_308' title='bbox 380 4075 486 4148; x_wconf 83' lang='grc' dir='ltr'>εὑεξίας</span> <span class='ocrx_word' id='word_1_309' title='bbox 508 4075 554 4136; x_wconf 90' lang='grc' dir='ltr'>καὶ</span> <span class='ocrx_word' id='word_1_310' title='bbox 577 4077 737 4158; x_wconf 86' lang='grc' dir='ltr'>εὑτραγίας,</span> <span class='ocrx_word' id='word_1_311' title='bbox 760 4076 807 4138; x_wconf 88' lang='grc' dir='ltr'>καί</span> <span class='ocrx_word' id='word_1_312' title='bbox 829 4077 1000 4155; x_wconf 87' lang='grc' dir='ltr'>πανταχόθεν</span> <span class='ocrx_word' id='word_1_313' title='bbox 1023 4077 1095 4155; x_wconf 80' lang='grc' dir='ltr'>αὑτῷ</span> <span class='ocrx_word' id='word_1_314' title='bbox 1118 4077 1152 4136; x_wconf 85' lang='grc' dir='ltr'>τὰ</span> <span class='ocrx_word' id='word_1_315' title='bbox 1166 4079 1272 4155; x_wconf 88' lang='grc' dir='ltr'>θυμήρη</span> <span class='ocrx_word' id='word_1_316' title='bbox 1295 4076 1367 4135; x_wconf 87' lang='grc' dir='ltr'>κατὰ</span> 
     </span>
     <span class='ocr_line' id='line_1_30' title="bbox 84 4191 1366 4278; baseline 0.003 -26"><span class='ocrx_word' id='word_1_317' title='bbox 84 4191 136 4252; x_wconf 76' lang='grc' dir='ltr'>θέον</span> <span class='ocrx_word' id='word_1_318' title='bbox 155 4198 426 4277; x_wconf 86' lang='grc' dir='ltr'>πραγματευόμενος,</span> <span class='ocrx_word' id='word_1_319' title='bbox 450 4201 489 4270; x_wconf 89' lang='grc' dir='ltr'>ώς</span> <span class='ocrx_word' id='word_1_320' title='bbox 511 4200 655 4278; x_wconf 87' lang='grc' dir='ltr'>πρόκριτος</span> <span class='ocrx_word' id='word_1_321' title='bbox 677 4199 705 4258; x_wconf 89' lang='grc' dir='ltr'>ἐν</span> <span class='ocrx_word' id='word_1_322' title='bbox 721 4201 778 4268; x_wconf 91' lang='grc' dir='ltr'>τοῖς</span> <span class='ocrx_word' id='word_1_323' title='bbox 794 4201 935 4276; x_wconf 85' lang='grc' dir='ltr'>μοναχοῑς,</span> <span class='ocrx_word' id='word_1_324' title='bbox 959 4195 1005 4258; x_wconf 83' lang='grc' dir='ltr'>καὶ</span> <span class='ocrx_word' id='word_1_325' title='bbox 1021 4196 1061 4270; x_wconf 85' lang='grc' dir='ltr'>εἰς</span> <span class='ocrx_word' id='word_1_326' title='bbox 1075 4203 1128 4258; x_wconf 85' lang='grc' dir='ltr'>πάν</span> <span class='ocrx_word' id='word_1_327' title='bbox 1145 4197 1270 4277; x_wconf 87' lang='grc' dir='ltr'>θεοφιλὲς</span> <span class='ocrx_word' id='word_1_328' title='bbox 1286 4198 1366 4277; x_wconf 82' lang='grc' dir='ltr'>ἔργον</span> 
     </span>
     <span class='ocr_line' id='line_1_31' title="bbox 86 4309 1368 4401; baseline 0.005 -27"><span class='ocrx_word' id='word_1_329' title='bbox 86 4309 228 4390; x_wconf 79' lang='grc' dir='ltr'>ἐμβιβάζων</span> <span class='ocrx_word' id='word_1_330' title='bbox 252 4321 343 4400; x_wconf 88' lang='grc' dir='ltr'>αὑτόν,</span> <span class='ocrx_word' id='word_1_331' title='bbox 375 4315 450 4401; x_wconf 84' lang='grc' dir='ltr'>έφ’ᾧ</span> <span class='ocrx_word' id='word_1_332' title='bbox 473 4319 592 4392; x_wconf 83' lang='grc' dir='ltr'>καὶτὰς</span> <span class='ocrx_word' id='word_1_333' title='bbox 619 4319 755 4390; x_wconf 84' lang='grc' dir='ltr'>διαδόσεις</span> <span class='ocrx_word' id='word_1_334' title='bbox 785 4321 922 4380; x_wconf 82' lang='grc' dir='ltr'>τελεῖσθαι</span> <span class='ocrx_word' id='word_1_335' title='bbox 946 4319 992 4380; x_wconf 91' lang='grc' dir='ltr'>σὺν</span> <span class='ocrx_word' id='word_1_336' title='bbox 1015 4318 1070 4400; x_wconf 84' lang='grc' dir='ltr'>θεῷ</span> <span class='ocrx_word' id='word_1_337' title='bbox 1092 4320 1157 4400; x_wconf 82' lang='grc' dir='ltr'>παρ’</span> <span class='ocrx_word' id='word_1_338' title='bbox 1170 4319 1274 4380; x_wconf 91' lang='grc' dir='ltr'>ἐκείνου</span> <span class='ocrx_word' id='word_1_339' title='bbox 1295 4319 1368 4380; x_wconf 84' lang='grc' dir='ltr'>κατὰ</span> 
     </span>
     <span class='ocr_line' id='line_1_32' title="bbox 85 4432 1368 4522; baseline 0.002 -24"><span class='ocrx_word' id='word_1_340' title='bbox 85 4432 125 4508; x_wconf 68' lang='grc' dir='ltr'>τὴν</span> <span class='ocrx_word' id='word_1_341' title='bbox 148 4438 282 4521; x_wconf 82' lang='grc' dir='ltr'>παροῦσάν</span> <span class='ocrx_word' id='word_1_342' title='bbox 305 4459 357 4516; x_wconf 89' lang='grc' dir='ltr'>μου</span> <span class='ocrx_word' id='word_1_343' title='bbox 385 4441 526 4522; x_wconf 89' lang='grc' dir='ltr'>βοὺληοιν,</span> <span class='ocrx_word' id='word_1_344' title='bbox 557 4442 595 4512; x_wconf 85' lang='grc' dir='ltr'>ὡς</span> <span class='ocrx_word' id='word_1_345' title='bbox 619 4445 650 4500; x_wconf 86' lang='grc' dir='ltr'>ἀν</span> <span class='ocrx_word' id='word_1_346' title='bbox 673 4440 720 4502; x_wconf 86' lang='grc' dir='ltr'>καί</span> <span class='ocrx_word' id='word_1_347' title='bbox 742 4441 790 4516; x_wconf 77' lang='grc' dir='ltr'>τὴν</span> <span class='ocrx_word' id='word_1_348' title='bbox 817 4441 864 4500; x_wconf 86' lang='grc' dir='ltr'>ἀπ’</span> <span class='ocrx_word' id='word_1_349' title='bbox 877 4441 981 4502; x_wconf 88' lang='grc' dir='ltr'>ἐκείνου</span> <span class='ocrx_word' id='word_1_350' title='bbox 1006 4439 1090 4501; x_wconf 90' lang='grc' dir='ltr'>πάλιν</span> <span class='ocrx_word' id='word_1_351' title='bbox 1116 4442 1299 4522; x_wconf 87' lang='grc' dir='ltr'>προσπάθειαν</span> <span class='ocrx_word' id='word_1_352' title='bbox 1321 4439 1368 4502; x_wconf 87' lang='grc' dir='ltr'>καὶ</span> 
     </span>
    </p>
   </div>
   <div class='ocr_carea' id='block_1_6' title="bbox 87 4587 277 4607">
    <p class='ocr_par' dir='ltr' id='par_1_6' title="bbox 87 4587 277 4607">
     <span class='ocr_line' id='line_1_33' title="bbox 87 4587 277 4607; baseline 0 0"><span class='ocrx_word' id='word_1_353' title='bbox 87 4587 277 4607; x_wconf 40' lang='grc' dir='ltr'>ἱ*-</span> 
     </span>
    </p>
   </div>
   <div class='ocr_carea' id='block_1_7' title="bbox 178 4695 1367 4770">
    <p class='ocr_par' dir='ltr' id='par_1_7' title="bbox 178 4695 1367 4770">
     <span class='ocr_line' id='line_1_34' title="bbox 178 4695 1367 4770; baseline 0.003 -20"><span class='ocrx_word' id='word_1_354' title='bbox 178 4697 371 4766; x_wconf 77' lang='grc' dir='ltr'>ι)ἀπιίκεινταιΒ.</span> <span class='ocrx_word' id='word_1_355' title='bbox 421 4698 612 4769; x_wconf 62' lang='grc' dir='ltr'>θ)ἐπίκειυτοιιθ.</span> <span class='ocrx_word' id='word_1_356' title='bbox 661 4699 828 4766; x_wconf 71' lang='grc' dir='ltr'>3)ἐπιτίθενται</span> <span class='ocrx_word' id='word_1_357' title='bbox 839 4701 864 4750; x_wconf 84' lang='lat' dir='ltr'>S.</span> <span class='ocrx_word' id='word_1_358' title='bbox 913 4695 1113 4766; x_wconf 77' lang='grc' dir='ltr'>4)οἰποτίθεται8.</span> <span class='ocrx_word' id='word_1_359' title='bbox 1162 4699 1367 4770; x_wconf 71' lang='grc' dir='ltr'>5)τινάσωνταιΒ.</span> 
     </span>
    </p>
   </div>
   <div class='ocr_carea' id='block_1_8' title="bbox 0 0 1641 5284">
    <p class='ocr_par' dir='ltr' id='par_1_8' title="bbox 0 0 1641 5284">
     <span class='ocr_line' id='line_1_35' title="bbox 0 0 1641 5284; baseline 0 0"><span class='ocrx_word' id='word_1_360' title='bbox 0 0 1641 5284; x_wconf 95' lang='lat' dir='ltr'> </span> 
     </span>
    </p>
   </div>
  </div>
 </body>
</html>
