<?xml version="1.0" encoding="UTF-8"?>
<!DOCTYPE html PUBLIC "-//W3C//DTD XHTML 1.0 Transitional//EN"
    "http://www.w3.org/TR/xhtml1/DTD/xhtml1-transitional.dtd">
<html xmlns="http://www.w3.org/1999/xhtml" xml:lang="en" lang="en">
 <head>
  <title>
</title>
<meta http-equiv="Content-Type" content="text/html;charset=utf-8" />
  <meta name='ocr-system' content='tesseract 3.04.00' />
  <meta name='ocr-capabilities' content='ocr_page ocr_carea ocr_par ocr_line ocrx_word'/>
</head>
<body>
  <div class='ocr_page' id='page_1' title='image "./actaetdiplomata00miklgoog_0554.png"; bbox 0 0 3222 5284; ppageno 0'>
   <div class='ocr_carea' id='block_1_1' title="bbox 1316 370 1381 436">
    <p class='ocr_par' dir='ltr' id='par_1_1' title="bbox 1316 370 1381 436">
     <span class='ocr_line' id='line_1_1' title="bbox 1316 370 1381 436; baseline -0.031 0"><span class='ocrx_word' id='word_1_1' title='bbox 1316 370 1381 436; x_wconf 78' lang='lat'>373</span> 
     </span>
    </p>
   </div>
   <div class='ocr_carea' id='block_1_2' title="bbox 72 565 1411 4185">
    <p class='ocr_par' dir='ltr' id='par_1_2' title="bbox 72 565 1411 4185">
     <span class='ocr_line' id='line_1_2' title="bbox 72 565 1380 646; baseline -0.001 -22"><span class='ocrx_word' id='word_1_2' title='bbox 72 566 142 644; x_wconf 78' lang='grc' dir='ltr'>Ἰυπὲρ</span> <span class='ocrx_word' id='word_1_3' title='bbox 168 575 219 644; x_wconf 84' lang='grc' dir='ltr'>τῆς</span> <span class='ocrx_word' id='word_1_4' title='bbox 248 567 374 641; x_wconf 82' lang='grc' dir='ltr'>τσιαθοης</span> <span class='ocrx_word' id='word_1_5' title='bbox 403 565 551 646; x_wconf 78' lang='grc' dir='ltr'>ὑπηρεσίας</span> <span class='ocrx_word' id='word_1_6' title='bbox 573 566 625 626; x_wconf 78' lang='grc' dir='ltr'>ἀπο</span> <span class='ocrx_word' id='word_1_7' title='bbox 648 571 698 641; x_wconf 82' lang='grc' dir='ltr'>τῆς</span> <span class='ocrx_word' id='word_1_8' title='bbox 720 573 768 642; x_wconf 79' lang='grc' dir='ltr'>της</span> <span class='ocrx_word' id='word_1_9' title='bbox 790 566 1027 646; x_wconf 86' lang='grc' dir='ltr'>Κεχαριτωμένης</span> <span class='ocrx_word' id='word_1_10' title='bbox 1050 587 1102 642; x_wconf 91' lang='grc' dir='ltr'>μου</span> <span class='ocrx_word' id='word_1_11' title='bbox 1133 566 1261 626; x_wconf 86' lang='grc' dir='ltr'>θεοτόκου</span> <span class='ocrx_word' id='word_1_12' title='bbox 1284 571 1380 645; x_wconf 77' lang='grc' dir='ltr'>μονῆς,</span> 
     </span>
     <span class='ocr_line' id='line_1_3' title="bbox 72 681 1380 768; baseline 0 -22"><span class='ocrx_word' id='word_1_13' title='bbox 72 687 118 765; x_wconf 82' lang='grc' dir='ltr'>ἀρ’</span> <span class='ocrx_word' id='word_1_14' title='bbox 131 681 169 763; x_wconf 79' lang='grc' dir='ltr'>ἧς</span> <span class='ocrx_word' id='word_1_15' title='bbox 194 688 315 748; x_wconf 75' lang='grc' dir='ltr'>δίδοσθαι</span> <span class='ocrx_word' id='word_1_16' title='bbox 330 686 376 747; x_wconf 86' lang='grc' dir='ltr'>καὶ</span> <span class='ocrx_word' id='word_1_17' title='bbox 392 687 425 747; x_wconf 85' lang='grc' dir='ltr'>τάι</span> <span class='ocrx_word' id='word_1_18' title='bbox 442 685 482 758; x_wconf 86' lang='grc' dir='ltr'>είς</span> <span class='ocrx_word' id='word_1_19' title='bbox 504 687 647 766; x_wconf 83' lang='grc' dir='ltr'>ψωταψίσιν</span> <span class='ocrx_word' id='word_1_20' title='bbox 670 691 715 748; x_wconf 80' lang='grc' dir='ltr'>τοῦ</span> <span class='ocrx_word' id='word_1_21' title='bbox 730 689 850 748; x_wconf 88' lang='grc' dir='ltr'>τοισθτου</span> <span class='ocrx_word' id='word_1_22' title='bbox 873 688 1059 768; x_wconf 88' lang='grc' dir='ltr'>κοιμητηρίου,</span> <span class='ocrx_word' id='word_1_23' title='bbox 1082 689 1167 765; x_wconf 77' lang='grc' dir='ltr'>ἤγουν</span> <span class='ocrx_word' id='word_1_24' title='bbox 1189 688 1252 748; x_wconf 81' lang='grc' dir='ltr'>καθ’</span> <span class='ocrx_word' id='word_1_25' title='bbox 1266 690 1380 748; x_wconf 79' lang='grc' dir='ltr'>ἕκαστον</span> 
     </span>
     <span class='ocr_line' id='line_1_4' title="bbox 72 803 1380 891; baseline 0.002 -23"><span class='ocrx_word' id='word_1_26' title='bbox 72 809 200 868; x_wconf 73' lang='grc' dir='ltr'>ἐνιαυτὸν</span> <span class='ocrx_word' id='word_1_27' title='bbox 225 809 319 870; x_wconf 85' lang='grc' dir='ltr'>ἐλαίου</span> <span class='ocrx_word' id='word_1_28' title='bbox 343 812 429 891; x_wconf 85' lang='grc' dir='ltr'>μέτρα</span> <span class='ocrx_word' id='word_1_29' title='bbox 452 809 588 872; x_wconf 88' lang='grc' dir='ltr'>θαλάσσια</span> <span class='ocrx_word' id='word_1_30' title='bbox 611 809 658 870; x_wconf 83' lang='grc' dir='ltr'>δθο</span> <span class='ocrx_word' id='word_1_31' title='bbox 680 803 728 870; x_wconf 86' lang='grc' dir='ltr'>καί</span> <span class='ocrx_word' id='word_1_32' title='bbox 751 807 822 870; x_wconf 82' lang='grc' dir='ltr'>σίτου</span> <span class='ocrx_word' id='word_1_33' title='bbox 846 809 927 886; x_wconf 87' lang='grc' dir='ltr'>μάδια</span> <span class='ocrx_word' id='word_1_34' title='bbox 950 807 1069 870; x_wconf 84' lang='grc' dir='ltr'>δώδεκα.</span> <span class='ocrx_word' id='word_1_35' title='bbox 1103 810 1153 887; x_wconf 82' lang='grc' dir='ltr'>τὴν</span> <span class='ocrx_word' id='word_1_36' title='bbox 1176 809 1208 870; x_wconf 83' lang='grc' dir='ltr'>δὲ</span> <span class='ocrx_word' id='word_1_37' title='bbox 1229 815 1284 870; x_wconf 83' lang='grc' dir='ltr'>τῶν</span> <span class='ocrx_word' id='word_1_38' title='bbox 1308 810 1380 870; x_wconf 84' lang='grc' dir='ltr'>ἀπσ-</span> 
     </span>
     <span class='ocr_line' id='line_1_5' title="bbox 74 930 1379 1011; baseline 0 -19"><span class='ocrx_word' id='word_1_39' title='bbox 74 933 255 1007; x_wconf 83' lang='grc' dir='ltr'>θνησκουσῶν</span> <span class='ocrx_word' id='word_1_40' title='bbox 285 933 459 1008; x_wconf 77' lang='grc' dir='ltr'>μοναζονσῶν</span> <span class='ocrx_word' id='word_1_41' title='bbox 490 931 677 1008; x_wconf 81' lang='grc' dir='ltr'>μετακομιδήν</span> <span class='ocrx_word' id='word_1_42' title='bbox 699 952 729 991; x_wconf 90' lang='grc' dir='ltr'>τε</span> <span class='ocrx_word' id='word_1_43' title='bbox 751 930 798 992; x_wconf 87' lang='grc' dir='ltr'>καὶ</span> <span class='ocrx_word' id='word_1_44' title='bbox 820 931 906 1011; x_wconf 82' lang='grc' dir='ltr'>ταρὴν</span> <span class='ocrx_word' id='word_1_45' title='bbox 929 933 997 992; x_wconf 78' lang='grc' dir='ltr'>σθτω</span> <span class='ocrx_word' id='word_1_46' title='bbox 1021 931 1219 1008; x_wconf 72' lang='grc' dir='ltr'>διαταττόμεθα</span> <span class='ocrx_word' id='word_1_47' title='bbox 1240 930 1379 1010; x_wconf 91' lang='grc' dir='ltr'>γίνεσθαι·</span> 
     </span>
     <span class='ocr_line' id='line_1_6' title="bbox 73 1049 1380 1136; baseline 0.002 -24"><span class='ocrx_word' id='word_1_48' title='bbox 73 1054 220 1115; x_wconf 75' lang='grc' dir='ltr'>τελεῖσθαι</span> <span class='ocrx_word' id='word_1_49' title='bbox 244 1054 349 1128; x_wconf 85' lang='grc' dir='ltr'>μὲνέν</span> <span class='ocrx_word' id='word_1_50' title='bbox 368 1051 407 1132; x_wconf 79' lang='grc' dir='ltr'>τῷ</span> <span class='ocrx_word' id='word_1_51' title='bbox 431 1051 631 1136; x_wconf 64' lang='grc' dir='ltr'>ἑξωνάρθηκιί)</span> <span class='ocrx_word' id='word_1_52' title='bbox 654 1049 689 1113; x_wconf 87' lang='grc' dir='ltr'>τά</span> <span class='ocrx_word' id='word_1_53' title='bbox 705 1051 795 1136; x_wconf 73' lang='grc' dir='ltr'>ἐπὶτῇ</span> <span class='ocrx_word' id='word_1_54' title='bbox 818 1055 955 1136; x_wconf 73' lang='grc' dir='ltr'>τεθνεώσῃ</span> <span class='ocrx_word' id='word_1_55' title='bbox 978 1053 1171 1132; x_wconf 78' lang='grc' dir='ltr'>νενομισμένα,</span> <span class='ocrx_word' id='word_1_56' title='bbox 1193 1055 1243 1128; x_wconf 80' lang='grc' dir='ltr'>την</span> <span class='ocrx_word' id='word_1_57' title='bbox 1257 1074 1287 1112; x_wconf 88' lang='grc' dir='ltr'>τε</span> <span class='ocrx_word' id='word_1_58' title='bbox 1303 1054 1380 1132; x_wconf 81' lang='grc' dir='ltr'>ψαλ-</span> 
     </span>
     <span class='ocr_line' id='line_1_7' title="bbox 73 1171 1380 1256; baseline 0.001 -21"><span class='ocrx_word' id='word_1_59' title='bbox 73 1175 196 1256; x_wconf 85' lang='grc' dir='ltr'>μῳδίαν,</span> <span class='ocrx_word' id='word_1_60' title='bbox 219 1176 297 1256; x_wconf 85' lang='grc' dir='ltr'>ρημί,</span> <span class='ocrx_word' id='word_1_61' title='bbox 319 1174 366 1236; x_wconf 86' lang='grc' dir='ltr'>καὶ</span> <span class='ocrx_word' id='word_1_62' title='bbox 381 1175 430 1252; x_wconf 80' lang='grc' dir='ltr'>τὴν</span> <span class='ocrx_word' id='word_1_63' title='bbox 445 1179 492 1237; x_wconf 80' lang='grc' dir='ltr'>τοῦ</span> <span class='ocrx_word' id='word_1_64' title='bbox 515 1176 646 1253; x_wconf 78' lang='grc' dir='ltr'>λειψάνου</span> <span class='ocrx_word' id='word_1_65' title='bbox 668 1181 758 1236; x_wconf 81' lang='grc' dir='ltr'>πάσαν</span> <span class='ocrx_word' id='word_1_66' title='bbox 782 1171 911 1256; x_wconf 89' lang='grc' dir='ltr'>ἀμρίασιν</span> <span class='ocrx_word' id='word_1_67' title='bbox 934 1174 981 1236; x_wconf 74' lang='grc' dir='ltr'>καίΙ</span> <span class='ocrx_word' id='word_1_68' title='bbox 1003 1175 1071 1235; x_wconf 82' lang='grc' dir='ltr'>οίίτω</span> <span class='ocrx_word' id='word_1_69' title='bbox 1094 1173 1324 1251; x_wconf 77' lang='grc' dir='ltr'>μετακομίζεσθαι</span> <span class='ocrx_word' id='word_1_70' title='bbox 1340 1175 1380 1247; x_wconf 89' lang='grc' dir='ltr'>είς</span> 
     </span>
     <span class='ocr_line' id='line_1_8' title="bbox 73 1296 1379 1380; baseline 0 -24"><span class='ocrx_word' id='word_1_71' title='bbox 73 1299 103 1357; x_wconf 70' lang='lat' dir='ltr'>rb</span> <span class='ocrx_word' id='word_1_72' title='bbox 128 1301 313 1380; x_wconf 79' lang='grc' dir='ltr'>μσναστήριον</span> <span class='ocrx_word' id='word_1_73' title='bbox 334 1303 384 1376; x_wconf 81' lang='grc' dir='ltr'>τῆς</span> <span class='ocrx_word' id='word_1_74' title='bbox 406 1300 535 1360; x_wconf 86' lang='grc' dir='ltr'>θεοτάκσυ</span> <span class='ocrx_word' id='word_1_75' title='bbox 557 1298 591 1359; x_wconf 90' lang='grc' dir='ltr'>τά</span> <span class='ocrx_word' id='word_1_76' title='bbox 614 1297 797 1377; x_wconf 86' lang='grc' dir='ltr'>Κελλαραίας</span> <span class='ocrx_word' id='word_1_77' title='bbox 820 1297 892 1374; x_wconf 88' lang='grc' dir='ltr'>μετά</span> <span class='ocrx_word' id='word_1_78' title='bbox 912 1303 962 1374; x_wconf 79' lang='grc' dir='ltr'>τῆς</span> <span class='ocrx_word' id='word_1_79' title='bbox 984 1296 1082 1374; x_wconf 91' lang='grc' dir='ltr'>κλίνης</span> <span class='ocrx_word' id='word_1_80' title='bbox 1105 1297 1379 1378; x_wconf 63' lang='grc' dir='ltr'>βασταζομένηςθ)η</span> 
     </span>
     <span class='ocr_line' id='line_1_9' title="bbox 73 1419 1378 1502; baseline 0 -24"><span class='ocrx_word' id='word_1_81' title='bbox 73 1421 151 1500; x_wconf 79' lang='grc' dir='ltr'>παρὰ</span> <span class='ocrx_word' id='word_1_82' title='bbox 172 1425 227 1480; x_wconf 83' lang='grc' dir='ltr'>τῶν</span> <span class='ocrx_word' id='word_1_83' title='bbox 258 1420 434 1500; x_wconf 83' lang='grc' dir='ltr'>συναδελρῶν</span> <span class='ocrx_word' id='word_1_84' title='bbox 465 1422 547 1497; x_wconf 75' lang='grc' dir='ltr'>αἀτης</span> <span class='ocrx_word' id='word_1_85' title='bbox 570 1423 588 1496; x_wconf 77' lang='grc' dir='ltr'>ἢ</span> <span class='ocrx_word' id='word_1_86' title='bbox 611 1421 686 1500; x_wconf 85' lang='grc' dir='ltr'>παρά</span> <span class='ocrx_word' id='word_1_87' title='bbox 708 1425 762 1480; x_wconf 86' lang='grc' dir='ltr'>τῶν</span> <span class='ocrx_word' id='word_1_88' title='bbox 783 1419 977 1500; x_wconf 84' lang='grc' dir='ltr'>θπσυργισσῶν,</span> <span class='ocrx_word' id='word_1_89' title='bbox 1008 1419 1201 1480; x_wconf 85' lang='grc' dir='ltr'>ἀκολσθσυσῶν</span> <span class='ocrx_word' id='word_1_90' title='bbox 1233 1420 1299 1502; x_wconf 72' lang='grc' dir='ltr'>αὐτῇ</span> <span class='ocrx_word' id='word_1_91' title='bbox 1323 1425 1378 1480; x_wconf 84' lang='grc' dir='ltr'>τῶν</span> 
     </span>
     <span class='ocr_line' id='line_1_10' title="bbox 74 1538 1379 1622; baseline 0 -22"><span class='ocrx_word' id='word_1_92' title='bbox 74 1548 220 1622; x_wconf 84' lang='grc' dir='ltr'>μοναχῶν,</span> <span class='ocrx_word' id='word_1_93' title='bbox 251 1543 319 1614; x_wconf 77' lang='grc' dir='ltr'>ὅσας</span> <span class='ocrx_word' id='word_1_94' title='bbox 349 1538 535 1621; x_wconf 77' lang='grc' dir='ltr'>προστάξειη</span> <span class='ocrx_word' id='word_1_95' title='bbox 565 1542 770 1620; x_wconf 84' lang='grc' dir='ltr'>καθηγουμένη.</span> <span class='ocrx_word' id='word_1_96' title='bbox 819 1542 908 1601; x_wconf 86' lang='grc' dir='ltr'>ἐκεῖσε</span> <span class='ocrx_word' id='word_1_97' title='bbox 932 1541 963 1602; x_wconf 88' lang='grc' dir='ltr'>δὲ</span> <span class='ocrx_word' id='word_1_98' title='bbox 987 1541 1017 1602; x_wconf 89' lang='grc' dir='ltr'>ἐν</span> <span class='ocrx_word' id='word_1_99' title='bbox 1038 1544 1098 1614; x_wconf 88' lang='grc' dir='ltr'>ταῖς</span> <span class='ocrx_word' id='word_1_100' title='bbox 1120 1547 1174 1602; x_wconf 81' lang='grc' dir='ltr'>τῶν</span> <span class='ocrx_word' id='word_1_101' title='bbox 1204 1544 1379 1616; x_wconf 83' lang='grc' dir='ltr'>μσναζσυσῶν</span> 
     </span>
     <span class='ocr_line' id='line_1_11' title="bbox 75 1656 1378 1746; baseline 0.003 -26"><span class='ocrx_word' id='word_1_102' title='bbox 75 1663 252 1724; x_wconf 78' lang='grc' dir='ltr'>ἀποτίθεσθαι</span> <span class='ocrx_word' id='word_1_103' title='bbox 274 1667 376 1744; x_wconf 84' lang='grc' dir='ltr'>τάροις,</span> <span class='ocrx_word' id='word_1_104' title='bbox 400 1664 429 1724; x_wconf 89' lang='grc' dir='ltr'>ἐν</span> <span class='ocrx_word' id='word_1_105' title='bbox 454 1656 497 1736; x_wconf 85' lang='grc' dir='ltr'>αῖς</span> <span class='ocrx_word' id='word_1_106' title='bbox 520 1665 599 1739; x_wconf 77' lang='grc' dir='ltr'>μόναι</span> <span class='ocrx_word' id='word_1_107' title='bbox 623 1663 651 1724; x_wconf 83' lang='grc' dir='ltr'>αἱ</span> <span class='ocrx_word' id='word_1_108' title='bbox 674 1664 702 1724; x_wconf 88' lang='grc' dir='ltr'>έν</span> <span class='ocrx_word' id='word_1_109' title='bbox 725 1670 758 1746; x_wconf 82' lang='grc' dir='ltr'>τῇ</span> <span class='ocrx_word' id='word_1_110' title='bbox 779 1671 849 1746; x_wconf 82' lang='grc' dir='ltr'>μονῇ</span> <span class='ocrx_word' id='word_1_111' title='bbox 865 1669 915 1740; x_wconf 77' lang='grc' dir='ltr'>τῆς</span> <span class='ocrx_word' id='word_1_112' title='bbox 930 1663 1166 1743; x_wconf 86' lang='grc' dir='ltr'>Κεχαριτωμένης</span> <span class='ocrx_word' id='word_1_113' title='bbox 1182 1683 1234 1740; x_wconf 92' lang='grc' dir='ltr'>μου</span> <span class='ocrx_word' id='word_1_114' title='bbox 1249 1665 1378 1724; x_wconf 83' lang='grc' dir='ltr'>θεοτάκσυ</span> 
     </span>
     <span class='ocr_line' id='line_1_12' title="bbox 77 1783 1411 1867; baseline 0 -23"><span class='ocrx_word' id='word_1_115' title='bbox 77 1785 276 1863; x_wconf 86' lang='grc' dir='ltr'>ἐνασκοὺμεναι</span> <span class='ocrx_word' id='word_1_116' title='bbox 300 1784 421 1865; x_wconf 87' lang='grc' dir='ltr'>μοναχαὶ</span> <span class='ocrx_word' id='word_1_117' title='bbox 447 1786 583 1866; x_wconf 80' lang='grc' dir='ltr'>ἀρείλουσι</span> <span class='ocrx_word' id='word_1_118' title='bbox 606 1788 763 1867; x_wconf 87' lang='grc' dir='ltr'>θάπτεσθαι,</span> <span class='ocrx_word' id='word_1_119' title='bbox 796 1789 843 1866; x_wconf 81' lang='grc' dir='ltr'>μήΙ</span> <span class='ocrx_word' id='word_1_120' title='bbox 856 1805 928 1856; x_wconf 89' lang='grc' dir='ltr'>τινος</span> <span class='ocrx_word' id='word_1_121' title='bbox 950 1791 1004 1846; x_wconf 83' lang='grc' dir='ltr'>τῶν</span> <span class='ocrx_word' id='word_1_122' title='bbox 1029 1783 1130 1858; x_wconf 84' lang='grc' dir='ltr'>ἔξωθεν</span> <span class='ocrx_word' id='word_1_123' title='bbox 1152 1790 1199 1846; x_wconf 84' lang='grc' dir='ltr'>τοῦ</span> <span class='ocrx_word' id='word_1_124' title='bbox 1221 1786 1378 1866; x_wconf 71' lang='grc' dir='ltr'>καταλόγου</span> <span class='ocrx_word' id='word_1_125' title='bbox 1407 1809 1411 1818; x_wconf 77' lang='grc'><strong>’</strong></span> 
     </span>
     <span class='ocr_line' id='line_1_13' title="bbox 76 1907 1378 1990; baseline 0 -22"><span class='ocrx_word' id='word_1_126' title='bbox 76 1908 159 1984; x_wconf 77' lang='grc' dir='ltr'>τῆσδε</span> <span class='ocrx_word' id='word_1_127' title='bbox 182 1915 233 1985; x_wconf 76' lang='grc' dir='ltr'>της</span> <span class='ocrx_word' id='word_1_128' title='bbox 256 1907 439 1988; x_wconf 80' lang='grc' dir='ltr'>ἀδελράτητος</span> <span class='ocrx_word' id='word_1_129' title='bbox 461 1909 570 1980; x_wconf 84' lang='grc' dir='ltr'>ταθταις</span> <span class='ocrx_word' id='word_1_130' title='bbox 593 1910 822 1988; x_wconf 88' lang='grc' dir='ltr'>συνθαπτομένης,</span> <span class='ocrx_word' id='word_1_131' title='bbox 845 1911 897 1968; x_wconf 85' lang='grc' dir='ltr'>κάν</span> <span class='ocrx_word' id='word_1_132' title='bbox 921 1909 1055 1988; x_wconf 82' lang='grc' dir='ltr'>συγγενὴς</span> <span class='ocrx_word' id='word_1_133' title='bbox 1079 1907 1120 1984; x_wconf 87' lang='grc' dir='ltr'>εἴη</span> <span class='ocrx_word' id='word_1_134' title='bbox 1135 1913 1185 1984; x_wconf 74' lang='grc' dir='ltr'>τῆς</span> <span class='ocrx_word' id='word_1_135' title='bbox 1204 1911 1378 1990; x_wconf 84' lang='grc' dir='ltr'>προεστώσης</span> 
     </span>
     <span class='ocr_line' id='line_1_14' title="bbox 76 2028 1375 2112; baseline 0 -22"><span class='ocrx_word' id='word_1_136' title='bbox 76 2032 93 2106; x_wconf 74' lang='grc' dir='ltr'>ί,</span> <span class='ocrx_word' id='word_1_137' title='bbox 116 2052 191 2104; x_wconf 87' lang='grc' dir='ltr'>τινος</span> <span class='ocrx_word' id='word_1_138' title='bbox 214 2032 307 2108; x_wconf 81' lang='grc' dir='ltr'>ἀκλης</span> <span class='ocrx_word' id='word_1_139' title='bbox 328 2037 382 2092; x_wconf 83' lang='grc' dir='ltr'>τῶν</span> <span class='ocrx_word' id='word_1_140' title='bbox 406 2036 547 2112; x_wconf 84' lang='grc' dir='ltr'>μοναχῶν,</span> <span class='ocrx_word' id='word_1_141' title='bbox 574 2035 626 2090; x_wconf 80' lang='grc' dir='ltr'>κάν</span> <span class='ocrx_word' id='word_1_142' title='bbox 650 2033 775 2111; x_wconf 78' lang='grc' dir='ltr'>συνήθης,</span> <span class='ocrx_word' id='word_1_143' title='bbox 807 2034 859 2108; x_wconf 72' lang='grc' dir='ltr'>κάν</span> <span class='ocrx_word' id='word_1_144' title='bbox 881 2033 1028 2111; x_wconf 85' lang='grc' dir='ltr'>γνώριμος,</span> <span class='ocrx_word' id='word_1_145' title='bbox 1059 2028 1120 2090; x_wconf 84' lang='grc' dir='ltr'>οὔτε</span> <span class='ocrx_word' id='word_1_146' title='bbox 1143 2031 1197 2105; x_wconf 82' lang='grc' dir='ltr'>μὴν</span> <span class='ocrx_word' id='word_1_147' title='bbox 1221 2029 1266 2090; x_wconf 83' lang='grc' dir='ltr'>διὰ</span> <span class='ocrx_word' id='word_1_148' title='bbox 1287 2049 1375 2111; x_wconf 86' lang='grc' dir='ltr'>προσ-</span> 
     </span>
     <span class='ocr_line' id='line_1_15' title="bbox 75 2149 1377 2232; baseline -0.001 -19"><span class='ocrx_word' id='word_1_149' title='bbox 75 2151 186 2226; x_wconf 79' lang='grc' dir='ltr'>τάξεως</span> <span class='ocrx_word' id='word_1_150' title='bbox 208 2159 258 2229; x_wconf 72' lang='grc' dir='ltr'>τῆς</span> <span class='ocrx_word' id='word_1_151' title='bbox 287 2159 336 2228; x_wconf 79' lang='grc' dir='ltr'>τῆς</span> <span class='ocrx_word' id='word_1_152' title='bbox 363 2157 450 2229; x_wconf 83' lang='grc' dir='ltr'>μονῆς</span> <span class='ocrx_word' id='word_1_153' title='bbox 480 2152 766 2231; x_wconf 87' lang='grc' dir='ltr'>ἀντιλαμβανομένης,</span> <span class='ocrx_word' id='word_1_154' title='bbox 796 2153 840 2212; x_wconf 87' lang='grc' dir='ltr'>ἵνα</span> <span class='ocrx_word' id='word_1_155' title='bbox 871 2153 909 2228; x_wconf 79' lang='grc' dir='ltr'>μὴ</span> <span class='ocrx_word' id='word_1_156' title='bbox 940 2149 1111 2232; x_wconf 76' lang='grc' dir='ltr'>ξενοταρεῖσν</span> <span class='ocrx_word' id='word_1_157' title='bbox 1133 2153 1164 2212; x_wconf 85' lang='grc' dir='ltr'>τ“σ</span> <span class='ocrx_word' id='word_1_158' title='bbox 1193 2155 1301 2232; x_wconf 84' lang='grc' dir='ltr'>ταρεῑον</span> <span class='ocrx_word' id='word_1_159' title='bbox 1323 2157 1377 2212; x_wconf 86' lang='grc' dir='ltr'>τῶν</span> 
     </span>
     <span class='ocr_line' id='line_1_16' title="bbox 78 2271 1377 2357; baseline -0.002 -21"><span class='ocrx_word' id='word_1_160' title='bbox 78 2281 211 2354; x_wconf 84' lang='grc' dir='ltr'>μοναχῶν</span> <span class='ocrx_word' id='word_1_161' title='bbox 234 2280 365 2357; x_wconf 83' lang='grc' dir='ltr'>καταστῇ.</span> <span class='ocrx_word' id='word_1_162' title='bbox 412 2273 435 2334; x_wconf 87' lang='grc' dir='ltr'>εἰ</span> <span class='ocrx_word' id='word_1_163' title='bbox 459 2273 490 2336; x_wconf 85' lang='grc' dir='ltr'>δὲ</span> <span class='ocrx_word' id='word_1_164' title='bbox 512 2275 628 2357; x_wconf 74' lang='grc' dir='ltr'>πειραθη</span> <span class='ocrx_word' id='word_1_165' title='bbox 650 2295 691 2347; x_wconf 92' lang='grc' dir='ltr'>τις</span> <span class='ocrx_word' id='word_1_166' title='bbox 713 2277 790 2335; x_wconf 81' lang='grc' dir='ltr'>τοῦτο</span> <span class='ocrx_word' id='word_1_167' title='bbox 812 2279 931 2355; x_wconf 79' lang='grc' dir='ltr'>ποιῆσαι,</span> <span class='ocrx_word' id='word_1_168' title='bbox 960 2271 1017 2346; x_wconf 76' lang='grc' dir='ltr'>ἔξει</span> <span class='ocrx_word' id='word_1_169' title='bbox 1039 2275 1090 2350; x_wconf 86' lang='grc' dir='ltr'>μὲν</span> <span class='ocrx_word' id='word_1_170' title='bbox 1112 2272 1159 2334; x_wconf 87' lang='grc' dir='ltr'>καὶ</span> <span class='ocrx_word' id='word_1_171' title='bbox 1175 2273 1228 2334; x_wconf 83' lang='grc' dir='ltr'>ἀπδ</span> <span class='ocrx_word' id='word_1_172' title='bbox 1251 2275 1314 2334; x_wconf 82' lang='grc' dir='ltr'>θεοῦ</span> <span class='ocrx_word' id='word_1_173' title='bbox 1328 2275 1377 2350; x_wconf 79' lang='grc' dir='ltr'>τὴν</span> 
     </span>
     <span class='ocr_line' id='line_1_17' title="bbox 77 2394 1377 2478; baseline -0.001 -22"><span class='ocrx_word' id='word_1_174' title='bbox 77 2399 234 2478; x_wconf 75' lang='grc' dir='ltr'>κατάκρισιν</span> <span class='ocrx_word' id='word_1_175' title='bbox 262 2395 308 2458; x_wconf 84' lang='grc' dir='ltr'>διὰ</span> <span class='ocrx_word' id='word_1_176' title='bbox 333 2398 381 2472; x_wconf 80' lang='grc' dir='ltr'>την</span> <span class='ocrx_word' id='word_1_177' title='bbox 408 2399 455 2458; x_wconf 80' lang='grc' dir='ltr'>τοῦ</span> <span class='ocrx_word' id='word_1_178' title='bbox 483 2401 593 2458; x_wconf 58' lang='grc' dir='ltr'>τακτικοῦ</span> <span class='ocrx_word' id='word_1_179' title='bbox 623 2396 788 2478; x_wconf 80' lang='grc' dir='ltr'>παράβασιν,</span> <span class='ocrx_word' id='word_1_180' title='bbox 819 2398 1008 2473; x_wconf 84' lang='grc' dir='ltr'>κωλυθήσεται</span> <span class='ocrx_word' id='word_1_181' title='bbox 1032 2394 1133 2458; x_wconf 85' lang='grc' dir='ltr'>δὲκαὶ</span> <span class='ocrx_word' id='word_1_182' title='bbox 1159 2395 1233 2478; x_wconf 82' lang='grc' dir='ltr'>παρὰ</span> <span class='ocrx_word' id='word_1_183' title='bbox 1256 2402 1306 2472; x_wconf 83' lang='grc' dir='ltr'>τῆς</span> <span class='ocrx_word' id='word_1_184' title='bbox 1327 2401 1377 2474; x_wconf 79' lang='grc' dir='ltr'>τῆς</span> 
     </span>
     <span class='ocr_line' id='line_1_18' title="bbox 78 2505 1376 2599; baseline 0.002 -23"><span class='ocrx_word' id='word_1_185' title='bbox 78 2525 164 2595; x_wconf 76' lang='grc' dir='ltr'>μονῆς</span> <span class='ocrx_word' id='word_1_186' title='bbox 187 2518 481 2595; x_wconf 83' lang='grc' dir='ltr'>ἀντιλαμβανομένης·</span> <span class='ocrx_word' id='word_1_187' title='bbox 506 2517 712 2598; x_wconf 79' lang='grc' dir='ltr'>ἀρσρισθησεταί</span> <span class='ocrx_word' id='word_1_188' title='bbox 734 2539 768 2598; x_wconf 91' lang='grc' dir='ltr'>γε</span> <span class='ocrx_word' id='word_1_189' title='bbox 791 2521 845 2595; x_wconf 85' lang='grc' dir='ltr'>μὴν</span> <span class='ocrx_word' id='word_1_190' title='bbox 869 2519 918 2594; x_wconf 90' lang='grc' dir='ltr'>μία</span> <span class='ocrx_word' id='word_1_191' title='bbox 940 2517 1089 2599; x_wconf 89' lang='grc' dir='ltr'>οταταραία</span> <span class='ocrx_word' id='word_1_192' title='bbox 1110 2521 1191 2598; x_wconf 80' lang='grc' dir='ltr'>χάριν</span> <span class='ocrx_word' id='word_1_193' title='bbox 1213 2525 1301 2599; x_wconf 83' lang='grc' dir='ltr'>ταρῆς</span> <span class='ocrx_word' id='word_1_194' title='bbox 1323 2505 1376 2579; x_wconf 74' lang='grc' dir='ltr'>τῶν</span> 
     </span>
     <span class='ocr_line' id='line_1_19' title="bbox 77 2641 1377 2723; baseline 0.002 -25"><span class='ocrx_word' id='word_1_195' title='bbox 77 2641 258 2722; x_wconf 70' lang='grc' dir='ltr'>Ι’σπουργισσιῖνν</span> <span class='ocrx_word' id='word_1_196' title='bbox 280 2647 335 2702; x_wconf 82' lang='grc' dir='ltr'>τῶν</span> <span class='ocrx_word' id='word_1_197' title='bbox 357 2643 484 2702; x_wconf 81' lang='grc' dir='ltr'>τοισθτων</span> <span class='ocrx_word' id='word_1_198' title='bbox 512 2644 694 2722; x_wconf 81' lang='grc' dir='ltr'>μοναζουσῶν,</span> <span class='ocrx_word' id='word_1_199' title='bbox 726 2641 808 2722; x_wconf 87' lang='grc' dir='ltr'>ἑτέρα</span> <span class='ocrx_word' id='word_1_200' title='bbox 836 2642 916 2722; x_wconf 82' lang='grc' dir='ltr'>λόγῳ</span> <span class='ocrx_word' id='word_1_201' title='bbox 938 2647 991 2700; x_wconf 82' lang='grc' dir='ltr'>τῶν</span> <span class='ocrx_word' id='word_1_202' title='bbox 1013 2642 1264 2723; x_wconf 79' lang='grc' dir='ltr'>ἡγουμενευουοῶν,</span> <span class='ocrx_word' id='word_1_203' title='bbox 1295 2643 1377 2723; x_wconf 89' lang='grc' dir='ltr'>έτέρα</span> 
     </span>
     <span class='ocr_line' id='line_1_20' title="bbox 78 2761 1375 2844; baseline -0.002 -22"><span class='ocrx_word' id='word_1_204' title='bbox 78 2761 107 2822; x_wconf 85' lang='grc' dir='ltr'>δέ</span> <span class='ocrx_word' id='word_1_205' title='bbox 127 2764 207 2843; x_wconf 77' lang='grc' dir='ltr'>λόγῳ</span> <span class='ocrx_word' id='word_1_206' title='bbox 230 2767 284 2822; x_wconf 82' lang='grc' dir='ltr'>τῶν</span> <span class='ocrx_word' id='word_1_207' title='bbox 308 2762 545 2843; x_wconf 81' lang='grc' dir='ltr'>μεγαλοσχήμων,</span> <span class='ocrx_word' id='word_1_208' title='bbox 571 2764 651 2844; x_wconf 87' lang='grc' dir='ltr'>ἑτέρα</span> <span class='ocrx_word' id='word_1_209' title='bbox 673 2763 752 2843; x_wconf 78' lang='grc' dir='ltr'>λόγῳ</span> <span class='ocrx_word' id='word_1_210' title='bbox 774 2768 828 2822; x_wconf 84' lang='grc' dir='ltr'>τῶν</span> <span class='ocrx_word' id='word_1_211' title='bbox 851 2763 955 2824; x_wconf 83' lang='grc' dir='ltr'>λοιπῶν</span> <span class='ocrx_word' id='word_1_212' title='bbox 978 2768 1109 2841; x_wconf 83' lang='grc' dir='ltr'>μοναχῶν</span> <span class='ocrx_word' id='word_1_213' title='bbox 1131 2761 1253 2822; x_wconf 87' lang='grc' dir='ltr'>καὶτῶν</span> <span class='ocrx_word' id='word_1_214' title='bbox 1276 2761 1375 2842; x_wconf 85' lang='grc' dir='ltr'>ὑπουρ-</span> 
     </span>
     <span class='ocr_line' id='line_1_21' title="bbox 76 2883 1374 2967; baseline 0 -23"><span class='ocrx_word' id='word_1_215' title='bbox 76 2891 185 2966; x_wconf 87' lang='grc' dir='ltr'>γισσῶν,</span> <span class='ocrx_word' id='word_1_216' title='bbox 209 2885 270 2946; x_wconf 82' lang='grc' dir='ltr'>ὅσαι</span> <span class='ocrx_word' id='word_1_217' title='bbox 294 2883 344 2945; x_wconf 82' lang='grc' dir='ltr'>εἰσί</span> <span class='ocrx_word' id='word_1_218' title='bbox 367 2883 488 2964; x_wconf 88' lang='grc' dir='ltr'>μονσχαὶ</span> <span class='ocrx_word' id='word_1_219' title='bbox 510 2883 557 2946; x_wconf 89' lang='grc' dir='ltr'>καὶ</span> <span class='ocrx_word' id='word_1_220' title='bbox 581 2883 713 2966; x_wconf 86' lang='grc' dir='ltr'>ένάρετσι,</span> <span class='ocrx_word' id='word_1_221' title='bbox 738 2886 817 2966; x_wconf 80' lang='grc' dir='ltr'>ἑτέρα</span> <span class='ocrx_word' id='word_1_222' title='bbox 839 2885 918 2964; x_wconf 79' lang='grc' dir='ltr'>λόγῳ</span> <span class='ocrx_word' id='word_1_223' title='bbox 933 2891 988 2944; x_wconf 84' lang='grc' dir='ltr'>τῶν</span> <span class='ocrx_word' id='word_1_224' title='bbox 1005 2885 1032 2944; x_wconf 92' lang='grc' dir='ltr'>έν</span> <span class='ocrx_word' id='word_1_225' title='bbox 1048 2890 1081 2967; x_wconf 84' lang='grc' dir='ltr'>τῇ</span> <span class='ocrx_word' id='word_1_226' title='bbox 1098 2889 1169 2966; x_wconf 84' lang='grc' dir='ltr'>μονῇ</span> <span class='ocrx_word' id='word_1_227' title='bbox 1183 2889 1237 2945; x_wconf 83' lang='grc' dir='ltr'>τῶν</span> <span class='ocrx_word' id='word_1_228' title='bbox 1253 2885 1374 2944; x_wconf 85' lang='grc' dir='ltr'>Κελλα-</span> 
     </span>
     <span class='ocr_line' id='line_1_22' title="bbox 77 3005 1374 3086; baseline 0.002 -22"><span class='ocrx_word' id='word_1_229' title='bbox 77 3007 154 3086; x_wconf 81' lang='grc' dir='ltr'>ραίας</span> <span class='ocrx_word' id='word_1_230' title='bbox 177 3013 317 3084; x_wconf 85' lang='grc' dir='ltr'>μσναχῶν.</span> <span class='ocrx_word' id='word_1_231' title='bbox 351 3005 379 3066; x_wconf 88' lang='grc' dir='ltr'>αῖ</span> <span class='ocrx_word' id='word_1_232' title='bbox 402 3006 433 3066; x_wconf 85' lang='grc' dir='ltr'>δὲ</span> <span class='ocrx_word' id='word_1_233' title='bbox 457 3005 624 3066; x_wconf 80' lang='grc' dir='ltr'>ἀπελθοῦσαι</span> <span class='ocrx_word' id='word_1_234' title='bbox 647 3005 716 3081; x_wconf 89' lang='grc' dir='ltr'>μετὰ</span> <span class='ocrx_word' id='word_1_235' title='bbox 731 3011 781 3083; x_wconf 81' lang='grc' dir='ltr'>τῆς</span> <span class='ocrx_word' id='word_1_236' title='bbox 803 3006 1005 3082; x_wconf 79' lang='grc' dir='ltr'>τελευτησάσης</span> <span class='ocrx_word' id='word_1_237' title='bbox 1029 3005 1148 3084; x_wconf 85' lang='grc' dir='ltr'>μσναχαί</span> <span class='ocrx_word' id='word_1_238' title='bbox 1172 3005 1291 3086; x_wconf 80' lang='grc' dir='ltr'>ἀδελφαί</span> <span class='ocrx_word' id='word_1_239' title='bbox 1306 3008 1374 3067; x_wconf 63' lang='grc' dir='ltr'>ἀπο-</span> 
     </span>
     <span class='ocr_line' id='line_1_23' title="bbox 76 3127 1375 3210; baseline 0.002 -24"><span class='ocrx_word' id='word_1_240' title='bbox 76 3131 221 3209; x_wconf 82' lang='grc' dir='ltr'>στρέψασαι</span> <span class='ocrx_word' id='word_1_241' title='bbox 245 3127 284 3201; x_wconf 81' lang='grc' dir='ltr'>εἰς</span> <span class='ocrx_word' id='word_1_242' title='bbox 306 3129 337 3188; x_wconf 82' lang='grc' dir='ltr'>τδ</span> <span class='ocrx_word' id='word_1_243' title='bbox 360 3129 539 3208; x_wconf 76' lang='grc' dir='ltr'>μοναστηρισν</span> <span class='ocrx_word' id='word_1_244' title='bbox 563 3129 665 3188; x_wconf 84' lang='grc' dir='ltr'>ἑαυτῶν</span> <span class='ocrx_word' id='word_1_245' title='bbox 689 3129 787 3202; x_wconf 81' lang='grc' dir='ltr'>μηκέτι</span> <span class='ocrx_word' id='word_1_246' title='bbox 810 3127 1023 3206; x_wconf 86' lang='grc' dir='ltr'>ἀπερχέσθωσαν</span> <span class='ocrx_word' id='word_1_247' title='bbox 1048 3128 1115 3208; x_wconf 83' lang='grc' dir='ltr'>ἐκεῖ,</span> <span class='ocrx_word' id='word_1_248' title='bbox 1145 3128 1222 3187; x_wconf 88' lang='grc' dir='ltr'>ἀλλά</span> <span class='ocrx_word' id='word_1_249' title='bbox 1244 3128 1278 3188; x_wconf 87' lang='grc' dir='ltr'>τά</span> <span class='ocrx_word' id='word_1_250' title='bbox 1299 3128 1375 3210; x_wconf 89' lang='grc' dir='ltr'>τρίτα</span> 
     </span>
     <span class='ocr_line' id='line_1_24' title="bbox 76 3247 1374 3331; baseline -0.001 -21"><span class='ocrx_word' id='word_1_251' title='bbox 76 3251 120 3311; x_wconf 81' lang='grc' dir='ltr'>καὶ</span> <span class='ocrx_word' id='word_1_252' title='bbox 142 3251 176 3312; x_wconf 82' lang='grc' dir='ltr'>τά</span> <span class='ocrx_word' id='word_1_253' title='bbox 200 3251 298 3310; x_wconf 87' lang='grc' dir='ltr'>έννατα</span> <span class='ocrx_word' id='word_1_254' title='bbox 320 3247 367 3310; x_wconf 88' lang='grc' dir='ltr'>καί</span> <span class='ocrx_word' id='word_1_255' title='bbox 389 3249 424 3310; x_wconf 89' lang='grc' dir='ltr'>τά</span> <span class='ocrx_word' id='word_1_256' title='bbox 444 3249 647 3331; x_wconf 82' lang='grc' dir='ltr'>τεσσαρακοστά</span> <span class='ocrx_word' id='word_1_257' title='bbox 669 3255 720 3326; x_wconf 78' lang='grc' dir='ltr'>τῆς</span> <span class='ocrx_word' id='word_1_258' title='bbox 743 3250 931 3328; x_wconf 81' lang='grc' dir='ltr'>ἀποιχομένης</span> <span class='ocrx_word' id='word_1_259' title='bbox 954 3255 1080 3327; x_wconf 80' lang='grc' dir='ltr'>μσναχῆς</span> <span class='ocrx_word' id='word_1_260' title='bbox 1102 3249 1305 3327; x_wconf 82' lang='grc' dir='ltr'>ψαλλέσθωσαν</span> <span class='ocrx_word' id='word_1_261' title='bbox 1322 3251 1374 3326; x_wconf 87' lang='grc' dir='ltr'>μὲν</span> 
     </span>
     <span class='ocr_line' id='line_1_25' title="bbox 76 3369 1375 3454; baseline 0 -23"><span class='ocrx_word' id='word_1_262' title='bbox 76 3371 119 3432; x_wconf 79' lang='grc' dir='ltr'>καὶ</span> <span class='ocrx_word' id='word_1_263' title='bbox 140 3372 217 3454; x_wconf 81' lang='grc' dir='ltr'>παρὰ</span> <span class='ocrx_word' id='word_1_264' title='bbox 231 3376 277 3432; x_wconf 81' lang='grc' dir='ltr'>τοῦ</span> <span class='ocrx_word' id='word_1_265' title='bbox 301 3372 390 3432; x_wconf 85' lang='grc' dir='ltr'>ἐκεῖσε</span> <span class='ocrx_word' id='word_1_266' title='bbox 412 3373 580 3451; x_wconf 80' lang='grc' dir='ltr'>τεταγμένου</span> <span class='ocrx_word' id='word_1_267' title='bbox 603 3371 708 3452; x_wconf 84' lang='grc' dir='ltr'>ἱερέως,</span> <span class='ocrx_word' id='word_1_268' title='bbox 732 3371 916 3432; x_wconf 81' lang='grc' dir='ltr'>τελείσθωσαν</span> <span class='ocrx_word' id='word_1_269' title='bbox 933 3371 965 3432; x_wconf 86' lang='grc' dir='ltr'>δὲ</span> <span class='ocrx_word' id='word_1_270' title='bbox 980 3369 1026 3431; x_wconf 82' lang='grc' dir='ltr'>καὶ</span> <span class='ocrx_word' id='word_1_271' title='bbox 1040 3371 1115 3451; x_wconf 84' lang='grc' dir='ltr'>παρὰ</span> <span class='ocrx_word' id='word_1_272' title='bbox 1129 3377 1183 3431; x_wconf 83' lang='grc' dir='ltr'>τῶν</span> <span class='ocrx_word' id='word_1_273' title='bbox 1200 3375 1375 3447; x_wconf 83' lang='grc' dir='ltr'>μοναζουσῶν</span> 
     </span>
     <span class='ocr_line' id='line_1_26' title="bbox 77 3487 1373 3576; baseline 0 -22"><span class='ocrx_word' id='word_1_274' title='bbox 77 3493 163 3576; x_wconf 83' lang='grc' dir='ltr'>ἐντῷ</span> <span class='ocrx_word' id='word_1_275' title='bbox 192 3494 364 3574; x_wconf 89' lang='grc' dir='ltr'>μοναστηρίῳ</span> <span class='ocrx_word' id='word_1_276' title='bbox 391 3493 439 3555; x_wconf 90' lang='grc' dir='ltr'>καὶ</span> <span class='ocrx_word' id='word_1_277' title='bbox 465 3495 527 3554; x_wconf 85' lang='grc' dir='ltr'>καθ’</span> <span class='ocrx_word' id='word_1_278' title='bbox 542 3496 658 3570; x_wconf 83' lang='grc' dir='ltr'>ἑκάστην</span> <span class='ocrx_word' id='word_1_279' title='bbox 682 3495 710 3554; x_wconf 84' lang='grc' dir='ltr'>ἐν</span> <span class='ocrx_word' id='word_1_280' title='bbox 733 3497 793 3566; x_wconf 90' lang='grc' dir='ltr'>ταῖς</span> <span class='ocrx_word' id='word_1_281' title='bbox 821 3494 906 3563; x_wconf 89' lang='grc' dir='ltr'>θείαις</span> <span class='ocrx_word' id='word_1_282' title='bbox 930 3493 1092 3573; x_wconf 82' lang='grc' dir='ltr'>ἱερουργίαις</span> <span class='ocrx_word' id='word_1_283' title='bbox 1115 3487 1192 3553; x_wconf 79' lang='grc' dir='ltr'>αὗται</span> <span class='ocrx_word' id='word_1_284' title='bbox 1216 3515 1373 3570; x_wconf 90' lang='grc' dir='ltr'>μνημονευ-</span> 
     </span>
     <span class='ocr_line' id='line_1_27' title="bbox 77 3579 1374 3698; baseline 0.001 -22"><span class='ocrx_word' id='word_1_285' title='bbox 77 3619 196 3678; x_wconf 86' lang='grc' dir='ltr'>έσθωσαν</span> <span class='ocrx_word' id='word_1_286' title='bbox 218 3615 266 3676; x_wconf 85' lang='grc' dir='ltr'>καὶ</span> <span class='ocrx_word' id='word_1_287' title='bbox 288 3615 327 3696; x_wconf 80' lang='grc' dir='ltr'>τῷ</span> <span class='ocrx_word' id='word_1_288' title='bbox 347 3616 435 3696; x_wconf 83' lang='grc' dir='ltr'>ἀρθρῳ</span> <span class='ocrx_word' id='word_1_289' title='bbox 450 3614 498 3676; x_wconf 89' lang='grc' dir='ltr'>καὶ</span> <span class='ocrx_word' id='word_1_290' title='bbox 513 3615 552 3694; x_wconf 77' lang='grc' dir='ltr'>τῷ</span> <span class='ocrx_word' id='word_1_291' title='bbox 576 3615 707 3698; x_wconf 83' lang='grc' dir='ltr'>έσπερινῷ</span> <span class='ocrx_word' id='word_1_292' title='bbox 730 3579 795 3696; x_wconf 81' lang='grc' dir='ltr'>ἀχρι</span> <span class='ocrx_word' id='word_1_293' title='bbox 818 3622 872 3676; x_wconf 86' lang='grc' dir='ltr'>τῶν</span> <span class='ocrx_word' id='word_1_294' title='bbox 894 3621 1117 3697; x_wconf 84' lang='grc' dir='ltr'>τεσσαρακοστῶν</span> <span class='ocrx_word' id='word_1_295' title='bbox 1135 3617 1238 3688; x_wconf 85' lang='grc' dir='ltr'>ἐντοῖς</span> <span class='ocrx_word' id='word_1_296' title='bbox 1255 3617 1374 3677; x_wconf 87' lang='grc' dir='ltr'>ἐκτενέσι</span> 
     </span>
     <span class='ocr_line' id='line_1_28' title="bbox 77 3737 1373 3822; baseline 0.002 -26"><span class='ocrx_word' id='word_1_297' title='bbox 77 3738 193 3822; x_wconf 80' lang='grc' dir='ltr'>δεήσεσι,</span> <span class='ocrx_word' id='word_1_298' title='bbox 215 3738 263 3799; x_wconf 89' lang='grc' dir='ltr'>καὶ</span> <span class='ocrx_word' id='word_1_299' title='bbox 278 3739 415 3820; x_wconf 85' lang='grc' dir='ltr'>προσρορά</span> <span class='ocrx_word' id='word_1_300' title='bbox 432 3739 462 3800; x_wconf 84' lang='grc' dir='ltr'>δὲ</span> <span class='ocrx_word' id='word_1_301' title='bbox 479 3737 571 3812; x_wconf 84' lang='grc' dir='ltr'>ίδικιῖνς</span> <span class='ocrx_word' id='word_1_302' title='bbox 587 3739 653 3820; x_wconf 73' lang='grc' dir='ltr'>Ιίττὲρ</span> <span class='ocrx_word' id='word_1_303' title='bbox 669 3739 753 3814; x_wconf 82' lang='grc' dir='ltr'>αθτῆς</span> <span class='ocrx_word' id='word_1_304' title='bbox 769 3739 991 3819; x_wconf 78' lang='grc' dir='ltr'>προσκομιζέσθω</span> <span class='ocrx_word' id='word_1_305' title='bbox 1007 3741 1090 3818; x_wconf 87' lang='grc' dir='ltr'>μέχρι</span> <span class='ocrx_word' id='word_1_306' title='bbox 1105 3744 1154 3814; x_wconf 78' lang='grc' dir='ltr'>τῆς</span> <span class='ocrx_word' id='word_1_307' title='bbox 1169 3744 1221 3798; x_wconf 82' lang='grc' dir='ltr'>τῶν</span> <span class='ocrx_word' id='word_1_308' title='bbox 1237 3759 1373 3820; x_wconf 87' lang='grc' dir='ltr'>τεσσαρα-</span> 
     </span>
     <span class='ocr_line' id='line_1_29' title="bbox 75 3857 1373 3941; baseline -0.002 -22"><span class='ocrx_word' id='word_1_309' title='bbox 75 3867 175 3921; x_wconf 83' lang='grc' dir='ltr'>κοστιῖνν</span> <span class='ocrx_word' id='word_1_310' title='bbox 200 3861 284 3937; x_wconf 82' lang='grc' dir='ltr'>αθτῆς</span> <span class='ocrx_word' id='word_1_311' title='bbox 307 3861 542 3941; x_wconf 79' lang='grc' dir='ltr'>συμπληρώσεως.</span> <span class='ocrx_word' id='word_1_312' title='bbox 574 3862 741 3936; x_wconf 83' lang='grc' dir='ltr'>σημειωτέον</span> <span class='ocrx_word' id='word_1_313' title='bbox 766 3859 796 3920; x_wconf 83' lang='grc' dir='ltr'>δέ</span> <span class='ocrx_word' id='word_1_314' title='bbox 818 3859 866 3920; x_wconf 87' lang='grc' dir='ltr'>καί</span> <span class='ocrx_word' id='word_1_315' title='bbox 887 3857 936 3930; x_wconf 85' lang='grc' dir='ltr'>τὰς</span> <span class='ocrx_word' id='word_1_316' title='bbox 959 3861 1071 3936; x_wconf 82' lang='grc' dir='ltr'>μνημας</span> <span class='ocrx_word' id='word_1_317' title='bbox 1096 3861 1213 3934; x_wconf 85' lang='grc' dir='ltr'>ἑκάστης</span> <span class='ocrx_word' id='word_1_318' title='bbox 1235 3865 1288 3920; x_wconf 85' lang='grc' dir='ltr'>τῶν</span> <span class='ocrx_word' id='word_1_319' title='bbox 1304 3863 1373 3936; x_wconf 88' lang='grc' dir='ltr'>θνη-</span> 
     </span>
     <span class='ocr_line' id='line_1_30' title="bbox 75 3979 1371 4064; baseline -0.002 -21"><span class='ocrx_word' id='word_1_320' title='bbox 75 3989 192 4043; x_wconf 79' lang='grc' dir='ltr'>τκουσῶν</span> <span class='ocrx_word' id='word_1_321' title='bbox 214 3983 264 4060; x_wconf 77' lang='grc' dir='ltr'>τἠν</span> <span class='ocrx_word' id='word_1_322' title='bbox 292 3981 540 4062; x_wconf 82' lang='grc' dir='ltr'>ἐκκλησιάρχισσοιν</span> <span class='ocrx_word' id='word_1_323' title='bbox 563 3979 666 4043; x_wconf 75' lang='grc' dir='ltr'>καὶτὰ</span> <span class='ocrx_word' id='word_1_324' title='bbox 689 3984 811 4059; x_wconf 74' lang='grc' dir='ltr'>ὀνόματα</span> <span class='ocrx_word' id='word_1_325' title='bbox 838 3981 925 4042; x_wconf 76' lang='grc' dir='ltr'>αθσῶν</span> <span class='ocrx_word' id='word_1_326' title='bbox 948 3983 1004 4053; x_wconf 87' lang='grc' dir='ltr'>τοῖς</span> <span class='ocrx_word' id='word_1_327' title='bbox 1028 3981 1167 4060; x_wconf 80' lang='grc' dir='ltr'>διπτύχοις</span> <span class='ocrx_word' id='word_1_328' title='bbox 1191 3982 1371 4064; x_wconf 88' lang='grc' dir='ltr'>ἐγγραπτέον,</span> 
     </span>
     <span class='ocr_line' id='line_1_31' title="bbox 75 4101 1373 4185; baseline 0 -21"><span class='ocrx_word' id='word_1_329' title='bbox 75 4103 114 4164; x_wconf 78' lang='grc' dir='ltr'>ἵνα</span> <span class='ocrx_word' id='word_1_330' title='bbox 128 4107 168 4181; x_wconf 84' lang='grc' dir='ltr'>μὴ</span> <span class='ocrx_word' id='word_1_331' title='bbox 192 4101 368 4182; x_wconf 81' lang='grc' dir='ltr'>ἀνεπίληστοι</span> <span class='ocrx_word' id='word_1_332' title='bbox 384 4101 439 4164; x_wconf 83' lang='grc' dir='ltr'>είεν</span> <span class='ocrx_word' id='word_1_333' title='bbox 455 4105 483 4165; x_wconf 89' lang='grc' dir='ltr'>αί</span> <span class='ocrx_word' id='word_1_334' title='bbox 497 4105 597 4166; x_wconf 81' lang='grc' dir='ltr'>τοθτων</span> <span class='ocrx_word' id='word_1_335' title='bbox 621 4111 735 4185; x_wconf 82' lang='grc' dir='ltr'>μνῆμαι,</span> <span class='ocrx_word' id='word_1_336' title='bbox 757 4103 804 4164; x_wconf 91' lang='grc' dir='ltr'>καὶ</span> <span class='ocrx_word' id='word_1_337' title='bbox 819 4104 954 4164; x_wconf 84' lang='grc' dir='ltr'>τελῶνται</span> <span class='ocrx_word' id='word_1_338' title='bbox 977 4101 1200 4183; x_wconf 86' lang='grc' dir='ltr'>ἀπαραλείπτως.</span> <span class='ocrx_word' id='word_1_339' title='bbox 1231 4104 1266 4163; x_wconf 89' lang='grc' dir='ltr'>τά</span> <span class='ocrx_word' id='word_1_340' title='bbox 1281 4106 1373 4180; x_wconf 87' lang='grc' dir='ltr'>μέντοι</span> 
     </span>
    </p>
   </div>
   <div class='ocr_carea' id='block_1_3' title="bbox 76 4224 1371 4307">
    <p class='ocr_par' dir='ltr' id='par_1_3' title="bbox 76 4224 1371 4307">
     <span class='ocr_line' id='line_1_32' title="bbox 76 4224 1371 4307; baseline 0.001 -22"><span class='ocrx_word' id='word_1_341' title='bbox 76 4226 187 4306; x_wconf 79' lang='grc' dir='ltr'>δίπτυχα</span> <span class='ocrx_word' id='word_1_342' title='bbox 208 4227 417 4307; x_wconf 82' lang='grc' dir='ltr'>πρυτρεπθμεθα</span> <span class='ocrx_word' id='word_1_343' title='bbox 438 4229 495 4300; x_wconf 88' lang='grc' dir='ltr'>τοῖς</span> <span class='ocrx_word' id='word_1_344' title='bbox 517 4227 615 4307; x_wconf 77' lang='grc' dir='ltr'>ἱερεῦσι</span> <span class='ocrx_word' id='word_1_345' title='bbox 637 4227 707 4287; x_wconf 84' lang='grc' dir='ltr'>κατὰ</span> <span class='ocrx_word' id='word_1_346' title='bbox 729 4232 820 4287; x_wconf 84' lang='grc' dir='ltr'>πᾶσαν</span> <span class='ocrx_word' id='word_1_347' title='bbox 845 4227 948 4286; x_wconf 86' lang='grc' dir='ltr'>ἐπιέναι</span> <span class='ocrx_word' id='word_1_348' title='bbox 970 4225 1142 4306; x_wconf 81' lang='grc' dir='ltr'>λειτουργίαν</span> <span class='ocrx_word' id='word_1_349' title='bbox 1159 4224 1197 4298; x_wconf 81' lang='grc' dir='ltr'>εἰς</span> <span class='ocrx_word' id='word_1_350' title='bbox 1222 4225 1371 4303; x_wconf 87' lang='grc' dir='ltr'>ἀνάμνησιν</span> 
     </span>
    </p>
   </div>
   <div class='ocr_carea' id='block_1_4' title="bbox 76 4347 1371 4430">
    <p class='ocr_par' dir='ltr' id='par_1_4' title="bbox 76 4347 1371 4430">
     <span class='ocr_line' id='line_1_33' title="bbox 76 4347 1371 4430; baseline 0 -24"><span class='ocrx_word' id='word_1_351' title='bbox 76 4355 124 4408; x_wconf 81' lang='grc' dir='ltr'>τῶν</span> <span class='ocrx_word' id='word_1_352' title='bbox 148 4350 177 4410; x_wconf 86' lang='grc' dir='ltr'>ἐν</span> <span class='ocrx_word' id='word_1_353' title='bbox 202 4351 292 4420; x_wconf 82' lang='grc' dir='ltr'>αὺτοῖς</span> <span class='ocrx_word' id='word_1_354' title='bbox 315 4349 582 4430; x_wconf 78' lang='grc' dir='ltr'>ἀπογεγραμμένων,</span> <span class='ocrx_word' id='word_1_355' title='bbox 613 4349 658 4410; x_wconf 87' lang='grc' dir='ltr'>ίνα</span> <span class='ocrx_word' id='word_1_356' title='bbox 681 4351 719 4425; x_wconf 82' lang='grc' dir='ltr'>μὴ</span> <span class='ocrx_word' id='word_1_357' title='bbox 744 4347 817 4408; x_wconf 75' lang='grc' dir='ltr'>αὐσοί</span> <span class='ocrx_word' id='word_1_358' title='bbox 839 4350 871 4408; x_wconf 81' lang='grc' dir='ltr'>τδ</span> <span class='ocrx_word' id='word_1_359' title='bbox 892 4351 978 4428; x_wconf 89' lang='grc' dir='ltr'>κρῖμα</span> <span class='ocrx_word' id='word_1_360' title='bbox 1010 4349 1164 4422; x_wconf 80' lang='grc' dir='ltr'>βαστάζωσι</span> <span class='ocrx_word' id='word_1_361' title='bbox 1185 4353 1235 4424; x_wconf 78' lang='grc' dir='ltr'>τῆς</span> <span class='ocrx_word' id='word_1_362' title='bbox 1259 4349 1371 4408; x_wconf 86' lang='grc' dir='ltr'>ἐκείνων</span> 
     </span>
    </p>
   </div>
   <div class='ocr_carea' id='block_1_5' title="bbox 77 4469 1370 4550">
    <p class='ocr_par' dir='ltr' id='par_1_5' title="bbox 77 4469 1370 4550">
     <span class='ocr_line' id='line_1_34' title="bbox 77 4469 1370 4550; baseline 0 -22"><span class='ocrx_word' id='word_1_363' title='bbox 77 4470 221 4546; x_wconf 83' lang='grc' dir='ltr'>ἀμνηστίας</span> <span class='ocrx_word' id='word_1_364' title='bbox 243 4471 290 4530; x_wconf 91' lang='grc' dir='ltr'>καὶ</span> <span class='ocrx_word' id='word_1_365' title='bbox 306 4471 471 4549; x_wconf 83' lang='grc' dir='ltr'>ἐλλείψεως.</span> <span class='ocrx_word' id='word_1_366' title='bbox 502 4471 546 4531; x_wconf 89' lang='grc' dir='ltr'>ίνα</span> <span class='ocrx_word' id='word_1_367' title='bbox 562 4471 593 4530; x_wconf 85' lang='grc' dir='ltr'>δὲ</span> <span class='ocrx_word' id='word_1_368' title='bbox 609 4470 655 4531; x_wconf 79' lang='grc' dir='ltr'>καὶ</span> <span class='ocrx_word' id='word_1_369' title='bbox 670 4473 747 4546; x_wconf 80' lang='grc' dir='ltr'>κοινίη</span> <span class='ocrx_word' id='word_1_370' title='bbox 771 4473 865 4547; x_wconf 78' lang='grc' dir='ltr'>μνήμη</span> <span class='ocrx_word' id='word_1_371' title='bbox 881 4477 974 4531; x_wconf 87' lang='grc' dir='ltr'>πασῶν</span> <span class='ocrx_word' id='word_1_372' title='bbox 995 4469 1102 4548; x_wconf 87' lang='grc' dir='ltr'>γίνηται</span> <span class='ocrx_word' id='word_1_373' title='bbox 1117 4477 1169 4530; x_wconf 83' lang='grc' dir='ltr'>τῶν</span> <span class='ocrx_word' id='word_1_374' title='bbox 1186 4473 1370 4550; x_wconf 82' lang='grc' dir='ltr'>μοναζσυοῶν,</span> 
     </span>
    </p>
   </div>
   <div class='ocr_carea' id='block_1_6' title="bbox 178 4727 747 4800">
    <p class='ocr_par' dir='ltr' id='par_1_6' title="bbox 178 4727 747 4800">
     <span class='ocr_line' id='line_1_35' title="bbox 178 4727 747 4800; baseline 0 -20"><span class='ocrx_word' id='word_1_375' title='bbox 178 4733 197 4797; x_wconf 87' lang='lat'>¹)</span> <span class='ocrx_word' id='word_1_376' title='bbox 218 4727 351 4800; x_wconf 80' lang='grc' dir='ltr'>ἐξωάρθηκι</span> <span class='ocrx_word' id='word_1_377' title='bbox 369 4731 405 4784; x_wconf 84' lang='grc' dir='ltr'>Μ,</span> <span class='ocrx_word' id='word_1_378' title='bbox 479 4731 498 4798; x_wconf 82' lang='lat'>²)</span> <span class='ocrx_word' id='word_1_379' title='bbox 517 4728 698 4798; x_wconf 83' lang='grc' dir='ltr'>βασταζομένην</span> <span class='ocrx_word' id='word_1_380' title='bbox 712 4731 747 4780; x_wconf 86' lang='grc' dir='ltr'>Μ.</span> 
     </span>
    </p>
   </div>
   <div class='ocr_carea' id='block_1_7' title="bbox 0 0 1616 5284">
    <p class='ocr_par' dir='ltr' id='par_1_7' title="bbox 0 0 1616 5284">
     <span class='ocr_line' id='line_1_36' title="bbox 0 0 1616 5284; baseline 0 0"><span class='ocrx_word' id='word_1_381' title='bbox 0 0 1616 5284; x_wconf 95' lang='lat' dir='ltr'> </span> 
     </span>
    </p>
   </div>
  </div>
 </body>
</html>
