3166 5298
253 339 296 406 82

252 535 331 606 λείας
354 555 406 611 μου
428 535 535 616 θελήσῃ
559 530 758 615 διαπράξασθαι
781 531 910 612 ἐπιβαρές
931 552 956 592 τι
977 528 1025 592 καί
1049 531 1147 592 ἀτοπον
1170 527 1209 602 εἰς
1232 530 1336 613 σοίτσίνς,
1360 529 1422 608 ἔχει
1436 527 1538 605 θέλημα

252 659 271 732 ἡ
301 657 430 731 βασιλεία
457 677 519 736 μου,
546 656 590 716 ίνα
613 655 639 716 σί
660 657 773 716 τοιοῦτοι
799 659 927 714 ποιῶνται
953 653 1089 734 ἀναφσράν
1117 650 1157 724 είς
1178 652 1228 728 τὴν
1251 650 1394 724 βασιλείαν
1417 672 1480 732 μου,
1500 649 1539 710 καί

251 779 370 860 γνωρίζῃ
394 779 460 854 αθιη
483 779 612 858 καθαρῶς
633 778 682 852 τὴν
704 777 856 856 γενομένην
879 773 918 846 εἰς
941 774 1036 846 αέιτοθς
1059 773 1112 834 ἀπο
1133 775 1226 834 τοίιτου
1249 773 1357 834 ἀδικίαν
1378 776 1397 849 ἢ
1419 773 1539 854 παραλί-

250 921 340 976 πησιν,
363 898 410 959 καί
435 901 527 960 ἐκτστε
549 898 624 980 ὁρίζῃ
647 898 809 973 ηβασιλεία
832 919 883 973 μου
905 895 953 957 καί
974 899 992 970 ἢ
1016 895 1219 971 ἀναστέλληται
1242 895 1391 966 δτοισῦτσς
1413 891 1462 954 καί
1484 893 1539 953 ἐπι-

252 1019 403 1102 διορθοῦται
424 1022 459 1080 τά
480 1027 530 1096 τῆς
553 1019 661 1092 ἀδικίας
684 1021 763 1079 αθτοϋ
784 1022 803 1093 ἡ
826 1017 999 1094 ἀλλάσσηται
1015 1013 1069 1076 ἀπδ
1083 1019 1130 1076 τοῦ
1143 1016 1263 1076 τοιούτου
1277 1015 1481 1097 κεφαλατικίσυ,
1497 1011 1538 1074 καί

251 1142 308 1202 ἀντ’
317 1144 396 1201 αίιτοθ
423 1143 563 1216 πέμπηται
591 1143 684 1220 ἕτερος
710 1142 725 1200 δ
752 1139 799 1200 καί
826 1139 942 1214 μέλλων
970 1138 1074 1217 διάγειν
1102 1134 1142 1210 εἰς
1167 1137 1329 1217 νυβέρνησιν
1350 1135 1399 1196 καί
1420 1136 1540 1196 παντοίαν

252 1261 400 1322 ἀνάπαυσιν
423 1265 509 1323 αίντῶν
531 1261 602 1322 κατὰ
624 1263 654 1322 τ“ο
676 1262 788 1337 θέλημα
809 1259 856 1322 καί
878 1263 923 1322 τδν
945 1261 1055 1340 δρισμδν
1077 1265 1127 1337 τῆς
1150 1257 1293 1333 βασιλείας
1316 1277 1377 1334 μου.
1409 1256 1451 1328 είς
1471 1263 1540 1316 τοῦτο

251 1384 305 1464 γὰρ
335 1383 446 1459 μᾶλλον
475 1383 522 1444 καί
553 1383 674 1464 βαρείται
701 1385 720 1459 ἡ
748 1381 877 1459 βασιλεία
904 1403 955 1458 μου
981 1383 1049 1462 πρδς
1075 1380 1138 1452 τσίις
1165 1381 1322 1461 ἀνθρώπους
1345 1379 1467 1451 ἐκείνους
1482 1377 1541 1448 τοῖς

251 1505 443 1584 ὑφισταμένους
466 1506 549 1566 ἀδικα
570 1502 617 1566 καί
641 1505 756 1585 ἐπιβαρῆ
779 1503 854 1584 παρὰ
874 1508 928 1564 τῶν
950 1503 1220 1582 κεφαλατικενάντων
1243 1499 1284 1574 είς
1307 1502 1403 1572 αἰιτοίις
1423 1501 1462 1576 μὴ
1478 1501 1541 1559 ἀνα-

250 1629 399 1707 τρέχοντος
426 1625 474 1686 καί
501 1626 715 1706 διεγκαλοῦντας
738 1623 778 1697 εἰς
799 1627 848 1700 τὴν
871 1624 1013 1699 βασιλείαν
1035 1645 1098 1705 μου,
1128 1625 1167 1694 ὡς
1189 1623 1222 1682 ἀν
1245 1622 1320 1705 δρίζη
1343 1623 1410 1699 αθτη
1433 1620 1480 1682 καὶ
1500 1620 1540 1698 γί-

251 1769 329 1824 νηται
350 1750 369 1825 ἡ
391 1751 564 1828 προσήκουσα
585 1747 723 1818 παίδευσις
744 1745 793 1806 καί
814 1743 953 1822 ἀναστολὴ
976 1743 1016 1818 εἰς
1040 1745 1143 1817 σίποίις.
1169 1745 1209 1804 ἔτι
1229 1744 1274 1804 ίνα
1297 1743 1370 1820 μηδὲ
1393 1743 1469 1816 ὅλως
1482 1743 1541 1822 τεθῇΙ

199 1869 203 1875 ’
250 1870 401 1948 κεφάλαιον
425 1869 596 1944 ἀπαιτήσεως
620 1867 659 1942 είς
682 1867 777 1940 αὐτοίις
799 1868 861 1940 τοίις
884 1867 1008 1939 ἐποίκους
1026 1872 1077 1943 τῆς
1092 1864 1238 1947 εἰρημένης
1252 1866 1363 1936 πόλεως
1378 1869 1432 1924 τῶν
1447 1864 1542 1922 Ἰωαν-

251 1990 329 2050 νίνων
351 1995 369 2065 ἢ
393 1989 434 2063 είς
455 1991 489 2051 τὰ
512 1991 591 2063 ἐκτδς
612 1989 703 2071 χωρία
724 1988 771 2050 καί
793 1991 920 2066 κτήματα
937 1990 1033 2067 αὑτῶν,
1057 1990 1109 2048 κάν
1124 1989 1190 2047 ὅπου
1206 1987 1261 2068 ἀρα
1275 1984 1322 2046 καί
1339 1983 1379 2057 εἰς
1393 1977 1450 2046 οῖον
1468 1987 1542 2044 τόπον

252 2111 424 2192 εὑρίσκωνται
447 2115 539 2191 ταῦτα,
563 2110 623 2171 σθτε
647 2109 775 2188 δηλονότι
797 2111 850 2170 ἀπδ
872 2115 926 2170 τῶν
949 2113 993 2170 νῦν
1009 2110 1224 2190 ἐνεργουμένων,
1247 2106 1308 2168 οὔτε
1324 2107 1377 2167 ἀπὸ
1392 2111 1445 2167 τῶν
1462 2107 1542 2182 μετέ-

249 2253 328 2291 πειτα
352 2232 615 2312 ἑπινοηθησομένων,
640 2232 718 2292 ἀλλά
740 2232 912 2312 εὑρίσκονται
936 2230 975 2303 είς
989 2235 1079 2292 πᾶσαν
1095 2229 1296 2309 ἀνενσχλησίαν
1311 2227 1358 2290 καί
1375 2225 1542 2302 ἐξκσίισσειαν

153 2391 160 2400 -
249 2352 321 2412 κατά
342 2353 390 2428 τἠν
413 2355 555 2428 συνήθειαν
576 2353 626 2428 την
647 2353 818 2430 τεταγμένην
842 2350 881 2425 είς
903 2353 998 2422 αὐτοίις
1020 2350 1160 2412 καὶκατὰ
1181 2353 1227 2410 τδν
1249 2352 1359 2431 δρισμδν
1381 2347 1428 2410 καί
1450 2351 1483 2410 τδ
1498 2349 1542 2408 θέ-

251 2474 331 2549 λημα
357 2472 404 2533 καί
431 2475 480 2550 τὴν
504 2473 645 2551 ἀποδοχὴν
668 2479 716 2550 τῆς
739 2473 882 2549 βασιλείας
905 2495 966 2554 μου,
999 2475 1039 2534 ὅτι
1061 2471 1204 2534 καὶτοῦτο
1228 2471 1395 2550 ἀποδέχεται
1416 2469 1463 2532 καί
1488 2471 1543 2548 ἔχει

250 2593 362 2670 θέλημα
387 2597 406 2672 ἡ
434 2595 561 2670 βασιλεία
585 2615 645 2674 μου,
676 2594 720 2654 ίνα
747 2586 774 2654 εί
792 2615 818 2654 τι
840 2595 975 2670 ἐπενοήθη
997 2596 1049 2674 πρδ
1071 2593 1167 2673 ὀλίγου
1189 2591 1236 2654 καί
1259 2593 1374 2668 ἐπετέθη
1398 2589 1439 2664 είς
1461 2592 1543 2672 βάρος

250 2713 297 2774 καὶ
314 2714 497 2794 ἀγανάκτησιν
514 2718 610 2794 αῖτῶν,
635 2714 787 2796 εὑρίσκηται
803 2713 919 2788 τελείως
934 2715 1160 2792 καταλελυμένον
1175 2713 1222 2775 καί
1239 2713 1323 2795 ἀργδν
1334 2711 1382 2774 καὶ
1398 2714 1542 2794 ἄπρακτον,

239 2822 298 2896 ’καὶ
320 2832 384 2896 ὦσιν
407 2831 480 2896 οὗτοι
501 2833 549 2896 καὶ
572 2835 701 2913 διάγωσιν
724 2833 764 2906 είς
785 2839 875 2896 πᾶσαν
894 2836 1051 2914 γλυκύτητα
1065 2834 1112 2896 καὶ
1127 2834 1326 2914 ἀνενοχλησίαν
1341 2834 1389 2896 καί
1403 2835 1542 2904 παντελῶς

249 2955 423 3016 ἀδιάσειστοι.
453 2957 492 3016 έτι
513 2956 558 3016 ἵνα
580 2955 644 3016 σθδέ
667 2959 758 3036 ἕτερον
781 2959 917 3036 χάραγμα
939 2956 1013 3037 παρὰ
1033 2958 1064 3016 τδ
1086 2959 1131 3016 νῦν
1153 2956 1365 3032 πολιτευόμενον
1389 2953 1429 3027 είς
1452 2953 1542 3024 αίιτοθς

248 3077 313 3159 τεθῇ
338 3077 437 3138 ἐκεῖσε.
462 3077 590 3149 ὡσαίιτως
612 3077 676 3138 οίιδέ
699 3080 808 3154 μιτάτον
831 3079 944 3156 γένηται
967 3075 1006 3149 είς
1020 3077 1055 3138 τά
1071 3075 1202 3158 εἰρημένα
1216 3079 1344 3152 κτήματα
1360 3077 1458 3156 αῖιτῶν,
1482 3075 1540 3136 ουδὲ

248 3198 333 3274 ζημία
355 3219 395 3270 τις
418 3199 499 3280 ἑτέρα
520 3201 634 3277 γένηται
657 3196 696 3270 εἰς
719 3200 794 3278 αίιτά,
818 3199 896 3258 ἀλλά
919 3198 1092 3260 διαπωλῶσιν
1116 3191 1190 3258 αθτσί
1212 3197 1237 3257 σί
1251 3200 1417 3277 κατέχοντες
1439 3197 1472 3258 τά
1486 3219 1541 3258 τοι·

248 3321 315 3377 αῖτα
337 3321 465 3394 κτήματα
485 3320 520 3379 τὰ
543 3317 574 3392 ἐξ
596 3321 683 3380 αθτῶν
700 3317 877 3395 είσοδήματα,
900 3320 994 3392 καθὼς
1007 3320 1162 3380 πωλοῦνται
1177 3316 1217 3392 είς
1232 3320 1281 3395 τὴν
1295 3322 1390 3400 χώραν
1405 3318 1452 3380 καὶ
1467 3319 1540 3380 σὐδέν

247 3439 453 3516 ἀναγκάζωνται
476 3441 551 3513 θλως
573 3439 723 3500 διαπωλείν
747 3435 813 3499 αίιτά
834 3434 909 3521 παρά
930 3441 979 3516 τὴν
1002 3443 1152 3517 συνήθειαν.
1177 3441 1216 3502 ἔτι
1238 3440 1282 3502 ίνα
1305 3441 1368 3502 σθδέ
1382 3461 1540 3522 καστρσκτι-

248 3553 311 3631 σίας
333 3559 475 3636 ἀπαίτησις
496 3560 603 3639 γίνηται
626 3558 666 3632 είς
689 3560 783 3632 οιῖιτσθς
806 3563 899 3622 ἕνεκεν
922 3563 1015 3642 ἐτέρου
1037 3564 1163 3643 κάπρου,
1195 3559 1218 3622 εί
1242 3561 1280 3638 μὴ
1304 3563 1371 3644 ὑπὲρ
1393 3565 1477 3640 μόνου
1498 3563 1540 3622 τοῦ

247 3682 364 3761 νάστρου
387 3679 474 3740 αυτῶν
497 3680 648 3760 ὀφείλουσιν
664 3681 852 3762 ἀγωνίζεσθαι,
876 3685 914 3754 ὡς
930 3683 1083 3762 ἐνδέχεται,
1107 3681 1147 3756 εἰς
1161 3683 1210 3758 τὴν
1227 3683 1388 3760 ἐπιμέλειαν
1403 3684 1451 3744 καί
1465 3705 1539 3764 περι-

246 3801 352 3878 ποίησιν
380 3799 427 3862 ναὶ
453 3799 589 3864 ἀνάκτισιν
617 3801 707 3864 αὑτοῦ.
744 3803 783 3862 ἐτι
808 3802 853 3864 ίνα
880 3803 895 3862 ἐ
923 3804 1038 3879 μέλλων
1066 3805 1195 3880 ἐμπεσεῖν
1223 3802 1262 3877 είς
1284 3808 1364 3886 φόνον
1386 3805 1540 3882 παιδεὺηται

247 3921 313 4004 ὑπὲρ
342 3923 435 3983 τούτου
464 3919 536 3984 κατά
561 3924 610 4000 τὴν
639 3924 729 3984 ἐκεῖσε
757 3925 907 4000 συνήθειαν.
946 3925 985 3986 ἐτι
1011 3925 1055 3984 ίνα
1079 3925 1128 3986 ἐάν
1150 3927 1264 4004 γένηται
1286 3926 1390 4008 τθρεσις
1411 3928 1539 4008 θησαυροί

248 4043 338 4103 ἐκείοε
359 4046 434 4125 παρά
454 4064 535 4123 τινος,
559 4041 582 4104 εί
599 4043 650 4120 μέν
665 4045 737 4106 κατὰ
751 4044 883 4120 ἀληθειαν
900 4045 938 4106 ἐνι
953 4049 1040 4128 τοῦτο,
1064 4042 1295 4123 ἀναλαμβάνηται
1310 4047 1375 4108 αίιτδ
1389 4048 1421 4108 τδ
1436 4045 1539 4122 μέλλον

248 4165 391 4245 εὑρεθῆναι
412 4163 459 4226 καὶ
482 4163 666 4242 είσκσμίζηται
689 4164 729 4238 είς
750 4165 781 4226 τδ
804 4167 997 4248 θεσφροθρητον
1020 4165 1185 4249 βεστιάριον·
1217 4165 1241 4228 εί
1264 4167 1288 4228 δ’
1297 4167 1364 4241 ἴσως
1387 4169 1425 4229 ένι
1447 4170 1463 4227 δ
1483 4165 1540 4248 περὶ

246 4287 339 4346 τσθτσυ
362 4285 449 4364 λόγος
470 4287 572 4365 ψευδὴς
594 4285 642 4348 καί
664 4288 717 4348 ἀπδ
739 4287 841 4358 κακίας
860 4287 987 4364 ἐλαλήθη
1003 4289 1070 4369 προς
1085 4308 1153 4368 τινα,
1176 4288 1221 4350 ἵνα
1234 4287 1344 4368 γίνηται
1359 4287 1483 4364 ἐξέτασις
1496 4285 1539 4350 καὶ

246 4405 427 4485 ἀποφαίνηται
448 4407 496 4468 καὶ
519 4407 670 4484 δεικνίιηται
692 4411 710 4484 η
733 4407 774 4480 εἰς
795 4412 872 4470 τοῦτο
895 4408 1013 4484 ἀλήθεια
1035 4407 1081 4469 καί
1104 4409 1143 4470 ίνι
1162 4409 1349 4488 ἀνενθχλητας
1363 4411 1379 4470 δ
1394 4412 1538 4491 ἄνθρωπος,

247 4525 286 4600 εἰς
309 4529 339 4587 δν
362 4526 476 4607 λέγεται
498 4531 516 4603 ἡ
540 4529 643 4609 είίρεσις
665 4533 711 4590 τοῦ
734 4531 876 4610 θησαυροῦ.
900 4530 970 4611 πράς
990 4530 1103 4609 τούτοις,
1126 4529 1171 4590 ίνα
1192 4529 1227 4590 τά
1248 4530 1338 4614 χωρία
1353 4530 1401 4594 καί
1417 4535 1538 4610 κτήματα

245 4647 343 4730 αθτῶν,
368 4651 421 4709 ὅσα
444 4649 571 4726 δηλονότι
593 4653 724 4728 κατεῖχον
745 4648 793 4710 καί
815 4652 955 4733 πρότερον,
977 4650 1062 4729 ἤγουν
1085 4652 1115 4712 τδ
1136 4650 1239 4734 χωρίον
1260 4653 1308 4730 τὴν
1321 4653 1488 4736 Βοτςθίσταν,
1510 4652 1538 4710 τδ
