3166 5298
258 328 318 395 118

253 531 304 600 της
324 523 448 598 τοιαύτης
468 524 573 602 χώρας,
596 524 635 594 ὡς
657 526 689 582 ἂν
711 521 892 603 παραδύσωσι
913 523 980 600 πρδς
1003 511 1083 582 αύτδν
1103 523 1152 597 την
1173 522 1319 598 ποσότητα.
1348 521 1391 582 διό
1414 520 1446 581 δὲ
1469 521 1539 580 ούδὲν

256 646 353 723 ἔφθασε
375 645 502 720 γενέσθαι
524 647 600 704 τούτο
622 645 686 724 παρ’
700 646 796 725 αι’πῶν,
819 644 916 720 συνέβη
941 641 972 703 δὲ
994 642 1040 704 καί
1063 641 1102 716 εἰς
1122 643 1157 703 τδι
1171 646 1320 724 πράγματα
1335 643 1473 721 σύγχυσις,
1496 641 1540 700 όν-

257 765 358 846 έδραμε
380 765 463 826 ποίλιν
486 766 501 824 ό
525 767 603 838 αύτδς
618 766 756 846 Μαρτίνος
778 761 857 852 [πρδς
878 767 927 840 ’τήν
951 764 1091 839 βασιλείαν
1108 761 1169 852 μου]
1193 764 1240 850 καὶ
1262 767 1377 842 ἐζήτησε
1396 763 1446 824 καὶ
1461 785 1541 843 παρε-

254 887 358 948 κάλεσε
382 885 430 962 καί
461 887 542 962 ἐδόθη
571 888 638 968 πρός
668 889 745 948 αὐτόν
775 889 806 947 τδ
834 891 952 948 τοιοῦτον
982 887 1112 968 ἀγριδιον,
1143 887 1241 968 ἀρτίως
1264 886 1296 947 δὲ
1319 887 1479 971 ἀπητησατο
1499 886 1541 960 τἠν

256 1011 364 1084 ζήτησιν
390 1006 437 1068 καί
465 1007 593 1088 διαφορὰν
619 1005 681 1088 περί
707 1013 753 1068 τού
776 1007 896 1089 ἀγριδίου
907 1008 930 1090 1)
954 1009 968 1068 ό
991 1006 1149 1088 διαληφθεὶς
1171 1009 1378 1088 θεοφιλέστατος
1402 1007 1543 1080 ἐπίσκοπος

256 1132 372 1208 Ζιχνῶν,
396 1130 544 1209 ἐμφανίσας
565 1131 632 1210 πρός
655 1131 736 1206 αύτὴν
757 1132 788 1190 τό
812 1131 1020 1211 ἑπιχορηγηθέν,
1044 1133 1082 1204 ὡς
1105 1130 1217 1212 είρητοιι,
1240 1131 1398 1213 τῇτοιαύτη
1414 1129 1543 1210 σεβασμίφ

257 1257 326 1335 μονῇ
355 1251 560 1330 χρυσόβουλλον
589 1251 637 1313 καὶ
665 1251 865 1333 παρεκάλεσεν,
896 1253 934 1324 ὡς
961 1255 993 1312 όν
1025 1252 1068 1312 διὰ
1098 1254 1146 1328 τὴν
1170 1251 1244 1331 ἰσχύν
1266 1251 1313 1312 καὶ
1333 1252 1483 1331 περίληψιν
1504 1257 1542 1309 τοῦ

258 1373 460 1452 διαληφθέντος
473 1371 678 1452 χρυσοβούλλου
700 1371 846 1454 διορίσηται
867 1375 885 1448 ἡ
910 1372 1036 1446 βασιλεία
1059 1395 1111 1448 μου
1133 1371 1180 1432 καὶ
1195 1373 1372 1455 ἰκαναποιηθῇ
1388 1373 1543 1451 ἀλλαχόθεν
1570 1453 1571 1456 γ

257 1496 272 1553 ό
303 1493 461 1573 διαληφθεὶς
483 1489 636 1580 σεβίαστδς]
660 1496 796 1574 Μαρτῖνος
817 1497 847 1555 τδ
871 1495 1047 1576 ὀφειλόμενον
1069 1499 1145 1555 τούτο
1169 1497 1362 1576 διαπρακτικδν
1383 1497 1469 1557 ποσόν
1492 1493 1543 1553 ἀντὶ

257 1619 303 1676 τού
331 1615 524 1696 διαληφθέντος
553 1616 674 1697 ἀγριδίου
701 1618 772 1678 κατὰ
792 1619 823 1677 τό
846 1619 1030 1697 ἀνυστέρητον,
1060 1617 1091 1676 τδ
1114 1617 1145 1676 δὲ
1167 1621 1284 1677 τοιοῦτον
1307 1617 1430 1697 ἀγρίδιον
1455 1617 1543 1675 Μονό-

258 1759 357 1814 σπητον
380 1739 529 1815 κατέχηται
551 1738 633 1798 ποίλιν
656 1739 730 1818 παρὰ
752 1745 801 1814 τῆς
824 1737 969 1817 εἰρημένης
991 1738 1141 1815 οεβασμίας
1163 1745 1258 1818 μονῆς,
1280 1739 1365 1816 ἤγουν
1386 1737 1543 1813 ἡβασιλεία

258 1879 310 1935 μου
333 1859 378 1918 διὰ
399 1861 447 1935 τὴν
469 1860 548 1935 τιμὴν
570 1861 777 1939 προηγουμένης
801 1854 948 1944 [πράξεως]
956 1855 982 1942 ²)
1004 1858 1051 1918 καί
1073 1861 1103 1918 τό
1126 1859 1295 1920 ἀκατάλυτον
1315 1864 1361 1919 τού
1377 1858 1543 1936 δηλωθέντος

257 1979 474 2062 χρυσοβούλλου,
498 1983 536 2042 ἔτι
560 1981 590 2041 δέ
612 1980 659 2042 καὶ
682 1981 726 2042 διὰ
747 1983 796 2057 τἠν
818 1981 879 2061 περὶ
900 1982 992 2041 τούτου
1016 1983 1123 2057 ζήτησιν
1142 1979 1189 2041 καί
1203 1981 1376 2061 παράκλησιν
1391 1986 1438 2043 τού
1454 1981 1543 2057 δηλω-

258 2103 352 2175 θέντος
380 2105 586 2182 θεοφιλεστάτου
613 2104 757 2163 ἐπισκόπου
780 2105 886 2182 Ζιχνῶν
917 2102 1020 2163 δίκαιον
1050 2101 1097 2162 καί
1124 2102 1240 2180 εύλογον
1268 2104 1441 2182 λογισαμένη
1464 2107 1542 2178 τοῦτο,

260 2225 321 2302 ἔχει
343 2224 453 2300 θέλημα
476 2226 523 2284 καί
545 2225 688 2304 διορίζεταί
710 2245 751 2284 σοι
773 2221 869 2310 [οἰκείε
891 2231 924 2308 τῇ
948 2223 1075 2307 βασιλείᾳ
1098 2245 1158 2304 μου,
1185 2225 1294 2304 κεφαλὴ
1317 2220 1461 2310 Βολερού].
1492 2221 1542 2282 ἐπεί

260 2345 409 2425 εὑρίσκεται
430 2345 491 2425 περὶ
513 2346 562 2418 τὰς
577 2347 681 2426 Σέρρας
702 2347 720 2420 ἡ
743 2343 894 2426 οἰκονομία,
916 2349 950 2422 ἣν
972 2341 1048 2424 είχεν
1071 2347 1086 2406 δ
1109 2346 1176 2426 ἀνὴρ
1198 2353 1248 2422 της
1267 2347 1400 2426 θυγατρός
1414 2350 1461 2408 τού
1477 2346 1541 2404 Ῥω-

261 2466 341 2543 μαίου
365 2467 468 2526 ἐκείνου
490 2469 505 2526 ό
529 2469 688 2548 Σαρακηνδς
709 2467 871 2548 λεγόμενος,
894 2469 1042 2544 ποσότητος
1065 2464 1139 2548 ούσα,
1168 2469 1206 2540 ὡς
1228 2468 1389 2546 ἀνηγγέλθη
1411 2473 1445 2550 τῇ
1469 2466 1540 2540 βασι-

259 2587 325 2670 λείᾳ
348 2610 409 2668 μου,
440 2587 611 2665 νομισμάτων
632 2589 671 2669 π’,
702 2593 735 2666 ἢν
762 2591 875 2668 κατέχει
899 2589 996 2670 ἀρτίως
1017 2590 1035 2664 ἡ
1057 2591 1125 2668 γυνὴ
1150 2589 1263 2668 ἐκείνου,
1293 2587 1355 2669 παρ’
1369 2590 1479 2670 ὁρισμόν
1499 2593 1542 2661 της
1570 2671 1571 2676 ¹

261 2709 405 2785 βασιλείας
427 2731 487 2792 μου,
510 2711 686 2791 προλαβοῦσα
708 2710 754 2772 καί
777 2711 816 2785 είς
838 2711 987 2787 συνοίκησιν
1010 2711 1137 2788 ἀθέσμους
1159 2711 1311 2791 ὑποχείριον
1336 2713 1428 2790 σίντης,
1458 2729 1541 2789 παρο-

261 2832 357 2906 διύσεις
387 2833 440 2892 σἰπδ
467 2834 564 2911 ταύτης
586 2835 653 2915 πρδς
674 2835 719 2893 τόν
743 2833 903 2910 δηλωθέντα
925 2828 1079 2919 [σεβαστόν]
1102 2834 1240 2913 Μαρτῖνον
1262 2832 1392 2914 ἀκεραίαν
1415 2832 1462 2893 καί
1483 2832 1541 2890 ἀνυ-

261 2956 388 3035 στέρητον
412 2955 445 3015 ἐκ
465 2961 514 3032 τῆς
538 2951 612 3041 [τῶν]
635 2953 664 3034 χ’
681 2957 851 3032 νομισμάτων
865 2957 1023 3034 ποσότητος,
1047 2952 1086 3026 εἰς
1100 2957 1134 3031 ἢν
1148 2953 1360 3036 καταγράφεται,
1385 2955 1423 3027 ὡς
1438 2953 1540 3034 εἴρηται,

262 3077 307 3139 διὰ
328 3080 475 3157 πρακτικοῦ
498 3081 576 3138 αὐτού
599 3078 628 3136 τό
651 3076 775 3155 δηλωθὲν
798 3077 928 3157 ἀγρίδιον,
955 3078 1004 3154 ι·“ην
1028 3076 1058 3137 δὲ
1082 3079 1177 3158 ἑτέραν
1198 3079 1334 3153 ποσότητα
1356 3078 1404 3152 τὴν
1427 3077 1479 3136 ἀπο
1499 3080 1541 3148 τῆς

262 3201 385 3276 τοιαύτης
408 3195 563 3274 οἰκονομίας
585 3202 728 3280 κρατήσεις
749 3197 795 3259 καί
816 3199 1023 3279 περιορίσειςί),
1046 3199 1124 3276 λέγω
1139 3201 1185 3259 τού
1201 3197 1338 3277 δημοσίου,
1362 3199 1460 3258 ἔστ’όν
1474 3197 1540 3277 όρίση

261 3319 322 3400 περὶ
345 3323 427 3398 αύτῆς
448 3323 466 3396 ἡ
490 3320 617 3395 βασιλεία
640 3342 701 3400 μου,
724 3323 786 3380 όσον
809 3321 938 3400 διακρίνει
960 3319 1007 3380 καί
1030 3321 1088 3398 ἔχει
1110 3320 1231 3400 θέλημα,
1253 3321 1321 3400 πρός
1340 3319 1371 3380 δὲ
1390 3321 1439 3396 τὴν
1454 3319 1541 3395 δηλω-

262 3444 353 3502 θεῖσαν
376 3441 525 3519 σεβασμίαν
548 3444 632 3518 μονὴν
656 3443 808 3515 ἀποδώσεις
829 3445 859 3504 τό
881 3447 998 3503 τοιοῦτον
1021 3441 1141 3523 ἀγρίδιον
1163 3443 1193 3502 τδ
1210 3443 1399 3522 Μονόοττητον,
1420 3440 1467 3502 καί
1481 3459 1541 3499 κστ·

264 3569 361 3643 έχηται
382 3564 428 3625 καί
450 3567 565 3640 νέμηται
587 3566 650 3624 αύτδ
670 3567 746 3624 τοῦτο
763 3564 956 3643 ἀνενοχλήτως
970 3562 1017 3625 καί
1033 3565 1207 3637 οἰδιασείστως
1222 3566 1293 3625 κατὰ
1307 3569 1396 3624 πᾶσαν
1410 3566 1459 3639 τὴν
1476 3560 1540 3639 ἰσγύν

262 3685 309 3748 καί
329 3688 473 3766 περίληψιν
494 3691 540 3746 τού
554 3688 853 3768 προεπιχορηγηθὲντος
869 3690 945 3770 αύιῄ,
967 3687 1059 3760 καθὼς
1074 3687 1188 3768 εἴρηται,
1210 3686 1417 3768 χρυσοβούλλου
1431 3693 1480 3763 της
1495 3683 1540 3757 βσ-

264 3809 369 3882 σιλείας
383 3831 444 3892 μου,
467 3808 514 3869 καὶ
528 3809 639 3886 ποίησον
653 3809 724 3869 κατὰ
738 3811 768 3869 τύ
782 3811 868 3888 παρόν
882 3811 1052 3890 πρόσταγμα,
1074 3812 1088 3868 ό
1103 3808 1150 3870 καὶ
1165 3809 1338 3890 ἀντίστρεψον
1354 3807 1398 3869 ἐπὶ
1414 3807 1450 3888 τῷ
1465 3825 1539 3886 προσ-

264 3935 333 3992 εῖναι
354 3938 387 4014 τῇ
411 3930 565 4012 δηλωθείση
585 3930 720 4012 σεβασμίᾳ
740 3937 808 4013 μονῇ
825 3928 864 4003 είς
880 3931 1039 4010 ἀσφάλειαν.
1063 3931 1115 3991 ἀπό
1131 3931 1162 3992 δὲ
1176 3937 1227 4008 της
1243 3929 1383 3992 ἐπιλοίπου
1399 3927 1540 4004 οἰκονομίας

263 4063 313 4132 τῆς
335 4053 506 4132 δηλωθείσης
521 4053 661 4128 Ῥωμαίος
683 4053 793 4130 θέλημα
816 4054 869 4134 ἔχη
891 4055 909 4128 ἡ
933 4053 1060 4128 βασίλεια
1082 4075 1144 4132 μου,
1168 4055 1206 4127 ὡς
1227 4052 1274 4115 καί
1298 4054 1423 4134 ἀνωτέρω
1439 4051 1539 4132 εἴρηται,

263 4177 308 4237 ίνα
330 4176 416 4252 μηδὲν
439 4177 574 4258 ἐπιδούσης
592 4179 659 4255 πρὸς
678 4197 736 4236 τινα
756 4178 839 4257 μέχρι
857 4174 905 4235 καί
923 4181 969 4236 τού
985 4172 1165 4262 [ἐλαχίστουβ
1182 4177 1276 4251 ἐπειδὴ
1292 4175 1421 4257 γνωρίσαι
1436 4173 1539 4252 μέλλεις

266 4297 300 4358 δι’
313 4299 404 4378 ἑτέρου
425 4296 632 4378 προστάγματος
651 4299 681 4357 τίν
700 4295 761 4377 περὶ
781 4298 877 4374 ταύτης
892 4298 1004 4374 θέλημα
1017 4297 1065 4358 καί
1079 4300 1109 4358 τδ
1125 4299 1222 4379 όρισμα
1237 4305 1286 4374 τῆς
1301 4297 1444 4396 βασιλείας
1459 4287 1509 4372 μου
1517 4295 1537 4368 β

265 4475 459 4482 --—·--.--.--.u·

370 4583 390 4650 ¹)
408 4584 439 4634 In
459 4583 610 4651 apographo
628 4585 649 4634 1.
669 4583 712 4633 hic
733 4585 859 4633 inseritur
876 4579 935 4649 πρὸς
954 4579 996 4646 τὴν
1015 4579 1139 4647 βασιλείαν
1159 4599 1214 4649 μου,
1238 4581 1309 4648 quod
1327 4585 1450 4649 superius
1467 4579 1536 4632 habes

265 4683 294 4730 in
312 4686 448 4732 contextu.
519 4680 539 4744 ²)
559 4678 753 4745 supplevimus.
826 4679 846 4745 ί)
864 4675 1015 4746 περιορήσεις
1034 4678 1056 4728 Ι.
