3246 5288
1310 355 1373 418 427

46 553 130 628 μονῇ
162 545 346 631 ἀναλύσειί),
369 551 430 608 τότε
445 550 541 610 λοιπον
557 551 607 610 ἀπο
622 556 675 609 τῶν
691 551 901 631 προκρειττάνων
917 556 966 628 τῆς
982 550 1165 630 ἀδελφότητος
1181 549 1376 629 ἀνακρινέσθω,

46 666 102 728 καί
131 669 162 729 εἰ
193 672 248 747 μὲν
272 671 415 754 διορθωθῇ,
439 673 508 732 ἔστω
531 673 750 748 συμπαθημένυς.
783 670 806 732 εί
823 671 854 732 δὲ
869 672 952 732 πάλιν
968 675 1024 744 τοῖς
1040 673 1129 744 αἰετοῖς
1151 671 1282 748 ἐπιμένει,
1306 671 1376 730 ἀνα-

48 793 201 870 φερέσθω
223 791 262 872 τῷ
293 793 381 873 ἐφάρῳ
403 791 451 852 καὶ
474 789 607 878 [οὖτος)ί)
638 791 751 866 δικαίως
772 795 802 854 τδ
831 793 934 854 δίκαιον
963 796 1070 868 ποιήσει
1092 791 1138 854 καί
1160 794 1190 852 τδ
1214 787 1309 852 ἀδικον
1332 790 1375 850 δι-

51 915 210 992 ορθώσει·
233 917 301 994 πρδς
323 915 377 996 γάρ
400 916 522 976 σύστασιν
537 922 586 991 τῆς
602 923 689 992 μονῆς
703 913 749 975 καὶ
772 915 938 976 ὑποτύπωσιν
954 921 1007 975 τῶν
1031 914 1158 992 ἀδελφῶν
1174 911 1221 974 καί
1236 913 1375 992 δρθαλμδν

53 1036 148 1096 αυτὸν
180 1031 251 1098 εἶναι
274 1042 338 1119 πᾶσι
353 1036 400 1097 καὶ
422 1037 585 1116 ὑπόδειγμα,
609 1035 670 1115 οῐιχὶ
693 1036 724 1096 δὲ
745 1037 862 1098 ’θπουλον
884 1034 931 1098 καὶ
954 1036 1093 1116 ἱερόσυλον
1110 1035 1189 1118 (ὅπερ
1205 1035 1243 1110 μὴ
1259 1034 1376 1112 γένοιτο,
1402 1051 1406 1058 ·

53 1158 177 1236 Χριστὲ
203 1159 328 1238 βασιλεῦ,
352 1161 470 1220 τοιοῦτόν
493 1179 559 1219 ποτε
581 1165 781 1239 παραχωρῆσαι
796 1163 842 1219 τοῦ
864 1156 994 1234 ποιμάναι
1016 1160 1046 1218 τδ
1062 1159 1108 1218 σδν
1130 1157 1276 1236 ποίμνιον),
1300 1156 1377 1215 ἀλλά

55 1279 193 1352 μᾶλλον
216 1281 398 1361 ἐκπληρωτην
420 1287 472 1341 τῶν
497 1287 550 1341 σῶν
573 1280 652 1340 θείων
677 1281 795 1341 ἐντολῶν
811 1281 858 1341 καὶ
874 1281 974 1361 ἀκριβῆ
994 1279 1102 1360 φύλακα
1117 1287 1166 1358 τῆς
1188 1283 1300 1354 τυπικῆς
1315 1277 1377 1336 δια-

55 1400 195 1482 τάξεως,
217 1405 311 1476 καθὼς
334 1403 437 1463 ἀνωθεν
459 1403 618 1482 παρέλαβεν
641 1405 659 1478 ἡ
682 1407 817 1483 κρατοῦσα
840 1405 976 1484 συνήθεια,
1004 1408 1051 1464 τοῦ
1073 1405 1190 1480 στοιχεῖν
1213 1400 1259 1462 καὶ
1283 1399 1377 1471 αὐτοὺς

57 1529 117 1598 τῆς
145 1530 285 1606 πατρικῆς
308 1525 513 1604 ὑποτυπώσεως,
537 1525 580 1584 ίνα
603 1526 678 1598 ὅπως
699 1527 800 1597 πάντες
822 1527 851 1584 ἓν
876 1521 1011 1610 [οῶμά]3)
1034 1527 1116 1600 ἐσμεν
1141 1525 1169 1584 ἑν
1192 1525 1284 1605 κυρίῳ.

185 1646 247 1722 λς’.
273 1648 330 1726 Ἀφ’
344 1649 435 1727 ἑτέρου
458 1649 549 1724 μέντοι
573 1649 752 1728 μοναστηρίου
774 1653 823 1722 τῆς
839 1649 921 1722 νήσου
943 1648 1005 1708 καθ’
1017 1649 1157 1722 ἡντιναοῦν
1181 1644 1266 1706 αἰτίαν
1289 1647 1376 1724 ἡγοί-

62 1789 164 1842 μενος
186 1771 216 1830 σθ
239 1772 502 1851 προχειριτθήσεται,
526 1769 604 1830 ἀλλά
626 1771 671 1828 τὀν
694 1768 740 1829 καὶ
763 1771 873 1850 θρέμμα
888 1767 934 1830 καί
951 1769 1088 1845 παίδευμα
1102 1767 1149 1828 καί
1163 1769 1263 1848 κουράν
1278 1769 1378 1844 ταύτης

64 1895 251 1968 τυγχάνοντα
273 1891 403 1964 καὶτοὺς
426 1893 521 1962 τύπους
544 1890 627 1966 αὐτῆς
650 1890 742 1951 είδάτα
764 1891 811 1951 καί
834 1892 867 1951 τά
882 1893 935 1966 ἤθη
951 1899 1005 1951 τῶν
1028 1887 1155 1970 ἀδελφῶν
1180 1887 1377 1970 ἀκριβέστατα·

67 2017 184 2084 πάντας
206 2015 261 2096 γάρ
283 2013 344 2086 τοὺς
366 2015 594 2094 ἀποκειρομένους
616 2019 649 2096 τῇ
672 2015 735 2074 καθ’
747 2016 821 2090 ἡμᾶς
837 2013 903 2096 ἀγίφι
925 2019 996 2095 μονῇ
1013 2014 1068 2074 εἴτε
1091 2012 1299 2093 ἀποστολικούς,
1323 2012 1376 2072 εἴτε

69 2138 320 2216 μεγαλοσχήμους
350 2134 441 2211 ἀξίους
463 2137 542 2206 δντας
565 2145 614 2212 τῆς
637 2135 804 2216 ηγουμενίας
833 2136 991 2212 βουλόμεθα
1018 2136 1249 2216 προχειρίζεσθαι·
1281 2135 1378 2208 μόνους

70 2258 133 2337 γὰρ
158 2257 280 2330 ἐκείνους
295 2265 343 2334 τῆς
362 2259 525 2338 προστασίας
546 2258 723 2338 ἀπείργυμεν,
747 2259 808 2329 τοὺς
830 2262 899 2334 μήτε
916 2259 1036 2338 ἀρχὴνῆ
1053 2261 1199 2334 μετάνοιαν
1214 2259 1378 2334 ποιήσαντας

72 2387 129 2454 τῆς
154 2381 351 2460 ἀδελφότητος,
384 2379 442 2464 είί)
465 2379 512 2440 καί
534 2381 652 2454 πολλοῖς
683 2382 768 2440 ἔτεσιν
793 2377 1070 2466 [ἐν]διατρίψαντεςί’)
1094 2375 1149 2440 εἶεν
1171 2386 1204 2461 τῇ
1229 2385 1308 2460 μονῇ.
1355 2376 1379 2438 εί

73 2501 100 2560 δ’
117 2502 186 2574 ἴσως
209 2505 261 2582 οἰνχ
284 2505 457 2584 εὑρεθήσεται
480 2501 556 2576 ἀξιος
570 2511 619 2578 τῆς
634 2504 800 2581 ἡγουμενίας
816 2505 830 2562 ὁ
847 2505 919 2580 ἔχων
934 2505 1099 2584 προχείρισιν
1115 2501 1162 2563 καί
1177 2498 1255 2574 ἀξίαν
1271 2500 1376 2581 ἱερέως,

75 2627 163 2705 ηάπερ
186 2623 367 2707 ἀπεύχομαι),
389 2628 450 2684 τίτε
472 2626 706 2703 ἡγουμενεὺσωσιν
722 2625 747 2684 σί
762 2625 866 2686 ἀνωθεν
886 2626 1071 2704 δηλωθεντες·
1095 2625 1158 2685 ουδὲ
1173 2620 1226 2704 γάρ
1243 2622 1379 2698 βούλομαι

75 2745 157 2824 ἱερέα
181 2747 233 2822 μὲν
255 2747 330 2826 ὄντα,
358 2748 408 2807 οἰνκ
429 2745 504 2820 ἀξιον
528 2747 559 2808 δὲ
582 2754 631 2824 τῆς
653 2754 831 2824 ποιμαντικῆς
853 2748 1017 2828 προστασίας
1040 2745 1086 2806 καὶ
1109 2747 1238 2824 ἀνωφελῆ
1260 2748 1327 2825 πράς
1348 2747 1379 2804 τδ

76 2869 212 2944 ποιμάναι
242 2869 331 2948 ψυχάς
363 2865 620 2954 [ἡγουμενεύειν]ΰ),
652 2869 719 2929 ἀλλ’
732 2869 795 2928 οὐδὲ
825 2869 878 2950 γὰρ
909 2870 1074 2946 ἐπιπηδήσει
1095 2891 1136 2940 τις
1165 2873 1306 2948 προπετῶς
1333 2865 1380 2926 καί

78 2985 286 3069 οίκειογνιθμως
308 2993 422 3070 χρόνους
444 2993 524 3068 τυχδν
546 2991 778 3072 προβαλλόμενος
800 2994 818 3066 ἡ
841 2997 940 3070 γνῶσιν
962 2996 980 3066 ἢ
1003 2993 1144 3071 ἐνέργειαν
1165 2994 1184 3066 ἢ
1207 2992 1379 3069 εάγένειανῆ

79 3110 194 3186 ἀξίωμα
215 3116 233 3188 ἢ
255 3115 441 3192 προσαγωγὴν
468 3118 617 3192 χρημάτων
641 3117 658 3188 ἢ
682 3116 837 3192 κτημάτων,
867 3113 934 3173 ἀλλ’
948 3113 1053 3183 ἐκεῖνος
1084 3114 1159 3174 ἔσται
1189 3112 1379 3190 προτιμητέος,

79 3235 110 3292 ἀν
135 3237 151 3294 δ
173 3236 382 3312 καθηγοὺμενος
405 3232 495 3318 είδεῖ)
520 3237 620 3314 ἔχοντα
642 3236 691 3308 τάς
705 3236 856 3316 πρακτικὰς
873 3232 1033 3318 ἀρετάςκαί
1049 3234 1160 3297 οἱκατὰ
1176 3236 1238 3296 θεον
1254 3232 1379 3316 ἀδελφοί,

81 3359 163 3428 οάτδς
186 3355 243 3430 ἔξει
265 3357 312 3417 καὶ
334 3359 383 3433 τἠν
406 3355 484 3431 ἀξίαν
506 3364 557 3434 τῆς
578 3359 781 3438 προχειρίσεως.

187 3479 241 3550 λζ’.
260 3480 373 3555 Ἐπειδὴ
391 3481 503 3558 ἔγγιστα
518 3485 567 3554 τῆς
583 3487 669 3556 μονῆς
684 3483 751 3562 πρὸς
767 3482 911 3560 ἀνίσχοντα
926 3481 1005 3558 ἥλιον
1022 3477 1096 3542 οἶκον
1111 3481 1183 3562 ἱερὸν
1199 3479 1380 3560 ἀνεγείραμεν

84 3601 123 3674 είς
147 3601 234 3676 ὄνομα
255 3605 410 3678 τιμώμενον
431 3607 477 3662 τοῦ
501 3599 597 3686 [τιμίου
623 3602 783 3684 Προδράμου
806 3599 894 3688 καὶ]6)
919 3605 1068 3664 Βαττιστοά
1085 3605 1212 3662 Ἰωάννου
1235 3602 1306 3677 μετά
1327 3607 1380 3661 τῶν

84 3725 174 3782 ἐκεῖσε
197 3721 330 3805 κελλίων,
354 3724 505 3802 ἀλιγοστῶν
529 3724 649 3803 δένδρων
665 3725 710 3784 σὺν
725 3724 764 3803 τῷ
785 3726 884 3804 βραχεῖ
905 3726 991 3806 θδατι,
1015 3728 1081 3804 ὅπερ
1096 3726 1111 3783 ὁ
1129 3723 1216 3796 πολὶνς
1240 3725 1310 3804 ἔρως
1332 3731 1382 3800 τῆς

85 3847 162 3906 ἔνδον
178 3866 214 3920 με
229 3845 454 3924 καταφλεγοθσης
469 3846 584 3924 ἡσυχίας
598 3895 604 3906 .
620 3847 708 3908 ..οὐκ
724 3847 758 3930 ἐᾷ
773 3867 808 3923 με
822 3894 828 3906 .
845 3898 850 3909 .
865 3895 871 3907 .
886 3846 931 3908 καὶ
947 3853 996 3922 τῆς
1011 3852 1064 3907 τῶν
1082 3845 1156 3922 ἐμῶν
1171 3845 1347 3924 συναδελφῶν
1362 3847 1380 3920 ί,

85 3968 202 4044 ἀσχετος
225 3967 319 4044 ἀγάτη
344 3967 532 4028 ἐπαπολαῦσαι
554 3973 601 4028 τοῦ
624 3969 727 4047 ἐφετοῦ,
753 3968 840 4054 ...9)
863 3969 939 4030 ἀλλά
955 3968 1002 4030 καί
1018 3969 1092 4030 θείαν
1115 3968 1307 4047 μυσταγωγίαν
1331 3967 1381 4027 ἐκ·

85 4089 222 4148 τελεῖσθαι
244 4090 397 4168 τετθπωκα,
421 4090 464 4168 ἀφ’
477 4086 511 4166 ἧς
526 4093 633 4170 ἡμέρας
649 4091 785 4167 ἐκαινίσθη
801 4091 848 4152 καί
862 4093 1027 4172 καθιερώθη,
1050 4091 1160 4163 καὶτὰς
1176 4089 1223 4150 δύο
1239 4089 1336 4171 ἐσρτάς
1351 4089 1382 4150 δέ

85 4211 220 4290 λαμπρῶς
236 4211 280 4270 σὺν
296 4211 357 4286 ὑμίν
373 4212 529 4293 ἐσρτάσουσι
541 4211 586 4294 ¹⁰),
610 4213 640 4273 τδ
655 4215 778 4292 γενέσιόν
794 4235 862 4292 φημι
877 4213 925 4274 καί
938 4215 987 4290 τἠν
1004 4213 1156 4293 ἀποτομήν,
1179 4210 1318 4273 ἀλλὰκαὶ
1333 4212 1382 4290 τὴν

87 4329 191 4404 σίνναξιν
214 4331 285 4390 κατά
299 4333 330 4392 τδ
353 4335 473 4409 σύνηθες.
504 4333 551 4392 καί
573 4337 656 4394 ταῦτα
672 4335 723 4410 μὲν
746 4336 957 4412 τελεσθήσονται
981 4333 1021 4406 είς
1035 4337 1081 4394 τὐν
1102 4333 1188 4394 αἰῶνα
1202 4336 1247 4394 τδν
1265 4335 1380 4394 ἅπαντα.

189 4517 378 4588 1)ἀνοιλίσειΕ.
450 4524 470 4588 ²)
485 4525 680 4590 supplevimus.
752 4527 984 4592 ³)Supplovimus.
1057 4523 1105 4590 Ι)ιί,
1122 4526 1153 4574 Ε.
1226 4524 1381 4592 5)διατρ.Ε.

89 4620 109 4686 ⁰)
132 4619 328 4685 Supplevimus.
401 4619 420 4684 Ί)
441 4616 488 4668 ’ίδτι
510 4621 540 4670 Ε.
613 4622 635 4686 ³)
658 4621 854 4687 supplevimus.
926 4622 947 4686 θ)
972 4623 1059 4672 Locus
1077 4628 1217 4687 suspectus
1235 4629 1270 4686 οι,
1294 4627 1325 4672 ut
1343 4623 1382 4671 vi·

90 4717 170 4778 detur,
189 4715 307 4765 mutilus.
382 4715 411 4780 ω)
432 4712 570 4781 ἑορτάζουσι
589 4717 619 4766 Ε.
