3486 5282
367 253 430 319 218

367 449 476 512 εἰθισται
505 450 562 521 τοῖς
590 450 780 529 παριαρχικοῖς
808 449 888 524 ἡμῶν
919 449 1164 529 οταυροπηγιακοῖς
1193 447 1392 529 μοναστηρίοις,
1423 446 1488 524 μηδ’
1510 448 1566 530 ἐχῃ
1597 447 1657 508 ποτὲ

367 572 462 632 άδειαν
477 572 493 630 ό
507 571 579 632 κατά
590 571 699 652 καιροὺς
711 571 856 648 ίερῶτατος
868 568 1070 650 μητροπολίτης
1082 569 1273 650 Χαλκηδόνος,
1290 569 1356 646 μηδ’
1365 568 1456 643 ἀλλος
1466 591 1506 641 τις
1519 570 1656 631 ὁποιασοῦν

365 691 472 768 τάξεως
493 692 541 754 καί
563 694 679 772 βαθμοῦ,
703 691 851 772 ἰερωμένος
866 695 884 768 ῆ
899 691 996 764 λαικδς
1013 692 1170 774 ἐπηρεάσαι,
1196 691 1346 770 ἐνοχλῆταί
1364 713 1395 752 τε
1409 689 1458 752 καί
1472 699 1658 767 καταπατῆσαι

348 817 415 892 Ι’τῆν
438 817 549 876 ἐνοῦσαν
573 813 644 894 αὐτῷ
667 813 904 895 σταυροπηγιακῆν
926 815 1005 890 ῆμῶν
1026 815 1108 894 χάριν
1130 811 1177 874 καί
1200 812 1357 893 ἐλευθερίαν
1379 816 1398 888 ῆ
1421 813 1497 886 όλως
1518 812 1657 890 ἀπαίτηαίν

366 959 425 998 τινα
455 936 566 1012 πολλὴν
595 931 734 1014 ῆόλίγην
764 938 848 1017 μέχρι
877 934 924 996 καί
950 941 996 995 τοῦ
1021 935 1167 1014 ἐλαχίστου
1188 934 1355 1016 προσβαλεῖν
1377 938 1395 1012 ῆ
1419 934 1481 1010 βίαν
1505 935 1658 1014 ἐπενῆπεῖυ

365 1063 422 1132 τοῖς
452 1059 481 1119 ἐν
512 1057 584 1138 αθτῷ
611 1061 836 1135 συναοκουμένοις
857 1059 972 1137 πατράσι
994 1055 1040 1118 καί
1062 1055 1190 1134 ἰδιώταις,
1221 1056 1262 1136 ἐφ’
1275 1055 1406 1139 οἰᾳδῆτινι
1428 1055 1500 1141 αἰτίᾳ
1521 1057 1570 1118 καί
1593 1079 1658 1138 πρα-

367 1185 453 1261 φάσει.
500 1181 525 1242 οί
556 1180 587 1241 δὲ
617 1181 646 1241 ἐν
679 1180 750 1260 αθτῷ
780 1180 989 1254 συναοκοθμενοι
1019 1181 1135 1259 πατέρες
1158 1177 1293 1258 ὀφείλουσι
1316 1179 1421 1258 διάγειν
1445 1179 1474 1240 ἐν
1498 1179 1593 1264 εἰρήνῃ
1615 1179 1658 1240 καί

366 1302 555 1364 πολιτεύεσθαι
577 1305 714 1376 εὐτάκτως
735 1301 782 1362 καὶ
798 1301 932 1382 ῥυθμίζειν
945 1303 992 1364 τόν
1008 1302 1110 1361 ἑαυτῶν
1126 1300 1184 1376 βίον
1199 1301 1271 1362 κατὰ
1284 1303 1315 1361 τό
1331 1301 1478 1377 μοναδικόν
1495 1303 1660 1382 ἐπάγγελμα

367 1423 414 1486 καὶ
435 1427 504 1504 πρός
525 1427 570 1486 τόν
593 1427 695 1486 κανόνα
717 1430 766 1499 τῆς
789 1423 971 1504 ὀφειλομένης
993 1419 1148 1500 ἀσκήσεως.
1176 1421 1224 1483 καὶ
1246 1422 1356 1484 ἐπειδάν
1380 1424 1409 1483 ἐν
1431 1425 1512 1506 χρείᾳ
1534 1444 1658 1502 χειροτο-

366 1547 425 1621 νίας
452 1551 470 1623 ῆ
500 1547 694 1628 ἀρχιερατικῆς
716 1547 888 1628 λειτουργίας
909 1544 956 1607 καί
978 1545 1150 1622 μνημοσόνου
1171 1546 1315 1625 γένωνται,
1343 1546 1436 1623 ἔχουσι
1456 1551 1546 1606 πᾶσαν
1571 1545 1660 1606 ἄδειαν

365 1665 541 1751 προσκαλεῖν,
569 1671 600 1729 θν
622 1670 656 1730 ἂν
679 1669 829 1745 βοθλωνται
851 1675 905 1728 τῶν
929 1665 1089 1747 ἀρχιερέων,
1114 1667 1158 1726 διά
1180 1673 1378 1746 πατριαρχικῆς
1400 1669 1493 1743 μέντοι
1515 1667 1658 1743 ἐκδόσεως,

367 1790 411 1852 ἐπί
440 1791 479 1871 τῷ
510 1791 634 1852 ἐκτελεῖν
664 1791 714 1864 τάς
744 1786 936 1871 ἀρχιερατικὰς
965 1787 1135 1869 λειτουργίας
1163 1787 1209 1848 καὶ
1236 1791 1396 1864 μνημόσυνα
1420 1786 1468 1848 καί
1492 1787 1659 1869 χειροτονίας

367 1916 453 1973 αθτῶν
484 1913 554 1989 μετὰ
583 1915 671 1989 πάσης
701 1917 750 1987 τῆς
780 1919 926 1987 κανονικῆς
954 1913 1180 1991 παρατηρήσεως.
1227 1911 1266 1970 ἔτι
1293 1910 1325 1970 δέ
1347 1911 1362 1968 ό
1384 1910 1455 1970 κατά
1476 1912 1571 1992 καιρόν
1594 1931 1659 1990 προ-

365 2037 511 2110 ϊστάμενος
532 2037 579 2114 τοῦ
602 2036 681 2094 αθτοῦ
704 2033 881 2122 μοναστηρίου
903 2033 1103 2111 ῆγουμενεόων,
1127 2033 1165 2104 ὡς
1186 2032 1301 2112 γηραιός
1323 2029 1370 2092 καί
1389 2027 1475 2112 άξιος,
1500 2033 1554 2113 ἐχῃ
1571 2032 1659 2092 άδειαν

368 2155 491 2215 ἐκτελεῖν
513 2157 544 2215 τό
567 2161 617 2231 τῆς
638 2161 823 2232 πνευματικῆς
844 2155 1011 2234 πατρότητος
1033 2154 1105 2235 ἱερόν
1128 2155 1315 2234 λειτούργημα
1336 2152 1382 2214 καὶ
1406 2149 1588 2232 ἐξομολογεῖν
1604 2153 1659 2224 ταις

365 2278 601 2356 προσερχομένους
625 2275 697 2355 αῦτῷ
720 2276 942 2354 ουγκοινοβιάτας
956 2278 1076 2355 πατέρας
1090 2273 1137 2336 καὶ
1153 2275 1291 2353 μοναχοθς
1305 2273 1352 2334 καί
1367 2275 1479 2348 λοιποὺς
1492 2275 1659 2356 χριοτιανοὶις

365 2399 441 2470 ἐντός
462 2402 508 2458 τοῦ
531 2397 603 2477 ἱεροῦ
626 2397 804 2478 μοναστηρίου
825 2396 872 2457 καὶ
895 2399 1038 2477 ἀνερευνάν
1061 2398 1095 2458 τά
1110 2393 1181 2474 βάθη
1196 2402 1250 2456 τῶν
1265 2396 1385 2476 καρδιῶν
1401 2399 1488 2457 αῦτῶν
1503 2396 1539 2456 δι’
1552 2397 1657 2472 ἐκκλη·

365 2524 499 2582 σιαοτικοῦ
523 2521 614 2596 μέντοι
637 2519 868 2599 ἐνταλτηριῶδους
890 2525 1062 2600 γράμματος,
1086 2520 1124 2591 ῶς
1145 2522 1308 2595 νενόμισται.
1342 2519 1391 2590 τόις
1413 2519 1445 2578 δὲ
1468 2519 1593 2599 ἐκλογάς
1615 2516 1656 2577 καί

365 2641 598 2714 ἀποκαταστάσεις
624 2647 677 2701 τῶν
705 2641 734 2701 ἐν
762 2640 834 2719 αὐτῷ
856 2643 1060 2721 προϊσταμένων
1089 2635 1205 2711 καὶτὰς
1227 2640 1327 2713 λοιπάς
1350 2641 1568 2721 μοναστηριακάς
1591 2641 1656 2700 διοι-

365 2769 458 2839 κήσεις
488 2764 573 2842 ἔχωσι
601 2766 687 2823 ποιεῖν
716 2769 750 2846 τῇ
781 2761 885 2837 εἰδήσει
914 2761 961 2822 καὶ
988 2764 1086 2844 γνώμῃ
1115 2767 1168 2821 τῶν
1197 2761 1351 2840 πρωτίατων
1373 2763 1498 2842 πατέρων
1519 2766 1568 2822 τοῦ
1589 2761 1656 2841 ἱεροῦ

366 2885 544 2966 μοναστηρίου
565 2889 611 2946 τοῦ
634 2884 771 2964 Μεγάλου
794 2882 945 2965 Σπηλαίου,
973 2884 1060 2960 μηδὲν
1082 2884 1241 2958 τολμῶντες
1265 2884 1294 2943 ἐν
1316 2881 1414 2962 μηδενὶ
1436 2883 1592 2964 παραβῆναι
1613 2879 1654 2942 καί

364 3005 494 3085 ἀθετῆσαι
524 3007 572 3082 τῆν
603 3008 848 3087 ἐπιχορηγηθεῖσαν
879 3005 950 3085 αθτῷ
981 3006 1216 3085 σταυροτηγιακῆν
1243 3008 1324 3086 χάριν
1351 3003 1398 3065 καὶ
1424 3005 1473 3082 τὴν
1496 3007 1591 3066 ἕνωσιν
1613 3000 1654 3063 καὶ

364 3130 536 3209 προσῆλωσιν
564 3131 643 3189 αἰτοῦ
668 3131 736 3208 πρός
763 3130 793 3188 τό
816 3127 887 3208 ίερδν
910 3131 1096 3208 μοναστῆριον·
1112 3131 1157 3186 τοῦ
1180 3128 1318 3205 Μεγάλου
1340 3126 1489 3204 Σπηλαίου.
1535 3129 1567 3198 δς
1590 3124 1653 3186 δ’ἀν

364 3248 411 3310 καί
441 3251 532 3323 όποῖος
562 3250 723 3332 ἐπιχειρήσῃ
755 3249 891 3328 οἰῳδήτινι
920 3251 1011 3336 τρόπῳ
1041 3249 1189 3328 ἀνατρέψαι
1219 3249 1341 3308 ὁπωσοῦν
1373 3248 1406 3308 τά
1437 3249 1466 3308 ἐν
1488 3245 1527 3327 τῷ
1549 3248 1653 3327 παρόντι

365 3373 513 3442 συνοδυκῶς
534 3372 721 3450 ἀποφανθέντα
743 3369 789 3430 καί
813 3371 1012 3450 ἑπικυρωθέντα
1034 3369 1081 3430 καί
1104 3371 1154 3430 ἀπό
1177 3370 1305 3430 δουλείαν
1329 3370 1444 3450 ἀγαγεῖν
1470 3369 1518 3430 καὶ
1533 3373 1612 3452 φόρον
1627 3369 1651 3426 τί
1692 3419 1693 3450 ,

365 3494 599 3574 σταυρσπηγιακδν
621 3494 700 3568 ἡμῶν
721 3496 798 3552 τοῦτο
820 3495 999 3570 μοναοπῆριον
1021 3495 1039 3568 ῆ
1063 3492 1216 3553 ἀποσπάσαι
1238 3495 1257 3566 ἢ
1280 3488 1453 3564 ἀποξενῶσαι
1476 3493 1530 3552 ἀπο
1545 3497 1591 3552 τοῦ
1605 3492 1650 3570 ῥη·
1692 3499 1693 3520 ¹

365 3617 458 3688 θέντος
480 3615 552 3696 ίεροῦ
574 3613 753 3694 μοναστηρίου
775 3618 821 3674 τοῦ
844 3615 979 3694 Μεγάλου
1002 3615 1153 3693 Σπηλαίου,
1176 3616 1191 3673 ό
1209 3618 1338 3692 τοιοῦτος,
1361 3614 1457 3687 όποίας
1471 3617 1505 3674 ἀν
1520 3611 1540 3696 ᾖ
1554 3611 1651 3686 τάξεως

364 3736 411 3798 καί
434 3736 759 3816 βαθμοῦ,“ἀφωριαμε’νος
781 3737 896 3818 ὑπάρχει
917 3737 992 3817 παρὰ
1013 3743 1063 3812 τῆς
1086 3735 1167 3815 ἀγίας
1186 3734 1233 3796 καί
1248 3736 1390 3812 όμοουσίου
1404 3733 1451 3796 καὶ
1466 3739 1599 3806 ζωοποιοῦ
1611 3729 1650 3794 καὶ
1692 3709 1693 3716 ³

365 3859 515 3939 ἀδιαιρέτου
539 3857 675 3938 μακαρίας
696 3857 815 3938 Τριάδος
836 3861 882 3918 τοῦ
906 3859 967 3930 ένδς
988 3865 1021 3939 τῆ
1043 3858 1117 3936 φύσει
1139 3855 1186 3918 καὶ
1209 3861 1291 3932 μόνον
1313 3859 1376 3918 θεοῦ
1398 3857 1444 3918 καί
1466 3858 1648 3938 κατηραμένος

364 3980 411 4041 καὶ
434 3981 627 4060 ἀσυγχώρητος
649 3977 695 4039 καί
718 3979 788 4055 μετὰ
810 3980 926 4040 θάνατον
949 3980 1048 4052 ἀλυτος
1069 3978 1116 4040 καί
1139 3981 1313 4054 τυμπανιαῖος
1336 3977 1383 4038 καί
1404 3981 1503 4049 πάσαις
1524 3981 1585 4050 ταῖς
1602 3997 1649 4036 πα-

364 4103 469 4183 τρικαῖς
495 4099 543 4161 καί
573 4101 723 4173 συνοδικαῖς
752 4103 832 4183 ἀραῖς
858 4101 999 4174 ὑπεύθυνος
1026 4100 1073 4162 καί
1099 4101 1226 4174 ὑπόδικος
1251 4103 1290 4180 τῷ
1318 4099 1418 4180 αἰωνίῳ
1441 4100 1591 4175 ἀναθέμαιι
1611 4095 1648 4159 καί

366 4225 464 4302 ἔνοχος
486 4228 532 4284 τοῦ
553 4225 636 4305 πυρός
658 4230 707 4300 τῆς
729 4227 854 4304 γεέννης.
899 4229 982 4283 ταῦτα
1004 4227 1069 4302 γοῦν
1091 4224 1231 4302 ἀπεφάνθη
1251 4221 1298 4282 καί
1313 4224 1465 4304 κεκύρωται
1479 4225 1553 4284 κατά
1567 4223 1649 4294 κοινῆν

364 4348 477 4424 γνιίνμην
504 4345 551 4405 καὶ
578 4345 718 4420 συναδικὴν
748 4346 902 4426 διάγνωσιν.
947 4343 987 4417 εἰς
1009 4344 1041 4404 δὲ
1063 4345 1111 4418 τῆν
1132 4343 1194 4424 περὶ
1216 4343 1315 4404 τούτων
1340 4342 1453 4418 ἔνδειξιν
1475 4345 1522 4406 καὶ
1546 4347 1647 4422 διηνεκῆ

364 4470 413 4542 τὴν
436 4464 586 4546 ἀσφάλειαν
609 4468 732 4543 ἀπελόθη
754 4465 801 4528 καί
823 4467 854 4526 τό
876 4466 962 4545 παρόν
983 4467 1118 4545 ἡμέτερον
1140 4468 1334 4546 πατριαρχικδν
1350 4465 1397 4528 καί
1412 4467 1551 4530 συνοδικδν
1566 4467 1646 4546 σιγιλ·

364 4591 467 4662 λιῶδες
489 4591 605 4669 γράμμα
627 4587 814 4667 καταστρωθέν
838 4589 888 4648 κάν
911 4585 949 4666 τῷ
972 4587 1036 4668 ἱερῷ
1059 4587 1165 4664 κῶδηκι
1186 4595 1236 4664 τῆς
1251 4590 1313 4650 καθ’
1322 4593 1397 4664 ἡμᾶς
1411 4594 1458 4652 τοῦ
1473 4591 1590 4671 Χριστοῦ
1603 4608 1646 4666 με·
