3486 5282
1339 375 1400 441 221

112 569 192 649 Μέγα
216 543 376 647 Σπηλαιόν·
410 570 567 651 ἐνεφανίσθη
593 571 646 653 γάρ
673 571 728 648 ἤδη
751 572 816 648 ἡμῖν
844 573 1039 652 πατριαρχικύν
1068 571 1207 632 συνοδικδν
1230 571 1406 650 σιγιλλιῶδες

110 669 236 772 γράμμαι
254 699 301 755 τού
328 689 452 770 ἀοιδίμου
479 695 508 754 ἐν
533 697 714 774 πατριάρχαις
737 694 858 790 Παῖσίου,
890 695 1029 773 ἐπικυροῦν
1051 693 1110 756 ἴσον
1132 694 1246 774 ἀρχαίου
1268 694 1406 753 συνοδικού

109 819 275 895 γράμματος
296 822 344 878 τοῦ
367 817 490 892 ἀοιδίμου
513 813 703 902 [πατριάρχου]
727 817 884 898 Παρθενίου,
906 819 1091 897 περιέχοντος,
1115 818 1155 876 ότι
1177 817 1207 875 τό
1228 818 1406 896 μοναοτηριον

110 941 182 996 τοῦτο
213 939 277 1016 ἔχει
303 941 352 1015 τὴν
378 941 480 1014 σεπτην
508 931 555 1000 καὶ
581 923 656 1020 ίεράν
679 939 772 1000 εἰκόνα
794 946 844 1017 τῆς
866 941 1033 1020 θεομήτορος
1055 941 1104 1014 τἠν
1127 939 1309 1018 ἱστορηθεῖσαν
1331 937 1406 1018 παρὰ
1487 997 1490 1002 .

109 1065 151 1119 τοῦ
172 1064 355 1141 πανσυφημου
377 1061 529 1122 ἀποστόλου
551 1061 597 1122 καί
620 1062 815 1142 εὐαγγελιστοῦ
834 1065 938 1142 Λουκᾶ,
960 1060 1007 1120 καί
1030 1063 1070 1121 ότι
1092 1061 1223 1120 ἀνέκαθεν
1246 1060 1291 1119 διὰ
1313 1060 1405 1138 σιγιλ-

109 1181 173 1241 λέων
195 1163 248 1242 καὶ
271 1183 423 1258 βασιλικῶν
444 1183 657 1264 γρυσοβούλλων
681 1189 901 1268 σταυροπηγιακῇ
924 1178 988 1268 ἀξίᾳ
1009 1185 1147 1260 τετίμηται
1169 1181 1221 1243 καί
1235 1184 1275 1242 ότι
1291 1183 1319 1242 ἐν
1335 1170 1403 1258 συμὲ

111 1305 178 1388 βάτη
203 1306 266 1366 ἐκεῖ
287 1308 415 1390 πυρκαῖφῖ,
438 1309 630 1368 κατακαέντων
653 1309 761 1368 πάντων
777 1313 830 1367 τῶν
847 1309 876 1367 ἐν
891 1304 929 1384 τῷ
945 1306 1165 1386 σκευοφυλακτίῳ
1180 1305 1404 1386 χρυσοβούλλων,

109 1426 256 1504 σιγιλλῖων
278 1427 326 1488 καὶ
350 1430 446 1490 ἀλλων
468 1433 639 1510 γραμμάτων
661 1427 760 1489 τεκαὶ
782 1431 960 1508 πραγμάτων,
984 1427 1065 1504 μόλις
1087 1427 1113 1488 οἰ
1133 1427 1192 1487 ἐκεῖ
1205 1427 1321 1506 πατέρες
1336 1425 1405 1501 ἠδυ-

110 1551 229 1627 νάθησαν
254 1552 385 1614 διασῶσαι
407 1553 456 1628 τὴν
479 1555 606 1634 ῥηθεῖσαν
624 1551 700 1632 ίεράν
717 1549 818 1630 εἰκόνα,
842 1554 957 1632 χάριτας
973 1551 1102 1631 βρύουσαν
1118 1552 1174 1621 τοῖς
1189 1549 1248 1624 μετ’
1259 1547 1406 1622 εὐλαβείας

110 1677 353 1754 προσερχομένας,
381 1673 429 1734 καί
454 1675 679 1755 ἀποφαινόμενον,
707 1675 751 1735 ἵνα
776 1675 807 1734 τό
830 1676 1009 1754 μοναστηριον
1036 1678 1112 1734 τοῦτο
1134 1673 1206 1732 κατὰ
1233 1673 1262 1732 τό
1286 1671 1406 1732 ἔκπαλαι

111 1795 219 1878 ὑπάρχῃ
243 1799 331 1872 πάντη
357 1797 501 1877 ἐλεύθερον
522 1799 720 1877 σταυροπηγιον
743 1797 814 1872 μετὰ
836 1803 890 1856 τῶν
911 1796 1113 1856 ὐποτελούντων
1136 1793 1208 1873 αὐτῷ
1225 1793 1254 1852 ἐν
1270 1793 1406 1874 διαφόροις

111 1919 200 1988 τόποις
224 1921 361 1994 κειμένων
384 1919 530 1999 μετοχίων,
555 1921 630 1979 ἀτινα
654 1917 703 1979 εἰσί
725 1923 821 1978 ταῦτα·
843 1920 874 1978 τό
896 1918 968 1979 κατά
989 1918 1024 1978 τὰ
1046 1919 1147 1998 Μαῦροι
1166 1916 1255 1977 Βουνά
1277 1918 1405 1993 μετόχιον

112 2038 153 2096 σὀν
175 2046 210 2121 τῇ
236 2041 374 2123 ἐκκλησίᾳ
395 2045 442 2103 τοῦ
464 2041 542 2119 ἀγίου
555 2041 696 2102 Νικολάου
718 2041 765 2102 καί
787 2045 844 2114 τοῖς
866 2043 1047 2118 ουνημμένοις
1070 2036 1142 2118 αὐτῷ
1160 2039 1266 2111 τόποις·
1290 2039 1320 2098 τδ
1335 2038 1406 2097 κατὰ

112 2161 142 2218 τά
167 2163 276 2241 Τρυπία
306 2163 377 2239 μετά
406 2169 455 2240 τῆς
483 2164 633 2241 ἐκκλησίας
658 2169 704 2226 πού
732 2161 810 2246 ἁγίου
838 2167 965 2225 Ἰωάννου
990 2168 1037 2224 τοῖν
1062 2164 1253 2244 Χρυσοστόμου
1279 2158 1325 2222 καί
1351 2165 1404 2220 τῶν

114 2285 197 2342 τόπων
221 2285 316 2344 οάντοῖι·
348 2287 462 2364 όάγιος
485 2286 626 2360 Νικόλαος
649 2288 718 2364 μετὰ
740 2293 794 2347 τῶν
817 2287 982 2366 έλαιοφότων
1004 2284 1051 2346 καὶ
1073 2291 1127 2345 τῶν
1149 2287 1238 2345 τόπων
1261 2284 1353 2344 αὐτοῦ·
1375 2285 1406 2342 τδ

114 2404 177 2462 κατὰ
200 2407 252 2481 σἠν
277 2407 496 2488 Μανηγορίστραν
520 2409 661 2485 μεσότης
684 2409 834 2485 ἐκκλησίας
855 2415 905 2484 τῆς
925 2407 1018 2487 Ἁγίας
1033 2407 1151 2488 Τριάδος
1173 2405 1219 2466 καί
1241 2411 1294 2464 τῶν
1316 2407 1405 2465 τόπων

116 2529 202 2586 αὐτοῦ·
226 2530 259 2588 τό
281 2529 353 2589 κατὰ
374 2531 420 2590 τόν
442 2531 640 2610 σταυροίλατον
655 2532 725 2607 μετὰ
739 2537 788 2610 τῆς
804 2530 956 2607 ἐκκλησίας
970 2535 1024 2590 τῶν
1040 2497 1171 2590 Εἰσοδίων
1186 2528 1232 2588 καὶ
1247 2533 1300 2588 τῶν
1315 2530 1404 2588 τόπων

117 2651 202 2710 αὐτοῦ·
227 2654 259 2711 τ“ο
287 2652 357 2712 κατὰ
383 2654 432 2728 τὴν
454 2654 603 2728 Σάλμεναν
629 2655 699 2729 μετὰ
725 2661 774 2731 τῆς
804 2650 954 2730 ἐκκλησίας
980 2659 1034 2713 τῶν
1061 2651 1145 2732 ἁγίων
1173 2650 1333 2712 ἀποστόλων
1358 2649 1406 2710 καί

116 2776 162 2828 τῶν
188 2777 281 2834 τόπων
304 2775 397 2834 αὐτοῖν·
428 2777 459 2836 τό
480 2771 552 2836 κατὰ
573 2775 607 2836 τά
629 2775 746 2856 Σταυρία
769 2776 839 2852 μετὰ
860 2783 909 2852 τῆς
932 2775 1082 2852 ἐκκλησίας
1103 2779 1154 2850 τῆς
1176 2773 1257 2853 ἀγίας
1279 2773 1405 2854 Μαρίνης

116 2891 157 2951 καί
184 2901 240 2955 τῶν
269 2897 358 2956 τόπων
381 2896 475 2957 αὐτοῦ·
506 2898 536 2957 τό
566 2898 637 2959 κατὰ
666 2899 715 2974 τὴν
738 2897 915 2974 Γουμένιτζαν
938 2897 983 2958 σύν
1005 2898 1062 2970 τοῖς
1084 2897 1175 2967 τόποις
1198 2896 1291 2956 αὐτοῖν·
1321 2895 1352 2954 τό
1376 2895 1404 2954 ἐν

117 3017 283 3100 τῇΠαλαιᾷ
306 3019 402 3102 Πάτρφι
423 3020 549 3094 όσπήττον
572 3020 618 3080 οὐν
641 3019 740 3092 ἀλλοις
761 3021 866 3092 τόποις·
896 3021 928 3079 τό
951 3019 980 3078 ἐν
1002 3017 1041 3097 τῷ
1063 3018 1240 3098 Καλαμακίιρ
1263 3017 1333 3094 μετά
1354 3023 1404 3093 τῆς

119 3136 263 3217 ἐκκλησίας
290 3139 337 3200 καί
363 3147 417 3202 τῶν
443 3145 533 3202 τόπων
561 3144 654 3202 αὐτοϋ·
684 3144 714 3202 τύ
738 3142 823 3221 Μέγα
845 3141 998 3217 Ἀμπέλιον
1022 3141 1092 3216 μετὰ
1112 3147 1162 3217 τῆς
1186 3138 1336 3214 ἐκκλησίας
1358 3142 1405 3198 τοῦ

119 3259 188 3337 ἀγῖου
211 3261 385 3324 Ἆθανασίου·
415 3265 445 3324 τδ
474 3264 558 3347 ἐντῇ
585 3264 714 3346 Βοστίτζῃ
742 3267 870 3343 μετόχιον
898 3264 968 3340 μετὰ
994 3268 1048 3323 τῶν
1070 3263 1159 3323 τόπων
1182 3259 1331 3322 αὐτοῦκαὶ
1354 3263 1405 3321 όοα

120 3380 188 3444 ἀλλα
218 3379 353 3465 ἀμπέλια,
383 3388 520 3468 χωράφια,
551 3387 665 3466 κήπους,
695 3385 796 3466 δένδρα
826 3384 872 3446 καὶ
904 3385 980 3446 ἄλλα
1011 3380 1187 3466 ἀφιερύματα
1218 3385 1276 3462 ἔχει
1311 3383 1339 3443 έν
1370 3388 1404 3466 τῇ

120 3499 230 3590 ἐπαρχίᾳ
253 3507 386 3568 Παλαιῶν
410 3508 525 3588 Πατρῶν
552 3508 599 3569 καί
624 3511 684 3582 ταῖς
706 3508 896 3584 ὐποκειμέναις
918 3511 984 3590 αὐτῇ
1009 3507 1174 3580 ἐπισκοπαῖς.
1212 3507 1282 3582 μετὰ
1303 3510 1403 3568 τούτων

121 3621 158 3684 οὐν
187 3627 235 3689 καί
265 3629 336 3706 μετά
364 3633 472 3692 πάντων
499 3637 553 3692 τῶν
582 3631 688 3694 λοιπῶν
710 3635 858 3709 κτημάτων
881 3629 928 3693 καί
949 3633 1117 3713 πραγμάτων
1139 3629 1187 3690 καί
1210 3629 1404 3710 ἀφιερωμάτων

122 3748 189 3810 αὐτοῦ
219 3751 336 3832 ὑπάρχει
363 3741 569 3836 σταυροπίγγιον,
599 3753 646 3814 καὶ
669 3755 781 3826 όπωςό
810 3754 962 3833 ἡγούμενος
985 3753 1039 3836 έχῃ
1061 3752 1110 3829 τὴν
1133 3751 1229 3812 ἀδειαν
1251 3749 1405 3831 σφραγίζειν

122 3867 287 3950 ἀναγνώστας
315 3875 392 3934 ένδον
418 3881 468 3952 τῆς
499 3883 584 3954 μονῆς
613 3875 660 3937 καί
687 3878 819 3956 παρέχειν
843 3857 937 3936 ἀδειαν
959 3873 1006 3935 καί
1027 3877 1084 3946 τοῖς
1107 3871 1192 3947 ἀξίοις
1214 3873 1405 3956 ίερομονάχοις

123 3986 240 4070 δέχεσθαι
263 3997 325 4068 τούς
347 3996 496 4078 λογισμσύς
518 4003 572 4058 τῶν
594 3999 817 4074 ουναονουμένων
839 3999 974 4079 πατέρων,
996 3995 1042 4058 καὶ
1066 3995 1161 4073 μηδεὶς
1177 4001 1230 4056 τῶν
1245 3997 1406 4075 ἡγουμένων

124 4109 222 4192 θίνηται
254 4119 383 4179 καθιστάν
417 4119 575 4200 ἐπιτρόπους
607 4119 752 4197 κοσμικούς
785 4117 833 4180 καί
866 4120 980 4190 λαῖκούς
1013 4119 1114 4199 ἀνδρας
1148 4117 1192 4178 ἐπί
1225 4119 1263 4199 τῷ
1293 4121 1406 4200 θεωρεῖν

123 4241 332 4322 μοναστηριακόις
354 4243 440 4302 αὐτῶν
463 4243 612 4322 ὐποθέσεις,
635 4243 703 4303 ἀλλ’
716 4243 766 4302 ὑπδ
788 4248 837 4318 τῆς
859 4245 1015 4318 κοινότητος
1036 4245 1090 4301 τῶν
1108 4243 1233 4322 πατέρων
1250 4235 1327 4302 αὗται
1343 4241 1427 4336 δια-λ

124 4362 298 4443 περαίνωνται,
321 4361 368 4423 καί
392 4356 488 4440 μηδείς
510 4369 564 4424 τῶν
585 4363 819 4446 προσηλωθέντων
841 4371 874 4447 τῇ
898 4370 967 4448 μονῇ
990 4364 1073 4447 ταύτῃ
1093 4364 1201 4439 δόνηται
1215 4364 1405 4424 λειποτακτεῖν

125 4479 176 4542 ἀνευ
197 4485 293 4558 ἀδείας
314 4490 360 4546 τοῦ
384 4487 536 4564 ἡγουμένου
558 4485 605 4548 καί
627 4487 742 4564 νομίμου
764 4485 861 4567 αἰτίας,
885 4488 900 4546 ό
923 4487 954 4548 δέ
975 4487 1050 4568 παρὰ
1064 4490 1148 4547 ταῦτα
1162 4489 1296 4568 πράττων,
1320 4487 1403 4570 ἰερω-

125 4606 193 4680 θθος
215 4610 276 4689 μέν,
301 4609 399 4687 ἔνοχος
421 4609 530 4692 ὑπάρχῃ
552 4610 718 4691 καθαιρέσει,
742 4611 865 4688 μοναχύς
888 4608 918 4669 δέ
935 4608 1073 4691 ἀφορισμῷ
1089 4613 1170 4690 μέχρι
1185 4614 1232 4670 τοῖν
1248 4611 1404 4691 ἐπιστρέψαι

126 4723 157 4797 ek
179 4733 226 4807 τήν
256 4735 403 4808 μετάνοιαν
436 4733 522 4794 αὐτοῦ.
560 4731 599 4805 εἰς
629 4733 794 4794 άνακαίνισιν
826 4728 869 4794 οὐν
899 4735 991 4794 τούτου
1022 4736 1171 4815 γράφοντες
1202 4733 1406 4813 ἀποφαινόμεθα
