3166 5298
850 923 920 1000 IV.

238 1114 408 1206 Diplomata
427 1121 455 1187 ot
473 1113 550 1188 λιιι
568 1113 738 1188 monasterii
757 1114 787 1187 S.
806 1115 930 1188 Joannis
949 1115 1105 1206 Baptistae
1123 1117 1153 1188 in
1171 1121 1266 1188 nnn
1284 1116 1441 1190 Menoeceo
1463 1117 1545 1208 apud

830 1235 946 1310 Sorras.

490 1459 515 1523 I.
540 1459 765 1542 6806-1297‚
788 1481 899 1524 mense
923 1457 1110 1545 septembri,
1133 1459 1198 1524 ind.
1223 1460 1282 1526 XI.

241 1641 396 1712 Imperator
408 1641 578 1696 Andronicus
591 1641 633 1695 11.
649 1642 828 1712 Ραίασοὶοριιι
843 1639 983 1710 confirmat
999 1643 1160 1696 monooton'o
1170 1645 1360 1712 poooeonbnos,
1379 1663 1448 1714 φαασ
1460 1646 1543 1700 habet

406 1763 439 1798 σισ
454 1745 596 1800 donatione
611 1746 732 1816 σρέισσρί
747 1745 915 1800 Ζίσίιιιασιιπτ
930 1749 955 1798 et
969 1745 1051 1814 olion,
1074 1746 1208 1817 donatque
1223 1747 1247 1800 ei
1262 1763 1368 1818 αρικιιιι.

342 1953 358 2024 †
381 1949 486 2008 Φθοίνει
509 1947 559 2022 μέν
583 1949 597 2006 δ
620 1947 827 2026 θεοφιλέστατος
849 1945 994 2018 ἐπίσκοπος
1009 1947 1116 2025 Ζιχνῶν
1132 1946 1271 2028 ἀνεγεῖραι
1286 1947 1347 2029 ττερί
1363 1949 1412 2021 τὰς
1428 1951 1540 2031 Σέρρας

240 2072 418 2148 μοναστήριον
441 2067 481 2140 εἰς
504 2069 591 2143 ὄνομα
612 2071 766 2144 τιμώμενον
789 2071 835 2127 τοὺ
856 2066 943 2142 τιμίου
965 2069 1101 2148 προφήτου
1127 2068 1285 2149 Προδρδμου
1308 2068 1355 2128 καὶ
1375 2071 1540 2150 Βαττιστοὺ,

241 2191 270 2250 ἐν
293 2185 316 2270 ᾧ
339 2190 409 2268 δῆτα
431 2190 628 2266 κατηνάλωσεν
652 2189 732 2261 αὑτός
753 2209 784 2248 τε
806 2187 853 2248 καί
876 2189 891 2247 θ
912 2189 1001 2269 πατὴρ
1026 2189 1105 2250 αὑτοῦ
1129 2190 1179 2250 οὑκ
1200 2189 1283 2269 ὀλίγα
1303 2192 1470 2271 πράγματα·
1501 2193 1540 2253 ἔτι

240 2309 271 2372 δὲ
293 2313 481 2392 προσεκὺρωσε
504 2308 552 2371 καί
573 2312 701 2386 κτήματά
722 2329 791 2388 τινα,
817 2309 857 2389 ἐφ’
867 2304 907 2382 οἷς
921 2310 1026 2391 προέβη
1041 2309 1088 2370 καί
1103 2311 1311 2392 χρυσθβουλλον
1327 2317 1375 2387 τῆς
1391 2311 1539 2387 βασιλείας

241 2453 306 2511 μου·
330 2435 422 2512 φθάνει
445 2432 477 2494 δὲ
499 2431 546 2494 καὶ
569 2433 630 2508 μεθ’
638 2433 748 2513 ὑσπερον
766 2433 983 2512 προσκτήσασθαι
1003 2431 1049 2491 καί
1064 2435 1219 2513 προσθεῖναι
1236 2434 1303 2514 αὑτῇ
1318 2432 1365 2493 καὶ
1381 2437 1464 2516 ἕτεροί
1480 2457 1537 2495 τινα

241 2555 294 2616 ἀπδ
316 2552 503 2635 προσενέξεισς
525 2552 571 2613 καὶ
595 2551 626 2626 ἐξ
648 2551 809 2634 ἀγορασίας·
835 2551 894 2612 ἐπεὶ
918 2551 949 2612 δὲ
964 2553 1185 2634 παρεκλήτευσεν
1201 2555 1300 2634 ἀρτίως
1315 2555 1476 2636 πορίσασθαι
1492 2551 1539 2617 καί

242 2681 333 2757 ἕτερον
360 2676 565 2757 χρυσόβουλλον
592 2681 642 2752 τῆς
669 2673 811 2750 βασιλείας
835 2695 886 2751 μου
909 2673 950 2747 εἰς
973 2675 1131 2755 ἐπικὺρωσιν
1155 2677 1241 2736 αὑτῶν
1264 2681 1327 2754 τῶν,
1360 2678 1398 2748 ὡς
1422 2676 1537 2759 εἴρηται,

240 2801 352 2879 ὑστερον
374 2797 438 2878 παρ’
448 2799 528 2858 αὑτοῦ
550 2799 794 2880 προσκυρωθέντων
816 2795 855 2876 τῷ
877 2798 987 2876 τοιούτῳ
1011 2797 1194 2878 μσναστηρίῳ,
1218 2797 1266 2872 τὴν
1288 2799 1413 2872 τοιαύτην
1435 2798 1537 2873 αἴτησιν

241 2919 287 2981 καὶ
310 2921 481 2999 παράκλησιν
505 2920 585 2980 αὑτοῦ
608 2920 729 2996 εὑμενῶς
751 2916 958 2998 προσδεξαμένη
974 2920 991 2994 ἡ
1008 2914 1137 2993 βασιλεία
1152 2938 1215 2998 μου,
1239 2919 1284 2980 τδν
1300 2921 1419 3000 παρόντα
1435 2924 1537 3002 χρυσέ-

242 3043 362 3116 βουλλον
388 3043 474 3121 λόγον
503 3041 584 3116 αὑτῆς
614 3041 737 3120 ἀπολύει,
769 3034 844 3100 διὀὑ
867 3040 975 3100 εὑδοκεῖ
996 3039 1043 3100 καὶ
1071 3039 1223 3122 διορίζεται,
1254 3043 1324 3100 ὥστε
1351 3043 1481 3119 κατέχειν
1507 3045 1537 3102 τὺ

242 3164 383 3244 εἰρημένον
407 3165 584 3242 μοναστηριον
607 3161 800 3242 ἀνενοχλητινς
821 3163 910 3243 πάντη
932 3159 979 3220 καὶ
995 3160 1171 3232 ἀδιασείστως
1187 3163 1216 3220 οὺ
1232 3161 1314 3236 μόνον
1332 3163 1410 3242 ἅπερ,
1433 3165 1471 3235 ὡς
1487 3165 1536 3223 δε-

243 3287 375 3364 δήλωται,
399 3286 512 3363 κατέχει
535 3283 579 3342 διὰ
601 3283 808 3364 χρυσοβοὺλλου
827 3289 877 3358 τῆς
893 3281 1036 3356 βασιλείας
1052 3303 1113 3360 μου,
1138 3281 1276 3342 ἀλλὰκαὶ
1291 3284 1342 3342 θσα
1358 3281 1535 3364 μεθ’ὑστερον

243 3408 359 3485 ἔφθασαν
381 3404 428 3464 καί
449 3406 649 3482 προσετέθησαν
673 3403 745 3482 αὑτῷ
769 3401 800 3476 ἐξ
816 3399 967 3484 ὰγσρασιῶν
987 3401 1033 3462 καί
1048 3401 1246 3484 προσενέξεων,
1263 3403 1386 3481 εὐλόγων
1410 3405 1534 3482 δηλονότι

242 3526 289 3586 καὶ
316 3525 426 3585 δικαίων
454 3524 500 3584 καὶ
528 3525 739 3604 εὑπροσδέκτων,
770 3524 817 3585 καὶ
845 3525 1053 3598 οὑδ’έπάὑτοῑς
1081 3526 1211 3607 εὑρίσκειν
1234 3525 1464 3587 καταδυναστείαν
1490 3528 1533 3588 καί

243 3647 349 3706 ἀδικίαν
372 3651 389 3721 ἡ
413 3647 586 3726 διενθχλησίν
609 3668 677 3728 τινα,
700 3645 760 3707 οὑτε
782 3647 856 3728 παρὰ
878 3655 932 3706 τῶν
955 3647 1026 3707 κατὰ
1048 3648 1157 3728 καιροὺς
1176 3648 1210 3708 τὰ
1224 3652 1270 3709 τοῦ
1286 3649 1532 3731 δημοσίουδιενερ-
1578 3707 1580 3716 ,

242 3771 371 3848 γοὺντων,
403 3766 464 3828 οὑτε
485 3769 549 3848 παρ’
559 3768 651 3849 ἑτέρου
678 3770 747 3840 τινὀς
770 3775 822 3828 τῶν
846 3770 979 3829 ἁπάντων.
1015 3767 1073 3828 ἐπεὶ
1097 3767 1127 3829 δὲ
1152 3767 1300 3851 ἐξῃτήσατο
1323 3769 1371 3844 τὴν
1395 3771 1533 3845 βασιλείαν

243 3911 295 3965 μου
317 3891 334 3965 ἡ
359 3889 514 3964 δηλωθεῑσα
535 3891 713 3972 περιπόθητος
736 3892 855 3970 θυγάτηρ
878 3891 960 3966 αὑτῆς
981 3891 1138 3968 ὑψηλοτάτη
1162 3892 1308 3971 κροίλαινα,
1332 3892 1375 3950 ἵνα
1391 3891 1532 3973 δισρίσηται

242 4013 260 4086 ἡ
284 4009 412 4084 βασιλεία
439 4033 490 4086 μου
517 4010 563 4071 καί
593 4011 659 4096 δοθῇ
686 4013 755 4093 πρδς
777 4014 807 4072 τδ
830 4010 974 4092 εἰρημένον
997 4014 1175 4092 μοναστηριον
1198 4011 1244 4073 καὶ
1267 4015 1297 4073 τδ
1319 4014 1435 4090 πλησίον
1459 4018 1532 4076 αὑτοῦ

244 4131 415 4208 διακείμενον
448 4132 568 4212 ἀγρίδιον
598 4135 628 4193 τδ
658 4134 837 4209 Μονδσπητον
867 4133 1049 4213 καλούμενον,
1085 4135 1152 4214 ὅπερ
1183 4137 1296 4212 κατεῖχε
1331 4139 1491 4215 στρατιώτης
1519 4139 1531 4196 δ

244 4255 381 4332 Μαρτῖνος
403 4251 450 4313 καὶ
474 4255 512 4314 ἔνι
534 4255 553 4328 η
575 4256 693 4331 ποσθιης
716 4256 794 4315 αὑτοῦ
818 4255 954 4333 ὑπέρπνρα
975 4254 1059 4315 είκοσι
1074 4257 1202 4336 τέσσαρσι,
1225 4256 1274 4330 τὴν
1290 4255 1329 4328 είς
1343 4261 1420 4317 τοῦτο
1436 4257 1530 4334 αἴτησιν

244 4374 327 4449 αὑτῆς
352 4373 561 4456 προσδεξαμένη
590 4377 607 4451 ἡ
632 4375 760 4449 βασιλεία
783 4397 844 4456 μου,
877 4376 1021 4457 διορίζεται
1045 4375 1090 4435 διὰ
1111 4381 1157 4436 τοῦ
1179 4379 1311 4456 παρόντος
1333 4378 1531 4458 χρυσοβοὺλλον

270 4495 329 4554 ὀυ
353 4497 436 4573 αὑτῆς
458 4498 622 4574 κατέχεσθαι
649 4495 696 4556 καί
717 4499 766 4572 τὴν
791 4497 819 4556 ἐν
843 4495 881 4575 τῷ
905 4496 1057 4572 δηλωθέντι
1080 4497 1195 4578 ἀγριδίῳ
1218 4501 1355 4572 ποσότητα
1377 4505 1430 4559 τῶν
1453 4500 1530 4562 είκοσι

334 4639 381 4677 των
404 4619 561 4700 ὑπερτέρων
575 4617 650 4699 παρὰ
665 4620 710 4678 τοὺ
727 4617 922 4698 διοιληφθέντος
934 4619 1112 4699 μσναστηρίοιι
1128 4619 1324 4700 ἀναφαιρέτως,
1346 4620 1530 4700 ἀνενσχλητιος
