3208 5310
1292 369 1333 434 25

56 565 141 621 όκυίεν
163 568 211 638 τῆς
229 563 311 641 ἁγίας
327 563 444 642 Μαίρας
458 563 489 622 τό
503 558 621 636 πλησίον
636 563 775 642 χωραρίου
789 567 835 624 τοῦ
851 565 977 639 Βατάτζη
992 562 1100 624 καὶτοῦ
1116 563 1333 643 Παρόιόπουλου,

54 685 132 756 καθώς
154 685 208 742 ἐστι
229 685 451 764 περιωριομένον,
475 683 570 760 μοδίου
592 684 645 759 ς”.
668 687 805 766 χωράριον
828 686 858 744 τό
879 685 997 760 πλησίον
1019 686 1157 764 χωραφίσυ
1178 685 1274 763 ίερέως
1288 689 1334 744 τοῦ

56 805 228 880 Θαυμαστιασί
248 805 297 866 καὶ
320 805 525 868 Κωνοτανιίνου
548 811 594 866 τοῦ
616 807 720 887 Νοτάρι
735 807 875 868 Νικολάου
898 807 994 882 μοδίου
1009 806 1061 881 ς”.
1086 809 1178 886 ἕτερον
1193 808 1334 886 χωροίριον

56 931 78 986 τό
97 928 205 1001 πλησίον
230 929 372 1009 χωραοίου
393 933 439 988 τοῦ
462 930 675 1009 Μαυροιωάννου
697 928 744 990 καί
767 934 813 988 τοῦ
836 931 922 1008 Βόρου
945 929 1040 1004 μοδίου
1062 927 1114 1003 ς”.
1144 930 1282 1008 χωράριον
1304 929 1335 986 τ“ο

56 1050 163 1108 κάτωθεν
184 1054 231 1124 ιης
253 1049 337 1127 ἁγίας
359 1049 478 1130 Εἰρήνης
501 1051 708 1127 τὸλεγόμενον
731 1055 784 1110 τῶν
809 1051 923 1128 Πύργων
946 1051 1041 1125 μοδίου
1065 1049 1101 1110 α’.
1133 1049 1266 1129 ἁρμάκιον
1288 1052 1334 1108 τοῦ

57 1171 186 1250 Δρόμωνος
207 1172 252 1232 σίιν
276 1177 326 1246 τῆς
348 1171 489 1250 βροίιλλας
511 1171 558 1232 καὶ
580 1175 627 1232 τοῦ
650 1171 730 1252 δρυός
751 1173 781 1232 τ“ο
797 1172 919 1232 κάτωθεν
935 1171 1073 1248 Σπληνίου
1089 1170 1183 1248 μοδίου
1196 1169 1248 1245 ς”.
1271 1191 1334 1248 χω-

58 1293 137 1370 ρόςιον
157 1297 200 1352 τοί
215 1293 343 1372 Σωτῆρος
364 1293 395 1352 τό
417 1293 536 1367 πλησίον
558 1293 697 1373 χωραοίου
718 1297 765 1352 τοῦ
780 1293 913 1368 Κακὰβου
936 1291 1038 1368 μοδίων
1054 1292 1090 1366 β’.
1115 1294 1207 1373 ἕτερον
1229 1293 1259 1350 τ“ο
1281 1291 1335 1352 λε-

58 1417 160 1488 γόμενον
184 1419 228 1474 τοῦ
252 1415 372 1494 Πτερέσυ
394 1416 424 1474 τό
447 1414 530 1488 μέσον
557 1414 683 1490 κείμενον
709 1413 847 1494 χωραρίου
870 1419 915 1474 τοῦ
939 1415 1028 1474 Πόίσυ
1049 1415 1258 1494 χαρτοφίιλακος
1281 1433 1335 1488 μο-

59 1533 105 1592 &tw
125 1535 171 1610 ς”.
195 1537 247 1607 ἕως
268 1535 408 1616 χωραφίου
429 1540 476 1596 τοῦ
499 1536 577 1616 ἁγίου
599 1535 740 1596 Νικολάου
766 1537 797 1594 τό
819 1536 935 1611 πλησίον
957 1541 1008 1611 τῆς
1030 1533 1133 1605 οἰκείοις
1149 1537 1268 1606 Λέοντος
1290 1539 1336 1596 τοῦ

61 1655 201 1716 ,Ἰανὲιοιίου
227 1657 324 1732 μοδίου
345 1657 399 1732 ς”.
431 1659 523 1738 ἕτερον
545 1659 683 1737 χωράφιον
706 1658 736 1718 τό
759 1657 812 1716 ἁπο
835 1657 946 1737 Μαρίας
968 1663 1018 1734 τῆς
1040 1659 1173 1738 θυγατρός
1195 1657 1336 1716 Λυκάττου

60 1783 96 1836 τοί
109 1778 216 1852 Ζυμίνσυ
237 1777 279 1851 είς
300 1779 349 1854 τὴν
371 1778 532 1840 τοποθεσίαν
554 1783 607 1838 τῶν
623 1778 826 1856 Κερβουλάτων
850 1777 896 1840 καί
919 1777 958 1850 είς
980 1780 1028 1852 τὴν
1051 1778 1206 1856 ίνπομάλην,
1224 1780 1274 1838 ὅσα
1289 1774 1336 1836 καὶ

62 1891 95 1956 :li
121 1899 179 1978 ἐστι,
207 1902 288 1980 ἁρχρι
309 1905 356 1962 τοῦ
379 1901 458 1982 όραυς
480 1901 635 1978 λεγομένου
658 1901 820 1979 Κένιαρχος
842 1902 857 1959 ό
880 1901 1002 1981 Φαγρίς.
1032 1901 1124 1980 ἕτερον
1146 1901 1283 1979 χωροίφιον
1305 1899 1336 1958 τό

62 2019 104 2078 ἀπο
118 2020 258 2083 θεοδοοίου
280 2025 327 2082 τοῦ
344 2023 518 2101 Περιστιανοῡ
541 2019 581 2094 είς
602 2024 650 2097 τὴν
672 2023 806 2104 περιοχὴν
829 2027 882 2082 τῶν
900 2022 1016 2102 Ἰλάρων
1038 2023 1069 2082 τ“ο
1091 2019 1138 2080 καί
1153 2019 1270 2097 πλησίον
1290 2024 1337 2080 τοῦ

61 2147 114 2201 ναοῦ
138 2147 181 2202 τοῦ
202 2143 280 2220 ἁγίου
303 2143 459 2224 Δημητρίου
482 2143 578 2219 μοδίσυ
602 2143 638 2204 α’.
670 2146 751 2224 ἕτεροι
777 2147 904 2224 χωροίρια
925 2145 960 2204 τὰ
983 2145 1041 2222 ἔχει
1063 2145 1081 2218 ὴ
1106 2145 1243 2222 ἁγιωτὰτη
1267 2142 1337 2218 μονὴ

61 2263 103 2322 iia
124 2265 235 2342 Μιχαὴλ
256 2266 397 2346 πατρικίου
420 2269 465 2326 τοῦ
488 2265 657 2346 Μοιροιίλλου
679 2261 716 2326 τά
735 2268 786 2326 ίιπο
808 2266 856 2341 πίγν
878 2267 999 2345 πλείιραν
1021 2269 1068 2326 τοῦ
1087 2260 1338 2326 Κωνοταντινιάδσυ

61 2385 88 2441 τί
102 2385 275 2464 ἐπιλεγόμενα
292 2435 299 2448 .
314 2433 321 2447 .
335 2433 343 2448 .
359 2387 393 2446 τὰ
414 2386 459 2446 δύο
474 2387 599 2466 λοιχίδηα
614 2387 660 2446 οίιν
675 2391 721 2448 τοῦ
737 2389 829 2467 ἑτέρου
844 2387 983 2468 χωραφίου
998 2392 1043 2447 τοῦ
1058 2386 1130 2446 κατὰ
1145 2385 1269 2466 κεφαλῆς
1284 2391 1338 2444 τῶν

62 2507 168 2566 τοισίιων
188 2508 344 2588 χωραρίων.
370 2510 463 2590 ἕτερον
484 2511 623 2589 χωράριον
645 2509 676 2568 τό
698 2508 814 2584 πλησίον
829 2506 877 2568 καὶ
893 2509 1024 2586 σύνεγγυς
1038 2509 1178 2588 χωραρίου
1192 2512 1239 2568 τοῦ
1254 2507 1338 2568 Χαλ-

62 2634 154 2701 ιομαιὰ
173 2627 217 2690 καί
238 2629 356 2706 πλησίον
378 2631 518 2710 χωραρίου
540 2631 667 2692 Ἰωάννου
689 2635 735 2690 τοῦ
755 2631 867 2711 Δρόσου,
891 2629 922 2690 τό
944 2635 990 2690 τοῦ
1014 2630 1164 2710 Ευστρὰιη,
1187 2631 1270 2690 πόσον
1292 2627 1340 2688 καί

64 2739 110 2806 οἷόν
129 2750 177 2810 έσιι
198 2753 370 2830 φαινόμενον,
394 2751 497 2826 μοδίων
519 2750 557 2822 ζ’.
586 2753 631 2812 σὺν
658 2753 767 2824 τούτους
793 2749 840 2810 καί
868 2749 1015 2828 ἐξὰμπελα
1039 2752 1067 2812 ἐν
1089 2757 1123 2832 τῇ
1145 2756 1263 2832 περιοχῇ
1285 2756 1339 2810 τῶν

64 2869 156 2940 Βατζῶν
177 2872 271 2946 μσδίου
295 2871 332 2934 α’.
363 2873 398 2932 τὰ
419 2873 536 2948 πλησίον
560 2873 624 2932 ὄντα
646 2871 785 2953 χωραμίου
806 2878 853 2933 τοῦ
875 2873 1084 2948 Χαμοκελλίου.
1115 2875 1206 2952 ἕτερον
1230 2870 1269 2945 είς
1291 2872 1339 2946 πἠν

63 2993 174 3070 περιοχὴν
194 2999 240 3054 τοῦ
263 2994 398 3054 Φιλανίου
421 2996 450 3054 τό
473 2993 627 3074 λεγόμενον
651 2995 681 3054 τό
704 2995 916 3074 Παλαιοπίιργον
938 2997 969 3054 τό
990 2994 1108 3068 πλησίον
1131 2993 1270 3072 χωραρίου
1293 3000 1339 3054 τοῦ

65 3113 182 3189 έρεπάνου
203 3113 306 3190 μσδίων
329 3114 355 3190 β’
368 3115 419 3190 ς”.
445 3117 473 3176 έν
495 3123 529 3198 τῇ
552 3115 689 3199 οίκοθεαίᾳ
710 3120 757 3176 τοῦ
779 3119 905 3196 κάοτρου,
929 3118 958 3176 έν
981 3111 1066 3195 ᾧκαὶ
1081 3117 1096 3176 ό
1111 3117 1184 3188 θεῖος
1198 3113 1245 3175 καί
1261 3117 1340 3192 ἅγιος

67 3236 118 3304 ναός
131 3235 226 3298 ἵσταται
241 3243 291 3312 τῆς
306 3239 474 3318 θεομητορος
484 3236 532 3298 καί
543 3235 588 3322 (ἡ)
604 3239 741 3317 ἁγιωτὰτη
755 3237 886 3312 έπισκαπίγ
901 3285 906 3298 .
921 3283 927 3298 .
943 3283 949 3296 .
964 3237 1017 3296 ἀπὸ
1028 3243 1078 3312 τῆς
1090 3237 1202 3315 Κόγχου
1212 3237 1261 3314 τὴν
1273 3238 1340 3318 προς

18 3435 19 3440 ¹
67 3355 161 3433 βορρέαν
189 3357 235 3418 καί
265 3359 317 3420 ἁπό
347 3366 394 3420 τοῦ
416 3360 574 3438 Σαβερὰτου
602 3359 650 3418 καί
680 3359 824 3439 ἀνέρχεται
852 3359 905 3420 άπό
932 3359 980 3434 ιὴν
1004 3359 1184 3440 διερχομένην
1208 3357 1340 3434 ὁδὀνικαί

67 3474 183 3550 ίιαβαίνει
210 3480 263 3540 ἀπό
288 3481 338 3554 τὴν
365 3479 488 3540 παλαιὰν
515 3481 622 3540 κέλλαν
649 3485 699 3555 ιής
721 3481 838 3559 Κόγχης
860 3479 907 3540 καί
930 3480 984 3540 ἀπό
1005 3486 1055 3556 τῆς
1077 3480 1172 3551 συκίοις
1194 3479 1241 3540 καί
1265 3481 1341 3561 διέρ-

66 3617 140 3672 χονται
166 3601 217 3660 ἁπό
244 3606 304 3673 ταῖς
331 3601 517 3680 ἁμυγδαλίαις
544 3601 591 3664 καὶ
620 3603 723 3662 ἄνωθεν
750 3610 804 3662 τῶν
834 3602 995 3680 χαλεπίδων
1017 3609 1067 3680 τῆς
1090 3603 1245 3681 ἁγιωτάτης
1279 3601 1339 3662 ἐπι-

68 3727 148 3798 τιπῆς
169 3725 222 3794 ἕως
244 3727 290 3782 τοῦ
311 3723 423 3804 πύργου,
446 3725 539 3796 καθώς
562 3725 617 3784 ἐστι
640 3726 655 3782 ὁ
677 3728 796 3796 τοιοῦτος
818 3727 1003 3804 περιοριομός,
1028 3726 1078 3782 ὅσα
1100 3721 1148 3784 καί
1170 3717 1215 3784 οἶοί
1238 3724 1318 3784 ἐστιν.

148 3844 287 3916 Ὦσαίτως
312 3843 359 3904 καί
385 3845 420 3903 τὰ
448 3845 476 3905 ἐν
503 3851 536 3926 τῇ
563 3851 680 3926 περιοχῇ
707 3835 757 3919 τῆς
780 3844 883 3918 Θυσίας
904 3846 989 3922 ἤγουν
1012 3851 1061 3921 τῆς
1085 3853 1171 3926 μονῆς
1192 3851 1239 3908 τοῦ
1262 3845 1341 3926 ἁγίου

69 3959 183 4025 ,Ἰαολάου
211 3965 259 4026 καὶ
288 3972 338 4042 τῆς
368 3967 517 4042 ἐπισκοπῆς
546 3966 708 4045 ἡκαθέδρα
735 3971 781 4026 τοῦ
803 3966 881 4044 ἁγίου
905 3967 1046 4028 Νικολάου
1069 3966 1123 4026 ἀπὸ
1145 3965 1190 4023 τόν
1214 3960 1340 4039 αἰγιαλόν

69 4081 102 4140 ιιί
124 4088 150 4146 τό
177 4087 281 4166 καμίνι,
312 4088 406 4156 καθὼς
432 4088 592 4167 άνέρχοντοιι
616 4090 698 4169 μέχρι
720 4091 767 4147 τοῦ
790 4089 925 4164 σπηλαίου
947 4087 994 4148 καὶ
1016 4094 1066 4164 τῆς
1089 4087 1217 4164 μεγάλης
1239 4087 1342 4164 πέτρας

68 4202 102 4262 ιιί
119 4207 240 4286 σίνεγγυς
261 4208 402 4288 χωραρίου
423 4212 469 4268 τοῦ
485 4210 614 4285 Ἀμπελὰ
636 4207 682 4268 καί
705 4213 751 4268 τοῦ
767 4210 896 4270 Γαϊτανοῡ
919 4208 966 4270 καί
988 4213 1033 4268 τοῦ
1054 4209 1136 4268 Κάπο
1153 4206 1279 4266 Ἰωάννου
1295 4205 1342 4266 καὶ

69 4328 220 4406 ιατέσχονται
251 4331 336 4409 μέχρι
362 4329 513 4410 θαλάσσης,
537 4331 588 4390 ὅσα
615 4329 661 4390 καὶ
684 4323 728 4390 οίὰ
752 4328 827 4410 εἰσιν,
852 4331 897 4389 σὺν
919 4329 966 4390 καί
988 4329 1123 4390 παντοίων
1146 4329 1266 4409 δένδρων
1289 4333 1342 4388 τῶν

71 4445 136 4509 ἐπείτε
156 4451 315 4528 ίσταμένων.
341 4453 433 4532 ἕτερον
455 4456 502 4512 τοῦ
525 4450 602 4530 ἁγίου
621 4452 795 4532 Παγκρατίου
818 4453 848 4510 τό
870 4451 987 4527 πλησίον
1009 4449 1056 4510 καί
1080 4451 1210 4528 σύνεγγυς
1225 4455 1271 4510 τοῦ
1285 4471 1342 4510 πα-

70 4565 127 4630 λαιοῦ
152 4575 252 4654 χωρίου
283 4572 380 4648 μοδίου
401 4573 452 4648 ς”.
486 4576 578 4652 ἕτερον
608 4571 648 4644 είς
670 4576 715 4632 τόν
740 4575 817 4632 αὐτόν
840 4576 921 4631 τόπον
943 4575 974 4631 τό
996 4569 1112 4648 πλησίον
1137 4572 1275 4651 χωραφίου
1296 4577 1342 4630 τοῦ

70 4687 128 4751 Κίπο
148 4695 275 4754 Ἰωάννου
303 4693 406 4770 μοδίων
430 4694 466 4770 β’.
497 4697 635 4775 χωροίιριον
662 4696 692 4752 τό
716 4695 872 4770 Σκιαγκηόν
900 4695 930 4752 τό
952 4691 1069 4768 πλησίον
1093 4693 1274 4774 άγραμπέλου
1296 4696 1342 4750 τοῦ
