3486 5282
323 367 387 434 252

323 563 420 644 ἀρτίως
443 565 618 644 ανεγερθεῖσα
642 565 675 624 ἐκ
696 565 805 646 βάθρων
828 567 914 625 αὐτῶν
937 567 1011 646 παρὰ
1032 571 1079 626 τοῦ
1098 569 1295 646 προειρημένου
1312 569 1443 646 ἄρχοντος
1459 565 1621 644 Φιλοσόφου

323 691 368 746 τοῦ
383 691 620 768 πρωτασηκρητου,
637 688 788 766 εὑρίσκηται
804 691 862 762 ἅμα
877 691 932 760 τοῖς
949 690 1086 766 μετοχίοις
1103 689 1185 765 αντ-λς
1201 691 1239 759 ώς
1258 687 1301 748 ἐπὶ
1317 688 1506 768 σταυροπηγίῳ
1520 708 1620 766 πατρι-

323 807 428 888 αρχικῷ
444 810 698 890 ἀνοικοδομηθεῖσσ,
715 812 764 870 όπδ
779 811 824 870 τόν
838 811 909 870 κατὰ
924 811 1034 890 καιροὺς
1049 809 1234 886 οἰκουμενικδν
1248 813 1428 890 πατριάρχην,
1444 807 1491 869 καὶ
1507 829 1620 885 μνημο-

322 933 385 1014 νείη
407 936 453 992 τοῦ
476 932 607 1008 όνόμστσς
630 933 719 1011 αὑτοῦ,
743 935 812 992 ὥστε
835 935 904 1008 μήτε
928 932 1022 993 ἄδειαν
1045 934 1119 1011 ἔχειν
1141 935 1188 992 τὀν
1202 933 1274 992 κατὰ
1289 932 1397 1013 καιροὺς
1414 932 1622 1012 μητροπολῖτην

326 1053 457 1114 ΙἸαλαιιῖιν
482 1054 595 1134 Πατρῶν
625 1057 643 1128 ἠ
673 1056 718 1114 τόν
746 1054 890 1116 ἐπίσκοπον
914 1054 993 1115 αὐτοῦ
1015 1053 1247 1134 Λακεδαιμονίας,
1278 1057 1348 1130 μήτε
1371 1055 1463 1134 ἔτερόν
1484 1073 1542 1113 τινα
1566 1059 1623 1112 τῶν

324 1175 352 1236 ἐν
375 1180 409 1255 τῇ
433 1174 635 1254 Πελοποννήσῳ
659 1179 865 1254 μητροπολιτῶν
889 1177 949 1252 μετ’
962 1174 1086 1251 ἐξουσίας
1110 1175 1178 1248 ἰδίοις
1201 1175 1247 1238 καὶ
1271 1176 1426 1247 αὐθεντείας
1447 1174 1622 1256 είσὲρχεσθαι

324 1297 353 1356 ἐν
376 1299 452 1378 αὐτῇ,
477 1295 610 1376 ίερατικόν
632 1318 657 1357 τι
680 1296 878 1379 διαπράξασθαι
899 1303 918 1372 ἢ
942 1298 1053 1358 ἀπατεῖν
1075 1299 1106 1360 τό
1129 1298 1242 1359 σύνολον
1265 1299 1312 1360 ἀπ’
1324 1299 1417 1378 αδτῆς,
1448 1297 1525 1358 ἀλλὰ
1545 1299 1622 1358 καθ-

323 1416 396 1490 άπαξ
431 1417 598 1498 εὑρίσκεσθαι
632 1419 695 1491 τους
730 1421 863 1498 τοιοιίτους
898 1420 1133 1499 ἐκκωλυομένους,
1170 1420 1326 1499 ὀφείλοντος
1360 1421 1443 1494 μόνου
1472 1423 1517 1480 τοῦ
1546 1419 1622 1480 κατὰ

324 1539 431 1619 καιροὺς
457 1546 652 1621 πατριαρχικοῠ
680 1539 798 1622 ἑξοίρχου
824 1541 923 1622 κρίνειν
949 1541 996 1602 καὶ
1025 1545 1138 1624 θεωρεῖν
1164 1549 1253 1603 πᾶσαν
1276 1543 1333 1618 ἐμπ
1342 1562 1460 1602 πτσυσαν
1483 1541 1621 1618 ἐκκλησι-

325 1664 435 1737 αοτικὴν
462 1663 583 1722 ὑπόθεσιν
605 1660 652 1724 καὶ
675 1663 795 1742 διορθοῦν
816 1667 901 1724 ταῦτα
922 1671 1074 1736 κανονικιῖις
1095 1662 1142 1724 καί
1165 1662 1288 1741 νομίμως
1317 1662 1364 1723 καὶ
1387 1665 1425 1736 ὡς
1447 1663 1525 1743 φίλον
1552 1664 1621 1744 θεῷ.

324 1785 349 1845 οἱ
372 1785 402 1846 δὲ
426 1786 516 1846 ἐκεῖσε
538 1786 659 1860 συνήθως
682 1787 865 1866 εὑρισκόμενοι
884 1771 1040 1863 ψαλλοντες
1061 1785 1143 1866 ἱερεῖς
1162 1787 1302 1866 ὑπάρχωσι
1317 1783 1364 1845 καὶ
1380 1778 1453 1846 οὗτοι
1467 1788 1505 1858 ὡς
1520 1807 1620 1865 πατρι-

325 1907 433 1986 αρχικοί
460 1908 599 1988 ἐλεύθεροι
625 1906 672 1969 καί
703 1907 934 1988 ἀκαταδοίιλωτοι,
968 1909 1005 1968 ἔτι
1033 1907 1064 1968 δὲ
1092 1908 1139 1968 καὶ
1167 1909 1343 1983 ἁναταίτητοι
1372 1907 1419 1968 καὶ
1449 1905 1621 1980 ἀνεξέταστοι

323 2031 374 2090 ίιπδ
403 2033 510 2091 πάντων
540 2036 593 2090 τῶν
625 2030 653 2090 ἑν
677 2025 733 2116 [τῇ]
756 2030 959 2110 Πελοποννήσῳ
991 2031 1208 2110 μητροπολιτῶν,
1239 2030 1385 2106 Ιὀπόκηνται
1415 2031 1447 2091 δὲ
1470 2031 1551 2104 μόνον
1575 2029 1621 2090 καὶ

325 2151 398 2212 αῐιτσὶ
424 2158 458 2233 τῇ
480 2153 559 2226 ἡμῶν
587 2154 740 2232 μετριότητι
762 2151 869 2230 καὶτῷ
891 2153 962 2212 κατὰ
984 2153 1094 2232 καιροὺς
1115 2155 1270 2234 πατριάρχῃ
1292 2151 1340 2212 καί
1361 2151 1547 2234 πατριαρχινιῷ
1573 2153 1620 2226 ἐξ·

325 2278 414 2355 οίρχῳ,
438 2271 485 2334 καὶ
507 2276 571 2354 παρ’
584 2276 663 2334 αὺτοῦ
687 2273 879 2355 ἀνακρίνωνται
902 2273 949 2334 καὶ
973 2271 1151 2347 ἐξετέζωνται
1173 2274 1297 2350 νομίμως
1315 2274 1362 2334 καὶ
1377 2281 1537 2346 κανονινιῖνς.
1573 2277 1621 2350 τὴν

325 2397 355 2456 δὲ
379 2395 534 2472 οἰκονομίαν
556 2395 603 2456 καί
626 2396 757 2473 διοίκησιν
779 2399 886 2457 πάντων
909 2393 974 2482 [τῶν
989 2392 1147 2482 κτημάτων]
1162 2403 1211 2474 τῆς
1224 2397 1348 2473 τοιαύτης
1363 2403 1451 2472 μονῆς
1467 2398 1520 2479 ἔχῃ
1535 2398 1619 2472 μόνος

324 2521 339 2578 ό
362 2518 432 2578 κατὰ
458 2519 568 2598 καιροὺς
589 2519 753 2597 ἡγούμενος,
785 2519 856 2590 όστις
878 2517 925 2578 καὶ
949 2517 1052 2597 ὀφείλει
1075 2519 1240 2596 ἐκλέγεσθαι
1263 2518 1295 2579 ἐκ
1318 2520 1402 2594 μέσον
1424 2524 1473 2594 τῆς
1495 2517 1618 2595 ἀδελφέ·
1666 2537 1667 2625 φ

324 2663 405 2715 τητσς
427 2639 473 2701 καί
497 2639 725 2702 ἀποκαθίστασθαι
746 2639 784 2711 εἰς
800 2641 849 2716 τὴν
863 2641 1039 2720 ἠγουμενίαν.
1070 2641 1138 2720 πρός
1152 2641 1255 2713 τούτοις
1271 2639 1311 2720 δέ,
1335 2641 1380 2700 ὅτε
1395 2639 1477 2720 χρεία
1491 2661 1618 2720 χειροτο-

325 2763 383 2834 νίας
412 2765 557 2840 γενήσετοιι
586 2763 685 2840 αυτοῖς,
716 2763 925 2842 προσκαλῶνται
949 2765 998 2822 ένα
1019 2761 1078 2822 τινόι
1099 2768 1153 2822 τῶν
1176 2761 1337 2842 ἀρχιερέων,
1368 2763 1398 2821 όν
1422 2765 1453 2820 ἂν
1478 2761 1618 2840 ἐθέλωσιν,

325 2885 478 2966 οφραγίζειν
505 2882 552 2946 καί
580 2887 744 2965 χειροτονεῖν
775 2880 951 2962 ἀναγνώστας
980 2881 1027 2944 καὶ
1057 2882 1250 2956 ὑποδιακόνους
1279 2882 1326 2942 καὶ
1356 2883 1550 2964 πρεσβυτέρους
1573 2883 1619 2942 καί

326 3011 413 3068 πάντα
443 3006 476 3066 τὰ
508 3006 684 3087 ἀρχιερατικὰ
716 3006 839 3066 ἐκτελεῖν
869 3004 955 3086 χωρίς
985 3011 1034 3082 τῆς
1063 3009 1110 3066 τοῦ
1133 3005 1205 3086 ἱεροῦ
1228 3006 1368 3085 ουνθρόνου
1392 3005 1618 3084 ἑγκαθιδριίσεως,

325 3130 446 3205 μηδενός
469 3129 672 3204 ἐναντιουμένου
693 3126 755 3208 περὶ
776 3129 869 3190 τούτου
891 3132 909 3203 ἡ
933 3128 1121 3207 ἀντιλέγοντος
1145 3129 1173 3188 ἐν
1198 3127 1280 3209 ἀργίᾳ
1301 3125 1349 3186 καὶ
1371 3125 1520 3207 ἀφορισμῷ.
1558 3128 1618 3185 ὅθεν

325 3250 372 3312 καί
395 3251 435 3324 εἰς
461 3253 509 3326 τὴν
536 3249 598 3332 περὶ
625 3251 718 3312 τούτου
747 3249 867 3326 δήλωσιν
894 3248 941 3312 καί
964 3250 1117 3330 ἀσφάλειαν
1142 3250 1251 3327 ἐγένετο
1273 3249 1320 3310 καί
1341 3251 1372 3310 τ“ο
1393 3251 1480 3330 παρόν
1502 3249 1617 3328 σιηγιλι-

325 3373 398 3446 ῶδες
420 3369 552 3454 γράμμα,
569 3371 616 3432 καί
639 3372 756 3447 ἐπεδόθη
771 3378 805 3454 τῇ
822 3373 1007 3456 διειλειφθείσῃ
1024 3379 1094 3454 μονῇ
1114 3377 1164 3454 τῇς
1180 3371 1322 3452 Ιίαναγίας
1338 3391 1389 3446 μου
1403 3375 1451 3434 τοῦ
1466 3369 1618 3448 Φιλοσόφου

325 3501 358 3575 τῇ
381 3501 565 3576 πατριαρχικῇ
590 3493 637 3554 καί
660 3501 881 3576 σταυροπηγιακῇ
904 3502 931 3566 †.

430 3649 446 3718 †
470 3643 522 3702 Ἐν
547 3645 613 3702 ἔτει
638 3641 746 3724 ,ςυοβ’
771 3641 851 3718 μηνὶ
875 3644 1045 3721 αυγσύστῳ
1068 3641 1126 3701 ίνδ.
1150 3639 1172 3702 θ’
1196 3647 1223 3718 †.

430 3771 446 3840 †
472 3765 694 3844 Πολύευκτος,
726 3764 813 3844 ἐλέῳ
835 3765 912 3824 θεοῦ
934 3764 1199 3844 ἀρχιεπίσκσπας
1222 3761 1616 3836 Κωνοταντινουπόλεως,

326 3888 416 3958 Νέας
438 3882 579 3965 Ῥώμης,
603 3885 658 3946 καὶ
682 3883 917 3961 οίκσυμενικδς
938 3887 1147 3965 πατριάρχης
1170 3891 1196 3959 †.

429 4013 445 4084 †
470 4005 521 4066 Ἐν
546 4009 612 4068 ἔτει
637 4005 739 4090 Ιζρλβ’
763 4006 873 4084 ίουνίῳ
897 4004 974 4084 μηνί
997 4005 1055 4067 ίνδ.
1080 4005 1102 4077 ζ’
1127 4012 1153 4082 †.

429 4135 440 4206 1
480 4129 659 4210 Κὺριλλος,
695 4129 782 4210 ἐλέῳ
816 4130 892 4189 θεοῦ
927 4125 1192 4210 ἀρχιεπίσκοπος
1228 4127 1613 4192 Κωνσεαντινουπόλεως.

327 4253 415 4325 Νέας
439 4254 580 4333 Ῥώμης,
603 4250 660 4312 καὶ
683 4249 919 4328 σίκουμενικδς
941 4254 1154 4332 πατριάρχης
1176 4255 1203 4326 ρ.

431 4409 539 4462 Primus
556 4409 639 4462 σιίίιίίό
655 4407 816 4474 Euthymios
832 4407 994 4460 Ιιάοίοτσίισο
1011 4408 1038 4460 in
1053 4407 1137 4460 ίιῖιτσι
1160 4397 1227 4480 Περί
1242 4407 1292 4476 τῆς
1308 4399 1337 4458 ἐν
1349 4401 1516 4478 Δημητσοίνη
1532 4393 1612 4464 ἑλλη-

329 4619 420 4672 1847,
439 4618 541 4670 Iterum
557 4617 664 4670 Ludov.
683 4617 753 4670 Roas
770 4617 797 4669 ιἰι
813 4615 1032 4688 σμίισωωίιίίίιυε,
1050 4615 1147 4688 quibus
1164 4613 1274 4668 ίίιιιίιισο
1298 4613 1454 4678 ςΗσίίίοσίιε
1472 4613 1612 4666 Ῑιίίσταίυτ·

324 4723 460 4794 gaimus,
481 4725 571 4780 1849.
591 4722 614 4776 Ι.
627 4739 659 4793 ρ).
680 4725 751 4780 811.
