3222 5284
215 349 280 415 320

215 544 295 618 τιμὴν
318 541 504 624 ἀπολαμβάνη
527 540 653 613 δεόντως.
685 541 747 600 όθεν
769 540 817 601 καί
840 542 934 616 μισθός
957 540 1028 618 αὐτῷ
1050 540 1155 600 πλείων
1177 545 1231 599 τῶν
1247 539 1344 598 σίλλων
1359 537 1416 597 νυνί
1434 539 1522 597 τετό-

215 684 313 743 πωται,
343 661 390 722 καὶ
415 663 489 722 ἐσται
518 663 673 738 νομίσματα
703 662 773 722 δέκα
802 665 820 736 ή
844 661 942 720 ἀννόνα
964 662 1036 722 σίτου
1069 661 1158 735 μόδιοι
1181 659 1231 735 λς’
1263 658 1311 719 καί
1333 659 1403 719 οἴνου
1429 660 1528 739 μέτρα

216 788 368 866 τριοίκοντα,
391 785 426 844 τά
448 785 480 844 δὲ
502 784 587 845 λοιπὰ
610 785 725 860 μένωσιν
750 781 794 844 ἐπὶ
815 789 865 858 τῆς
886 785 1087 862 προειρημένης
1109 781 1217 854 τάξεως
1234 781 1261 840 ἑν
1277 779 1315 859 τῷ
1336 781 1526 861 προλαβόντι.

215 907 254 986 τῷ
277 907 309 966 δέ
331 908 529 986 καθηγουμένῳ
551 910 597 965 τοῦ
617 905 754 983 Στουδίου,
778 904 869 964 είποτε
893 907 945 983 ἀρα
968 904 1191 984 προχειρίσασθαι
1209 903 1294 982 τούτῳ
1312 904 1420 980 γένοιτο
1444 903 1526 961 καθ-

215 1029 369 1107 ηγούμενον
391 1033 425 1108 τῆ
448 1033 519 1110 μονῆ
543 1031 588 1088 τοῦ
603 1024 821 1107 πτωχοτροφείου
837 1031 883 1085 τοῦ
899 1013 1138 1105 Πανοικτίρμονος,
1162 1026 1369 1105 παρερχομένου
1385 1023 1458 1094 ἴσως
1474 1027 1527 1082 τοῦ

215 1152 313 1229 γένους
336 1170 397 1229 μου,
422 1147 501 1231 (ὅπερ
524 1145 703 1230 ἀπεύχομαι),
726 1147 771 1206 ἵνα
792 1148 947 1227 παρέχηται
971 1146 1087 1224 εὐλογία
1108 1145 1262 1222 νομίσματα
1276 1145 1338 1226 τρία
1352 1146 1418 1224 ὑπὲρ
1438 1144 1526 1220 &gw-

216 1271 272 1331 νίου
296 1273 384 1330 αὐτοῦ.
424 1273 547 1348 μοναχσύ
570 1270 602 1330 δέ
623 1275 673 1344 τῆς
694 1269 820 1343 τοιαύτης
843 1273 929 1343 μονῆς
948 1269 1016 1348 πρδς
1033 1268 1125 1347 κύριον
1146 1267 1339 1346 ἑκδημοῦντος,
1362 1267 1405 1326 ἵνα
1418 1287 1526 1346 παρα-

217 1395 287 1474 μένῃ
310 1394 325 1451 δ
347 1393 439 1452 τούτου
466 1391 598 1470 ὑπουργὸς
621 1387 661 1462 εἰς
682 1391 713 1449 τό
738 1392 956 1470 πτωχοτροφείον
979 1387 1023 1448 ἐπὶ
1050 1389 1157 1469 ήμέρας
1180 1389 1383 1468 τεσσαράκοντα
1403 1385 1454 1446 καί
1479 1389 1526 1462 μὴ

217 1513 397 1588 ἐκδιώκηται·
422 1510 446 1572 εί
469 1513 501 1572 δὲ
523 1513 620 1592 εὑρεθῆ
643 1515 761 1592 χρηστοῦ
785 1510 842 1586 βίου
864 1509 912 1570 καί
935 1510 1101 1589 ὑπολήψεως
1123 1511 1241 1588 ἀγαθῆς,
1264 1510 1309 1568 ἵνα
1324 1513 1524 1587 συνεισάγηται

217 1637 246 1695 ἐν
269 1638 325 1706 τοῖς
352 1633 572 1714 διατρεφομένοις
598 1633 660 1693 καθ’
674 1633 790 1707 ἑκάστην
812 1629 844 1704 ’ἐξ
867 1631 997 1710 ἀδελφοῖς
1026 1631 1192 1712 ἀναπληρῶν
1215 1633 1261 1690 τδν
1284 1633 1362 1690 ἕκτον
1385 1632 1523 1710 ἀριθμόν·

218 1755 242 1815 εί
265 1755 297 1815 δέ
319 1760 396 1816 τοῦτο
419 1756 458 1832 μὴ
482 1755 624 1834 βούληται,
652 1755 696 1814 ἵνα
718 1751 846 1831 τάσσηται
871 1752 909 1824 εἰς
932 1754 966 1813 τὰ
990 1753 1025 1830 ιη’
1047 1755 1178 1834 πρόσωπα
1200 1753 1234 1812 τά
1256 1755 1412 1814 κοπωθέντα
1433 1754 1523 1829 λαμ-

217 1878 310 1953 βάνειν
339 1880 420 1956 σῖτον,
451 1875 497 1936 καὶ
527 1875 660 1958 λαμβάνη
690 1874 760 1935 σίτου
792 1874 904 1950 μοδίους
934 1873 1044 1936 διύδεκα
1068 1874 1222 1944 ἀννονικούς
1245 1875 1369 1951 ἐτησίως.
1415 1873 1463 1933 ἐπὶ
1490 1875 1523 1934 δὲ

216 1999 319 2071 τούτοις
340 2004 404 2059 πᾶσι
426 1996 473 2058 καί
495 2001 571 2058 τοῦτο
595 1995 756 2077 διορίζομαι,
779 1996 824 2056 ἵνα
846 1995 873 2055 εί
892 2017 932 2066 τις
954 1995 1021 2056 ποτέ
1042 1994 1105 2076 περί
1128 1997 1321 2066 καταστάσεως
1340 1999 1386 2055 τοῦ
1401 2016 1522 2073 πτωχο-

216 2121 338 2201 τροφείου
362 2141 413 2195 μου
434 2123 453 2194 ή
477 2114 657 2200 μοναυτηρίου
678 2121 697 2191 ή
721 2118 845 2197 ἐφορείας
865 2121 884 2191 ῆ
909 2117 1071 2192 διοικήσεως
1090 2137 1163 2188 τινος
1177 2119 1287 2204 ζήτησίν
1304 2138 1362 2177 τινα
1378 2116 1523 2194 ἐπαγάγοι

217 2239 264 2302 καὶ
285 2241 495 2321 παρασαλεύσαί
515 2262 540 2300 τι
563 2242 677 2323 πειραθῄ
701 2239 810 2314 ἀσεβῶς
830 2245 884 2299 τῶν
905 2241 969 2318 παρ’
984 2240 1051 2314 ἐμοῦ
1067 2240 1297 2318 διατεταγμένων,
1321 2238 1448 2307 ὑπόδικος
1467 2239 1522 2313 μὲν

216 2361 236 2446 ᾖ
258 2365 273 2422 δ
294 2367 413 2436 τοιοῦτος
434 2361 481 2422 καὶ
504 2361 542 2440 τῷ
566 2361 666 2441 αἰωνίῳ
688 2361 749 2442 πυρὶ
764 2361 810 2422 καί
824 2364 884 2433 ταῖς
899 2361 1128 2441 φρικωδεστάταις
1144 2362 1232 2440 ἀραῖς,
1257 2359 1356 2437 μηδείς
1372 2359 1402 2420 δὲ
1419 2363 1520 2439 ἕτερος

218 2486 349 2566 ἀκροᾶται
372 2490 424 2544 τῶν
446 2486 510 2566 παρ’
523 2484 603 2544 αὐτοῦ
633 2483 870 2562 ἀδολεσχημοίτων
900 2481 947 2542 καὶ
970 2483 1102 2564 ὀλεθρίων
1125 2482 1171 2544 καὶ
1194 2487 1346 2542 σατανικῶν
1371 2483 1517 2561 ἐπιχειρη-

219 2608 321 2684 μάτων,
345 2604 368 2665 εἰ
392 2605 430 2681 μὴ
453 2607 468 2663 ό
492 2606 526 2665 ἐκ
546 2611 596 2680 τῆς
617 2610 663 2665 τοῦ
686 2607 748 2664 θεοῦ
770 2605 966 2685 προχειρίσεως
989 2605 1109 2679 εὐσεβῶς
1132 2609 1184 2662 τῶν
1210 2603 1357 2683 ῥωμαϊκῶν
1374 2602 1517 2678 ἐπειλημ-

219 2730 301 2804 μένος
323 2729 465 2806 σκήπτρων
488 2727 627 2798 θειότατος
650 2726 790 2807 βασιλεύς,
814 2728 852 2797 ῶς
874 2730 906 2786 ἀν
930 2726 959 2786 ἐν
982 2724 1055 2806 χειρί
1077 2727 1139 2786 θεοῦ
1162 2726 1210 2800 τήν
1233 2725 1349 2806 καρδίαν
1373 2725 1447 2802 ἔχων
1467 2725 1517 2784 καί

219 2851 353 2921 ἐκλεκτός
384 2851 462 2908 αὐτοῦ
492 2849 558 2929 ὑπὲρ
589 2850 710 2920 ἅπαντας
738 2849 888 2926 καθεστῶς,
920 2847 1042 2930 ἀποσοβῆ
1074 2847 1124 2923 μὲν
1148 2846 1271 2926 σφοδρῶς
1292 2845 1340 2906 καὶ
1361 2848 1407 2906 τόν
1429 2846 1517 2906 λύκον

217 2975 308 3032 τοῦτον
331 2969 379 3030 καί
400 2972 518 3050 πονηρόν
542 2970 659 3046 διώκτην
678 2967 725 3029 καὶ
740 2969 869 3049 φλύαρον,
892 2966 938 3027 καὶ
955 2963 1080 3048 συντρίβη
1096 2969 1143 3042 τὴν
1160 2967 1351 3046 ἀπηχεστάτην
1367 2967 1516 3049 θηριωδίαν

219 3095 307 3172 αὐτοῦ,
331 3094 444 3175 διατηρῇ
468 3092 493 3151 δ’
523 3087 702 3167 ἀδιαλῶβητα
724 3091 758 3150 τό
780 3095 829 3166 τῆς
851 3091 990 3168 ήμετέρας
1014 3090 1140 3161 εὐτελοῦς
1163 3089 1296 3169 διαταγῆς
1318 3087 1364 3148 καὶ
1388 3091 1437 3164 τὴν
1459 3095 1515 3148 τῶν

218 3213 374 3290 σεβασμίων
396 3215 496 3274 τούτων
519 3213 600 3292 οἴκων
624 3213 764 3293 εὐετηρίαν
788 3213 818 3282 ἐς
839 3212 869 3270 τύ
894 3211 946 3288 ἀεί,
970 3213 1008 3280 ῶς
1031 3211 1145 3285 εὐσεβὴς
1166 3209 1214 3270 καί
1230 3211 1419 3290 φιλόχριστος·
1443 3210 1517 3288 αὐτῷ

218 3336 272 3416 γάρ
298 3338 395 3415 πρέπει
422 3335 472 3406 τὰς
497 3341 550 3394 τῶν
580 3336 718 3414 κτητόρων
748 3333 885 3413 περιέπειν
917 3331 1062 3406 βουλήσεις
1092 3329 1139 3391 καί
1167 3331 1202 3390 τά
1231 3331 1367 3406 σεβάσμιοι
1397 3333 1518 3392 ἐκδικεῖν

218 3455 265 3518 καί
287 3452 321 3516 τὰ
344 3457 387 3517 ἐπ’
401 3457 488 3526 αὐτοῖς
515 3455 650 3534 γεγονότα
673 3454 789 3530 θεοσεβῆ
812 3453 1016 3532 χρυσσβούλλια
1039 3455 1161 3530 συνέχειν
1184 3449 1231 3512 καί
1254 3455 1392 3532 συντηρεῖν
1417 3450 1516 3531 ἀνεφύ-

219 3579 323 3659 βριστα,
346 3578 386 3636 ότι
401 3573 447 3636 καί
463 3577 643 3653 καθημερινόν
666 3577 803 3654 τρισοίγιον
819 3573 884 3654 ὐσέρ
899 3581 953 3634 τῶν
969 3575 1114 3634 θειοτάτων
1130 3574 1268 3650 βασιλέων
1284 3573 1398 3653 γίνεται,
1424 3575 1519 3646 καθὼς

220 3699 249 3758 ἐν
272 3697 310 3777 τῷ
333 3695 434 3776 πιπικῷ
457 3698 536 3774 ήμῶν
558 3698 727 3776 περιέχεται,
749 3695 795 3755 καί
815 3695 853 3775 τῷ
873 3697 966 3776 θοίρρει
985 3703 1034 3772 τῆς
1056 3697 1143 3756 αὐτῶν
1164 3693 1303 3768 εὐσεβείας
1318 3694 1365 3756 καί
1386 3697 1519 3775 εὐποιίας,

220 3819 267 3880 εἴτ’
280 3817 325 3880 οὐν
349 3819 479 3896 βοηθείας
501 3817 548 3878 καὶ
571 3816 702 3896 ἐκδικίας,
726 3816 750 3876 οἱ
774 3817 845 3876 κατὰ
867 3818 928 3876 θεόν
953 3819 1084 3897 ἀνθρωττοι
1107 3817 1169 3890 τούς
1191 3817 1266 3892 βίους
1288 3819 1375 3878 αὐτῶν
1399 3817 1438 3897 τῷ
1461 3817 1517 3896 θεῷ
1541 3846 1547 3856 ·

218 3943 397 4021 καθιεροῦσιν,
427 3938 564 4015 ἐξίκασμα
590 3940 656 4020 ὑπὲρ
680 3939 815 4018 σωτηρίας
838 3940 924 3998 αὐτῶν
948 3933 995 3998 καὶ
1018 3941 1149 4016 ύψῶσεως
1171 3938 1306 4020 τροπαίων
1328 3937 1376 3998 καί
1398 3959 1518 3999 κατευσ-

220 4063 331 4134 δῶσεως
353 4059 400 4120 καὶ
426 4059 505 4137 νίκης
526 4065 572 4120 τοῦ
599 4059 780 4140 στρατοπέδου
803 4058 849 4118 καί
872 4065 921 4136 τῆς
947 4066 1041 4136 κοινῆς
1067 4061 1209 4132 πολιτείας
1237 4060 1448 4136 διακοσμήσεως
1470 4059 1518 4120 καὶ

219 4189 338 4263 ψυχικῆς
369 4183 506 4262 ὠφελείας
529 4181 575 4241 καί
597 4187 646 4257 τῆς
668 4186 714 4242 τοῦ
744 4181 816 4240 θείου
846 4181 1059 4261 εὐαρεστήσεως.
1104 4181 1250 4244 καὶτοῦτο
1279 4183 1517 4262 προοεπισκήπτω,

218 4303 263 4364 ίνα
285 4304 312 4364 εί
332 4325 373 4378 τις
403 4303 469 4365 ποτέ
491 4310 544 4364 τῶν
569 4303 601 4364 ἐκ
623 4302 742 4382 πλαγίου
765 4323 817 4378 μου
847 4308 988 4381 συγγενῶν
1010 4303 1126 4385 πειραθῆ
1149 4305 1345 4384 παραλυπῆσαι
1366 4304 1413 4362 τόν
1435 4323 1519 4384 περι-

219 4427 335 4502 πόθητον
357 4425 405 4486 καί
428 4427 537 4504 γνήσιόν
562 4445 613 4500 μου
635 4424 690 4484 υίον
713 4425 793 4504 κυρύν
810 4423 956 4504 Θεόδωρον
977 4429 995 4500 ή
1017 4423 1095 4499 δίκην
1110 4425 1168 4485 τινδι
1183 4426 1245 4485 καθ’
1259 4425 1415 4500 οἱανδήτινα
1431 4423 1519 4485 αἰτίαν

218 4552 237 4624 ή
260 4549 358 4627 τρόπον
381 4551 399 4624 ἢ
423 4547 577 4622 διασεισμύν
606 4546 829 4620 ἐπιτεκτήνασθαι
851 4546 935 4624 τούτῳ
957 4548 975 4620 ή
998 4549 1054 4618 τοῖς
1084 4543 1207 4623 καθεξῆς
1228 4545 1294 4618 υἱοῖς
1316 4544 1364 4606 καὶ
1390 4546 1520 4626 ἐγγόνοις

219 4671 339 4745 αὐτοῦῆ
367 4670 538 4748 δισεγγόνοις
568 4667 614 4728 καὶ
636 4674 669 4751 τῆ
694 4666 793 4748 ἑφεξῆς
820 4673 914 4749 φυσικῇ
942 4667 1070 4750 διαδοχῇ,
1100 4675 1206 4749 πρῶτον
1230 4669 1281 4743 μὲν
1304 4668 1416 4751 ὐποίρχη
1439 4663 1519 4742 αὐτος
