3208 5310
263 325 306 390 42

263 522 294 580 το
318 521 519 604 Ἀκρωτηράκιν
545 525 576 583 το
602 523 717 598 πλησίον
744 527 795 600 τῆς
821 520 885 582 ὁδοῦ
907 521 1002 596 μοδίου
1016 519 1068 596 ς”.
1100 524 1180 602 ἕτερα
1204 521 1328 598 ἀμπέλια
1349 522 1383 582 τὰ
1405 523 1559 598 τεμνόμενα

263 643 337 724 παρὰ
359 649 408 721 τῆς
431 643 610 725 διερχομένης
634 645 697 706 ὁδοῦ
719 642 805 722 λαχοί
829 644 876 704 δύο
899 641 1003 718 μοδίων
1017 641 1055 720 γ’.
1080 644 1173 723 ἕτερον
1197 641 1236 715 είς
1258 645 1308 718 τὴν
1330 643 1495 704 τοποθεσίαν
1517 647 1559 702 τοῦ

264 766 355 826 Λύκου
385 767 416 827 τὸ
444 764 562 844 πλησίον
592 765 728 842 ἀμπελίου
757 771 807 842 τῆς
831 766 997 841 Ἐπισκσιιῆς
1020 764 1115 840 μοδίου
1129 762 1180 840 ς”.
1212 767 1303 843 ἕτερον
1327 766 1432 840 ἁμπέλι
1454 767 1487 825 τ“ο
1511 765 1559 823 λε-

264 890 383 968 γόμενον
406 887 581 970 Ὀρθάλαχσς
604 889 635 949 ιθ
657 887 774 964 πλησίον
797 887 933 964 άμπελίου
955 891 1002 947 τσῦ
1023 889 1144 965 Ζυγθτσυ
1167 887 1213 946 ἀπ’
1227 889 1307 947 αλτοῦ
1328 888 1360 947 τὸ
1381 885 1432 962 ς”.
1470 890 1559 965 ἕτερον

265 1009 434 1087 ἀμπελίτζην
461 1011 490 1070 σθ
512 1010 633 1082 Γαζάτου
660 1012 690 1070 το
712 1009 828 1086 πλησίον
851 1008 988 1084 ἁμπελίου
1009 1012 1056 1069 τοῦ
1079 1009 1260 1090 Χριστορὸρου
1283 1007 1379 1084 μοδίου
1392 1007 1443 1084 ς”.
1470 1010 1560 1087 ἕτερον

265 1133 372 1208 ἁμπέλι
394 1136 440 1194 τοῦ
464 1131 605 1212 Πηγαδίου
628 1133 658 1192 το
679 1129 796 1208 πλησίον
820 1131 956 1207 άμπελίου
978 1136 1025 1192 τοῦ
1047 1131 1221 1212 Γουλολέων,
1245 1133 1307 1191 ὅσον
1329 1130 1377 1191 καὶ
1398 1123 1456 1192 οἷόν
1481 1131 1559 1192 ἐστιν.

266 1258 357 1334 ἕτερον
381 1254 552 1332 άμπελίτζην
573 1255 604 1314 τθ
625 1256 781 1334 λεγόμενον
802 1260 852 1330 τῆς
874 1255 988 1335 Κορέας
1009 1253 1126 1330 πλησίον
1149 1253 1285 1330 άμπελίου
1307 1258 1354 1314 τοῦ
1378 1254 1486 1329 Μωυσῆ
1510 1273 1561 1328 μο-

265 1376 324 1438 θίσυ
338 1375 390 1452 ς”.
422 1379 514 1458 ἕτερον
537 1377 642 1452 ἀμπέλι
665 1377 767 1438 άνωθεν
790 1382 843 1436 τῶν
867 1377 953 1456 ἁγίων
976 1375 1144 1458 Ἀναργῦρων
1167 1379 1197 1437 τὸ
1218 1377 1335 1453 πλησίον
1358 1376 1498 1452 ἀμπελίου
1519 1378 1562 1435 τοῦ

265 1499 439 1580 Γονλολέων,
464 1501 526 1561 ὅσον
549 1499 596 1560 καί
618 1492 674 1560 οἷον
696 1500 762 1580 ἐστι,
786 1499 888 1576 μοθίων
905 1495 937 1578 ε’,
960 1499 990 1559 τὸ
1008 1499 1066 1578 ἔχει
1081 1501 1099 1575 η
1116 1498 1186 1576 μονὴ
1202 1499 1256 1559 ἀπὸ
1271 1499 1361 1580 κυρίου
1376 1497 1562 1580 Ἀριαβάσδου

266 1626 311 1684 τοῦ
339 1621 509 1684 Μανθακίου.
542 1626 633 1703 ἕτερον
662 1621 766 1698 άμπέλι
801 1623 831 1681 rb
860 1621 1033 1698 καλούμενον
1064 1625 1110 1682 τοῦ
1139 1620 1235 1682 Ἄσκοῦ
1263 1625 1310 1682 τοῦ
1336 1621 1506 1700 λαγγαδίου,
1535 1621 1563 1678 έο

264 1744 381 1821 πλησίον
404 1744 510 1821 ἀμπέλι
531 1750 580 1823 τῆς
596 1745 774 1820 Ἐσιισκοπῆς,
799 1743 860 1805 θσσν
876 1741 922 1804 καὶ
938 1735 995 1804 οίὸν
1012 1743 1080 1824 ἐστι,
1096 1743 1197 1819 μσθίων
1213 1743 1251 1824 γ’.
1277 1744 1396 1821 ἁμπέλιν
1410 1744 1441 1803 τὸ
1458 1743 1563 1804 ἐκεῖθεν

264 1872 311 1930 τοῦ
329 1867 482 1949 θδρομιίλου
503 1867 534 1927 τὶν
558 1867 640 1941 μέσον
663 1867 789 1944 κείμενον
811 1866 956 1947 χωραρίων
978 1870 1029 1941 τῆς
1043 1867 1198 1944 Κονιησας,
1220 1861 1314 1938 καθώς
1337 1866 1393 1926 ἐστι
1416 1863 1562 1945 ίδιοπεριὸ-

266 2010 364 2072 ριστον,
386 1992 450 2050 ὅσον
471 1988 519 2050 καὶ
541 1981 598 2050 σίόν
621 1989 700 2050 ἐστιν.
725 1991 818 2070 ἕτερον
841 1985 881 2061 εἰς
902 1989 951 2066 ιὴν
973 1989 1107 2069 περιοχὴν
1129 1993 1182 2048 τῶν
1198 1987 1314 2048 Γέλλων
1337 1989 1367 2048 τῦ
1388 1989 1492 2048 άνωθεν
1510 1987 1563 2060 άμ-

265 2113 369 2172 πελίων
391 2115 438 2174 τοῦ
458 2109 617 2192 Συρτσμσίση
640 2113 670 2172 τθ
693 2111 808 2188 πλησίον
831 2109 878 2172 καί
900 2111 1031 2190 σύνεγγυς
1053 2111 1192 2192 χωραφίου
1214 2113 1261 2171 τοῦ
1275 2110 1418 2190 Βαρβάρου
1441 2108 1490 2170 καὶ
1514 2112 1563 2178 έως

265 2241 315 2313 τῆς
338 2234 519 2315 διερχομένης
542 2235 607 2296 ὁδοῦ
629 2233 732 2310 μσθίων
746 2232 785 2313 γ’.
808 2235 935 2315 χωράρια
957 2238 1007 2308 τῆς
1029 2232 1113 2309 σίντης
1128 2232 1209 2310 ἁγίας
1225 2237 1311 2308 μονῆς
1326 2233 1428 2308 μοδίων
1444 2229 1497 2305 fid
1513 2227 1561 2304 ς”.

370 2355 532 2428 Ὡσαύτως
553 2355 609 2416 καὶ
631 2355 669 2416 τά
691 2363 749 2433 τῆς
772 2362 876 2432 μονῆς
899 2361 954 2416 τοῦ
976 2355 1072 2435 ἁγίου
1088 2355 1233 2428 Λέοντος
1256 2355 1410 2431 ἀμπέλια
1432 2353 1482 2428 είς
1505 2354 1565 2428 τὴν

265 2481 428 2558 περιοχὴν
451 2484 514 2539 τῶν
530 2479 672 2550 Βατζῶν.
696 2479 727 2540 τὸ
749 2479 871 2538 κάτωθεν
894 2481 947 2536 τῶν
963 2475 1120 2554 οἰκημάτων
1135 2481 1181 2538 τοῦ
1197 2473 1322 2563 Παλ[σῦ]
1344 2479 1374 2538 πθ
1388 2477 1507 2554 πλησίον
1521 2479 1565 2535 τοῦ

267 2600 471 2675 Ἀσκσλεβάτου
487 2599 590 2675 μοθίων
605 2597 633 2659 α’
645 2597 697 2675 ς”.
722 2601 813 2680 ἕτερον
830 2598 870 2672 εἰς
884 2601 915 2660 τθ
930 2597 1106 2674 Βουλανίτου,
1129 2599 1159 2659 τ“ο
1176 2599 1268 2678 ἔχειὴ
1285 2599 1352 2678 ἁγία
1367 2601 1437 2676 μονὴ
1452 2599 1508 2660 ἀπο
1523 2599 1564 2657 τοῦ

268 2723 481 2804 Κουρκομάλλι,
505 2722 607 2799 μοῦίων
623 2721 650 2783 α’
662 2721 713 2798 ς”.
738 2723 843 2800 ἀμπέλι
866 2721 906 2796 είς
920 2724 969 2798 τἠν
984 2721 1142 2783 τοποθεσίαν
1158 2725 1204 2782 τοῦ
1221 2721 1391 2798 Ὑπομαλίου
1405 2722 1436 2782 τῦ
1450 2720 1564 2798 πλησίον

269 2849 315 2906 τοῦ
332 2845 468 2920 ἀμπελίου
483 2849 529 2906 τοῦ
545 2846 685 2926 Δρεπάνου
701 2845 796 2922 μοθίου
810 2841 861 2920 ς”.
879 2847 971 2924 ἕτερον
987 2843 1027 2916 εἰς
1042 2845 1211 2924 Διαστηγοθς
1224 2845 1255 2904 το
1269 2843 1386 2922 πλησίον
1402 2841 1508 2919 σἰμπέλι
1523 2845 1564 2902 τοῦ

267 2967 362 3050 Φαγρὶ
384 2968 479 3044 μοθίου
494 2965 545 3044 ς”.
570 2971 663 3049 ἕτερον
686 2969 789 3044 σίμπέλι
812 2973 860 3044 τῆς
883 2969 1004 3040 Βούστας
1026 2968 1056 3028 τὸ
1078 2967 1195 3043 πλησίον
1217 2966 1356 3048 χωραρίου
1378 2970 1424 3027 τοῦ
1445 2965 1563 3026 Μανθα-

266 3092 326 3154 κίου
349 3090 452 3168 μοθίων
468 3091 494 3151 α’
507 3088 559 3166 ς”.
588 3091 695 3168 ἀμπέλι
716 3091 747 3152 τθ
771 3085 823 3151 ἀπο
846 3089 1049 3150 Κωνσταντίνου
1071 3094 1118 3150 τοῦ
1133 3089 1293 3168 Μιχαλίτζη
1317 3087 1357 3162 είς
1379 3090 1428 3167 τὴν
1449 3090 1563 3149 τοποθε-

268 3217 328 3279 σίαν
354 3219 401 3276 τοῦ
423 3214 616 3295 Καψοσιθηρσυ
643 3214 760 3292 πλησίον
786 3211 927 3294 χωραρίου
953 3217 999 3274 τοῦ
1022 3214 1147 3295 Δρέγγου
1173 3209 1221 3272 καὶ
1243 3210 1359 3289 πλησίον
1386 3215 1433 3272 τοῦ
1455 3210 1563 3292 διερχο-

268 3338 351 3412 μένου
380 3339 504 3412 ποταμοῦ
527 3337 629 3412 μοθίων
647 3335 683 3410 β’.
715 3340 807 3418 ἕτερον
835 3336 941 3412 ἀμπέλι
970 3337 1000 3396 ιδ
1022 3337 1144 3396 κάτωθεν
1167 3341 1221 3396 τῶν
1243 3332 1401 3412 οἰκημάτων
1424 3339 1471 3394 τοῦ
1494 3335 1563 3394 Γλυ-

267 3461 328 3540 κέρι
349 3460 380 3520 τὸ
407 3459 538 3538 σύνεγγυς
560 3459 698 3534 άμπελίσυ
720 3461 767 3520 τοῦ
789 3459 914 3540 Δρόγγου
937 3457 1039 3534 μοθίων
1055 3455 1082 3517 α’
1094 3457 1135 3534 ς”
1159 3459 1204 3518 οὶιν
1226 3462 1276 3534 τῆς
1297 3456 1442 3532 ποταμίοις.
1476 3459 1563 3534 ἕτερον

269 3589 318 3658 τῆς
332 3580 504 3660 ποθογωνίας
516 3575 553 3666 [θ]
564 3585 610 3641 τοῦ
625 3581 721 3656 βουνοῦ
731 3586 785 3640 τῶν
798 3580 911 3660 Ἀγρίων
923 3581 954 3640 τί)
966 3580 1019 3640 ἁπίυ
1032 3580 1139 3661 δωρεᾶς
1150 3581 1357 3658 καθηγουμένου
1369 3584 1414 3640 τοῦ
1426 3581 1563 3660 Κουρκου-

270 3705 369 3783 μάλλι,
400 3701 494 3776 καθὼς
515 3703 687 3785 περιγνρίζει,
719 3703 781 3762 ὅσον
807 3701 854 3762 καὶ
882 3693 937 3762 οἷον
966 3703 1046 3763 ἐστιν.
1078 3705 1170 3782 ἕτερον
1197 3703 1320 3763 κάτωθεν
1347 3701 1440 3761 τοῦτου
1462 3703 1494 3761 πθ
1516 3701 1563 3761 ἀπὸ

269 3832 315 3890 τοῦ
343 3829 481 3907 Μερκοῦρι
509 3823 604 3901 μοδίου
619 3823 668 3899 ς”.
700 3827 792 3904 ἕτερον
819 3823 850 3884 τ“ο
876 3825 1047 3900 καλούμενον
1074 3825 1104 3883 ιθ
1133 3825 1318 3906 Μακρυλάτου
1341 3825 1370 3884 το
1394 3824 1448 3884 ἀπο
1471 3823 1563 3883 Καλοῦ

269 3954 315 4012 τοῦ
337 3949 487 4030 Γρηγορίου
510 3947 668 4023 μσδίους”.
691 3947 796 4024 ἀμπέλι
819 3951 865 4006 τοῦ
888 3945 965 4025 ἁγίου
984 3947 1110 4007 Ἰωάννου
1132 3946 1163 4005 το
1185 3945 1358 4006 ὑποκάτωθεν
1381 3949 1429 4005 τοῦ
1451 3945 1563 4005 άλωνίου

270 4071 366 4148 μσθίου
381 4069 419 4134 α’.
448 4073 539 4152 έτερον
563 4068 603 4142 είς
626 4071 655 4130 τὸ
678 4071 839 4129 Κανεκάτου
861 4069 892 4129 τ“ο
908 4067 1122 4150 Στρογγυλάκτη
1147 4067 1248 4144 μοθίων
1265 4065 1352 4142 δ’ς”.
1378 4071 1471 4147 ἕτερον
1492 4068 1563 4141 πλη·

271 4195 326 4255 σίον
347 4195 440 4254 τούτου
462 4191 558 4269 μοδίσυ
573 4191 624 4268 ς”.
649 4195 743 4273 ἕτερον
767 4190 806 4264 εἰς
828 4192 859 4251 τ“ο
875 4191 1032 4271 Μαστρικθν
1054 4191 1085 4250 το
1108 4188 1225 4266 πλησίον
1249 4189 1387 4266 ἀμπελίου
1409 4193 1456 4248 τοῦ
1471 4190 1563 4266 Μιχα-

270 4316 348 4392 λίτζη
376 4313 471 4391 μοδίου
486 4313 539 4396 ς”,
569 4315 652 4394 ἤγουν
681 4311 721 4388 είς
747 4316 778 4374 τὸ
801 4313 951 4393 Εῦστράτη.
983 4313 1086 4388 ἀμπέλι
1115 4311 1154 4384 είς
1176 4311 1211 4372 τά
1234 4312 1322 4393 Κεριά
1343 4313 1374 4371 rb
1397 4307 1502 4370 άνωθεν
1525 4313 1564 4369 τοῦ

271 4437 452 4518 Ζωγολοῦρου
480 4437 574 4512 μοδίου
588 4437 640 4517 ς”,
671 4436 716 4496 σῦν
743 4441 798 4496 τῶν
827 4435 917 4494 ἐκεῖσε
944 4433 1072 4516 δένδρων.
1107 4437 1198 4515 ἕτερον
1225 4439 1276 4510 τῆς
1298 4433 1381 4514 ἁγίας
1403 4432 1517 4508 Θέκλης
1538 4431 1563 4490 το

271 4561 394 4622 κάτωθεν
419 4563 469 4635 τῆς
497 4557 599 4631 οἰκείας
625 4563 671 4620 τοῦ
693 4557 891 4639 Ἀμαραντίτζη
919 4555 966 4618 καὶ
992 4557 1109 4632 πλησίον
1135 4562 1185 4633 τῆς
1212 4557 1275 4617 ὁδοῦ
1298 4550 1394 4632 μοδίου
1411 4553 1447 4618 α’.
1480 4557 1563 4634 ἕτερον

271 4689 321 4762 τῆς
343 4684 450 4758 Συκέας
478 4684 509 4744 το
536 4683 659 4744 κάτωθεν
686 4681 832 4764 χωραρίων
860 4679 962 4758 μοθίων
979 4679 1018 4741 ιε’
1031 4678 1082 4759 ς”.
1123 4679 1262 4754 Ὡσαύτως
1291 4681 1308 4757 ἡ
1336 4683 1386 4756 της
1414 4683 1499 4754 μονῆς
1525 4679 1565 4736 τοῦ
