3166 5298
1285 345 1326 408 89

27 539 76 598 καί
100 541 329 620 ἀναποσπάστως,
352 541 445 612 καθὼς
468 541 569 615 μέλλει
592 541 777 620 παραδοθῆναι
799 541 866 619 πρός
889 540 971 614 αὺτῆν
993 539 1067 617 παρὰ
1081 543 1127 598 τοῦ
1141 540 1330 614 πανσεβάστου

28 659 131 720 οἰκείου
154 669 187 743 τῆ
212 662 341 745 βασιλείᾳ
356 683 417 742 μου,
434 667 514 743 κυροῡ
529 663 670 722 Νικολάου
685 666 731 721 τοῦ
747 655 925 740 Θεολογίτου,
948 666 1001 720 τῶν
1018 660 1115 742 ἀρτίως
1131 661 1329 741 εὑρισκομένων

29 781 70 855 εἰς
93 784 144 858 τὴν
168 784 339 860 δημοσιακὴν
364 783 464 861 ἐνοχῆν
486 783 609 863 Βολεροῦ
631 781 678 842 καὶ
701 781 931 862 Μοσυνοπόλεως,
963 783 1071 862 Σερρῶν
1094 779 1141 841 καί
1163 783 1328 863 Στρυμόνος,

27 902 91 962 ἐπεὶ
114 904 238 982 ἀπελύθη
260 907 328 984 πρός
350 905 445 977 αὐτοὺς
469 907 562 964 ἕνεκεν
583 905 675 965 τούτου
698 902 745 964 καί
766 907 929 984 πρόσταγμα
950 910 999 980 τῆς
1022 902 1165 980 βασιλείας
1188 921 1240 978 μου
1256 903 1328 964 ἀπο-

25 1025 113 1084 λνθέν
135 1021 221 1084 κατὰ
244 1031 331 1102 μῆνα
353 1025 576 1106 σεπτέμβριον
595 1031 653 1101 τῆς
673 1027 896 1101 ἐνισταμένης
911 1026 1076 1106 πρὼτηςί)
1093 1022 1247 1104 ίνδίκτου,
1270 1028 1328 1084 τοῦ

30 1143 329 1224 ἐξοικισχιλιοστοῦ
352 1141 637 1232 [όκτακοσισστοῦ]
660 1144 715 1205 καὶ
738 1148 834 1206 ἕκτου
857 1147 961 1224 ἔτους,
986 1146 1019 1204 ἐν
1042 1139 1064 1224 ᾧ
1086 1143 1133 1205 καί
1148 1147 1179 1206 τό
1194 1146 1328 1225 ἡμέτερον

29 1267 142 1340 εὐσεβὲς
165 1266 212 1327 καί
234 1266 438 1348 θεοπρόβλητον
461 1269 652 1342 ὑπεσημήνατο
674 1270 782 1348 κράτος.

134 1385 255 1468 ῆΕίχε
285 1387 340 1450 καί
371 1389 572 1470 δι’ἐρυθριῖιν
602 1391 806 1469 γραμμάτων
835 1395 893 1463 τῆς
923 1387 1104 1463 βασιλικῆς
1133 1390 1250 1466 χειρός
1278 1389 1328 1446 τό·

27 1509 240 1590 Ἀνδρόνικος
263 1512 297 1570 ἐν
316 1508 446 1590 Χριστῷ
469 1509 511 1590 τῷ
534 1509 599 1590 θεῷ
620 1511 734 1582 πιστός
757 1509 918 1584 βασιλεὺς
940 1509 995 1570 καὶ
1019 1510 1233 1590 αὐτοκράτωρ
1249 1508 1328 1570 Ῥω-

27 1632 137 1706 μαίων
160 1633 175 1690 ό
200 1632 444 1711 [Ιαλαιολόγος
468 1637 494 1708 ί.

136 1758 238 1816 Satias
254 1759 274 1814 Ι
280 1777 313 1830 p.
333 1761 513 1814 214-215.

268 2028 310 2092 Π.
335 2025 560 2110 6807-1299,
583 2048 694 2092 mense
717 2025 897 2108 novembri,
920 2025 985 2089 ind.
1011 2025 1087 2091 XII.

29 2193 185 2262 Imperator
193 2195 363 2248 Andronicus
372 2194 413 2248 II.
424 2193 604 2264 Ραόααοίομιιι
615 2193 731 2265 (ἕωνριό
745 2193 862 2246 Τπυίσαο
870 2191 1009 2262 confirmat
1017 2191 1129 2248 liberam
1134 2195 1328 2264 possessionem

262 2303 349 2350 terrae
364 2297 441 2366 apud
457 2295 564 2366 Sem-aa,
582 2315 664 2367 quam
680 2303 748 2351 tenet
763 2315 796 2351 ex
809 2297 956 2350 hereditate
967 2301 1096 2366 paterna.

133 2487 150 2556 †
174 2479 252 2540 Ἐπεὶ
275 2482 289 2538 ό
312 2480 412 2553 οἰκεῖος
433 2487 483 2556 τῆς
503 2481 647 2556 βασιλείας
663 2503 725 2564 μου,
749 2483 885 2562 Γεώργισς
900 2483 914 2540 ό
930 2481 1098 2562 Τρουληνός,
1120 2483 1250 2557 κέκτηται
1264 2478 1327 2559 περί

31 2603 82 2673 τὰς
102 2602 209 2682 Σέρρας
233 2599 399 2681 οἰκονομίαν,
431 2601 506 2673 ἐντός
530 2601 560 2661 δὲ
582 2607 629 2662 τοῦ
651 2607 734 2663 ποσοῦ
757 2603 854 2677 ποιότης
877 2601 1005 2680 ἔχεικαὶ
1027 2607 1079 2680 γῆν
1104 2602 1133 2662 ἐν
1157 2599 1215 2662 δυσί
1236 2604 1329 2674 τόποις

31 2721 133 2795 μοδίων
155 2722 258 2801 χιλίων
281 2721 440 2802 ἑξακοσίων,
464 2723 512 2798 πἠν
536 2723 587 2798 μὲν
610 2729 663 2782 τῶν
685 2723 784 2802 χιλίων
808 2723 953 2782 διακοσίων
977 2723 1151 2799 διακειμένην
1174 2725 1258 2798 μέσον
1275 2728 1329 2782 τῶν

31 2845 79 2903 ἐυο
100 2845 171 2904 όόιῖιν
194 2850 247 2904 τῶν
269 2844 385 2921 πλησίον
406 2850 456 2922 τῆς
478 2849 531 2923 γῆς
554 2849 600 2904 τοῦ
623 2844 764 2924 μονυδρίου
787 2847 834 2903 τοῦ
858 2842 896 2914 εἰς
920 2843 1007 2918 όνομα
1021 2845 1174 2920 τιμωμένου
1189 2848 1235 2904 τοῦ
1251 2844 1329 2922 ἁγίου

33 2967 276 3045 μεγαλομάρτυρος
298 2963 345 3024 καὶ
366 2967 559 3046 τροπαιοφόρον
582 2965 719 3045 Γεωργίου
741 2963 787 3024 καὶ
812 2965 1052 3040 ἐπονομαζομένην
1073 2966 1247 3044 Κινστέρναν,
1279 2967 1328 3041 τὴν

34 3087 62 3146 ἐέ
84 3093 135 3146 τῶν
159 3085 319 3166 τριακοσίων
342 3084 382 3158 είς
403 3087 451 3161 σἠν
471 3085 632 3147 τοποθεσίαν
652 3085 700 3162 τὴν
719 3087 895 3162 καλουμένην
911 3085 1015 3146 Μόδιον
1036 3086 1152 3162 πλησίον
1174 3090 1221 3146 τοῦ
1238 3087 1328 3147 ἐκεῖσε

35 3208 140 3287 ιἰηωηοίι
168 3205 216 3266 καὶ
242 3207 362 3266 παλαιοῦ
390 3207 527 3286 μάλωνσς,
560 3206 606 3268 καί
629 3207 862 3286 παρεκλήτευσεν,
893 3207 938 3266 ίνα
959 3207 1030 3290 πόχῃ
1051 3207 1258 3287 χρυσοβοίιλλου
1281 3206 1328 3267 καί

35 3333 134 3412 κατέχῃ
157 3330 207 3404 τὴν
229 3329 354 3402 τοιαότην
377 3334 429 3406 γῆν
452 3329 490 3400 ὡς
512 3331 634 3408 γονικῆν,
657 3328 704 3389 καί
729 3329 776 3388 ἐόιν
798 3330 1022 3409 προσκαόῆσωσιν
1046 3329 1075 3388 ἐν
1099 3329 1166 3411 αὐτῇ
1189 3329 1235 3388 καί
1256 3350 1328 3402 τινες

37 3445 101 3518 ξένοι
122 3448 170 3508 καί
196 3449 345 3528 ἐλεόθεροι,
370 3447 544 3528 εὑρίσκωνται
567 3449 748 3527 ἀνενόχλητοι
770 3449 816 3510 καί
839 3450 1005 3510 ἀδιάοειστοι
1028 3449 1082 3509 ἀπό
1104 3455 1150 3510 τοῦ
1166 3452 1265 3530 μέρους
1282 3454 1328 3510 τοῦ

38 3568 170 3650 δημοσίου,
193 3571 242 3644 τὴν
265 3569 438 3648 παράκλησιν
463 3570 540 3628 αὐτοῦ
562 3566 770 3650 προσδεξαμένη
786 3572 804 3644 ῆ
821 3569 949 3644 βασιλεία
964 3591 1015 3646 μου
1030 3572 1076 3630 τόν
1090 3573 1212 3652 παρόντα
1225 3573 1327 3652 χρυσό-

3 3737 4 3742 1
38 3688 149 3758 βουλλον
180 3691 267 3768 λόγον
297 3691 381 3764 αὐτῆς
413 3691 572 3770 ἐπιγορηγεῖ
601 3689 646 3750 καὶ
678 3690 852 3770 ἑπιβραβεόει
883 3691 964 3770 αυτῷ,
996 3691 1031 3750 δι’
1041 3686 1070 3750 οὗ
1096 3695 1259 3773 προστάσσει
1281 3692 1328 3754 καί

39 3809 184 3892 ἒιορίζεται,
208 3813 356 3888 κεκτῆσθαι
379 3811 458 3870 αίιτόν
481 3812 529 3887 τὴν
552 3812 675 3888 τοιαόιην
691 3818 744 3890 γῆν
759 3819 813 3871 τῶν
828 3811 928 3890 χιλίων
945 3809 1094 3885 ἑξακοσίων
1110 3813 1212 3888 μοόίων
1229 3813 1327 3874 ἀνενο-

38 3933 141 4008 χλῆτως
173 3931 221 3992 καί
252 3929 436 4014 σίἐιασείστως,
467 3935 652 4014 ἀναραιρέτως
681 3955 711 3993 τε
738 3933 784 3994 καί
808 3935 1034 4014 ἀναποσπάοτως,
1066 3933 1112 3995 καὶ
1136 3940 1257 3994 συνιοτσῖν
1280 3934 1327 3995 καί

40 4050 153 4123 βελτισῦν
182 4053 265 4128 αὐτὴν
293 4052 340 4112 καὶ
368 4056 429 4114 όσον
458 4057 486 4115 ἐν
510 4057 576 4136 αίιτῆ
599 4057 723 4131 συστῆσαι
744 4054 791 4114 καί
815 4055 969 4135 βελτιώσει,
992 4055 1158 4132 κατέχεσθαι
1181 4053 1327 4115 καὶτοῦτο

39 4176 182 4254 παράὺτοῦ
206 4174 278 4235 κατὰ
300 4176 345 4234 τὀν
369 4175 447 4234 αὐτόν
469 4175 517 4235 καὶ
540 4178 631 4251 ὅμοιον
654 4179 753 4256 τρόπον
776 4176 952 4257 ἀναφαίρετον
974 4175 1021 4236 καὶ
1041 4176 1246 4236 άναπόσπαοτον
1263 4176 1325 4236 δια-

40 4303 152 4378 τηρῆσαι,
175 4294 224 4355 καί
246 4296 308 4368 τοίις
331 4297 359 4354 ἐν
383 4297 449 4377 αὺτῆ
473 4296 638 4376 μέλλοντας,
663 4299 700 4370 ὡς
724 4296 838 4378 εἴρηται,
860 4298 1048 4376 προσκαθῆσαι
1069 4295 1163 4371 ξένους
1177 4296 1225 4357 καὶ
1241 4297 1324 4357 ἐλευ-

40 4414 121 4494 θέρους
144 4417 299 4494 ἀνωτέρους
321 4417 410 4491 πάσης
432 4415 479 4476 καὶ
501 4418 630 4490 παντοίας
654 4419 825 4494 όημοσιακῆς
847 4419 977 4500 ἐπηρείας
992 4417 1039 4479 καί
1055 4421 1238 4500 συζητῆσεως,
1262 4421 1325 4480 ἄνευ

130 4681 151 4742 ¹)
170 4677 255 4728 Error
273 4677 302 4724 in
320 4677 475 4728 indictione.
495 4678 527 4728 ln
545 4677 690 4744 archetypo
708 4679 883 4745 probabiliter
901 4679 1052 4746 legebatur:
1074 4679 1110 4730 ια’
1124 4683 1141 4732 i.
1155 4698 1178 4733 e.
1193 4677 1324 4744 ἑνδεκάτης.
