3486 5282
375 241 441 306 234

375 439 482 508 τάκτως
502 419 591 497 πάντα
612 440 842 518 κατασυσταμένῳ
865 439 1034 500 ἀπολὲλιπαι
1058 441 1129 520 α’νιῷ
1151 439 1198 501 καὶ
1212 444 1243 502 το
1257 443 1344 522 παρὀν
1359 441 1537 522 σιγιλλιῶδες
1553 445 1661 522 γράμμα

375 563 424 634 τῆς
445 559 525 634 ἡμῶν
547 561 721 638 μετριότητος
742 561 826 621 κατὰ
849 567 934 636 μῆνα
958 561 1077 622 ίοὺνιον
1101 561 1308 636 ίνδικτιῶνος
1332 563 1379 643 ιε’,
1404 565 1438 623 ἐν
1462 565 1529 623 ἔτει
1546 563 1623 646 ,ἕλε’
1638 569 1660 636 ί.

478 681 679 760 ήῚερεμίας,
697 681 784 762 ἐλέῳ
799 683 873 743 θεοῦ
890 683 1564 766 άρχιεπίσκοιτοςΚωνσταντινουπόλεως,
1581 686 1662 757 Νέας

377 803 515 882 Ῥώμης,
538 801 593 863 καὶ
616 801 851 880 οίκουμενικθς
872 808 1083 886 πατριάρχης
1105 811 1130 884 †.

479 924 731 1006 ήΣίλβεστρος,
763 927 849 1006 ἐλέῳ
879 929 954 988 θεοῦ
982 931 1095 1001 πάτος
1123 928 1180 988 καὶ
1202 932 1413 1010 πατριάρχης
1434 936 1493 1006 τῆς
1515 931 1662 1010 μεγάλης

374 1047 508 1120 πόλεως
530 1044 788 1129 Ἀλεξανδρείας
809 1048 864 1110 καὶ
887 1051 1001 1130 κριτὴς
1023 1057 1082 1127 τῆς
1104 1049 1305 1128 οἰκουμένης
1327 1055 1352 1126 †.

478 1173 494 1246 †
519 1169 684 1250 Ἰωακείμ,
708 1171 794 1250 ἐλέῳ
817 1171 892 1231 θεοῦ
914 1175 1122 1253 πατριάρχης
1144 1179 1203 1248 τῆς
1225 1173 1661 1252 μεγάληςπάλεωςΆντιο-

374 1291 472 1369 χείας
493 1289 549 1352 καὶ
570 1295 677 1368 πάσης
700 1293 881 1372 Ἀνατολῆς
904 1298 931 1370 †.

765 1623 825 1688 111.
852 1623 1101 1712 [7037-15291,
1125 1623 1203 1712 [ind.
1227 1622 1284 1712 ιι]

380 1805 577 1861 Testamentum
587 1807 785 1862 hieromonachi
792 1809 1047 1880 Ιριιοθίάάραὶίίαιιί
1057 1815 1081 1863 σι
1089 1810 1383 1864 οτάοωοιιαιιεπίοτνιιι
1393 1809 1428 1863 αθ
1436 1827 1466 1863 σο
1474 1809 1659 1863 institutorum.

414 2037 416 2042 ’
477 2031 493 2103 ή
516 2027 615 2106 Ἐγὼ.
633 2073 640 2086 .
658 2029 697 2087 .ὁ
719 2025 758 2106 τῷ
777 2028 872 2106 κὸομῳ
888 2027 939 2103 μὲν
953 2028 1129 2104 κεκλημένος
1144 2027 1231 2108 ἱερεὺς
1247 2029 1386 2106 Ἰωάννης,
1408 2031 1484 2106 τάχα
1498 2026 1546 2087 καί
1560 2027 1660 2087 σακελ-

374 2149 435 2208 λίου
458 2149 616 2228 Μεθίιμνης,
638 2156 683 2208 νῦν
707 2149 738 2210 δὲ
755 2150 886 2229 Ἰγνάτιος
909 2149 1090 2230 ίερομάναχος
1112 2149 1158 2210 καὶ
1180 2151 1362 2227 πνευματικὸς
1380 2153 1480 2231 πατήρ,
1504 2149 1580 2210 ὁκαὶ
1594 2151 1661 2226 τάχα

375 2275 419 2330 νῦν
447 2271 625 2350 καθηγεῖσθαι
647 2277 700 2330 τῶν
724 2271 881 2351 μονυδρίων,
912 2269 961 2354 άί)
984 2274 1064 2344 αὐτος
1088 2272 1120 2332 ἐκ
1141 2274 1268 2332 παλαιῶν
1296 2273 1433 2349 θεμελίων
1461 2269 1613 2332 άνεκαίνισά
1634 2291 1661 2328 τε

374 2390 421 2452 καὶ
451 2390 491 2464 είς
511 2393 542 2452 τ“ο
565 2396 684 2472 κρεῖττον
708 2393 858 2474 ἀνήγαγον,
888 2399 937 2470 τῆς
961 2394 1102 2474 Παναγίας
1125 2415 1177 2470 μου
1199 2394 1277 2473 λέγω
1300 2395 1335 2470 δὴ
1357 2401 1406 2471 τῆς
1430 2395 1660 2475 Μυρσινιάιτιοσας,

374 2515 421 2576 καὶ
451 2520 497 2578 τοῦ
524 2517 650 2594 μεγάλου
678 2537 729 2594 μου
752 2514 910 2598 Ταξιάρχου
933 2519 1052 2596 Μιχαὴλ
1078 2523 1131 2578 τῶν
1155 2517 1230 2577 Ἂνω
1252 2518 1400 2594 Δυνάμεων
1424 2517 1452 2576 ἑν
1475 2515 1515 2594 τῷ
1537 2519 1660 2592 Λειμῶνι,
1710 2487 1711 2563 ί

375 2645 428 2698 τῶν
454 2641 589 2716 κειμένων
612 2639 692 2720 άμρω
716 2639 745 2698 ἐν
767 2646 800 2722 τῇ
823 2640 960 2722 Καλλονῇ
983 2645 1032 2717 τῆς
1055 2641 1223 2720 Μιτυλήνης,
1256 2637 1362 2720 ἐνορίας
1384 2644 1434 2714 τῆς
1457 2639 1614 2716 Μεθθμνης,
1646 2637 1661 2693 ά

374 2758 421 2821 καὶ
444 2759 555 2838 ὁποῖαί)
578 2763 657 2834 αθτος
685 2761 742 2840 ἐγὼ
765 2761 965 2841 άνῳνιοθάμησα
987 2765 1026 2835 ὡς
1049 2763 1227 2841 εὑρισκόμενα
1250 2758 1297 2821 καὶ
1320 2765 1399 2821 πᾶσιν
1422 2759 1574 2840 θρθαλμοῑς
1595 2761 1661 2818 θεω-

375 2885 493 2964 ρούμενα
522 2881 552 2957 ἐξ
574 2885 716 2965 ἡμετέρων
739 2884 940 2964 ἀναλωμάτων,
970 2885 1048 2963 λέγω
1075 2885 1126 2944 ι’νπο
1147 2885 1286 2964 ἡμετέρας
1310 2881 1404 2956 ἐξόδου
1425 2881 1473 2942 καὶ
1495 2885 1589 2960 κάτον,
1619 2881 1663 2954 ουχ

375 3007 549 3087 ὁλοκλήρως,
573 3005 650 3066 ἀλλὰ
670 3006 786 3066 πολλῶν
808 3013 925 3085 πτωχῶν
948 3004 995 3066 καὶ
1015 3003 1152 3066 πλουσίων
1174 3008 1269 3077 κόποις
1291 3003 1338 3066 καὶ
1361 3001 1466 3077 ἐξόδοις
1474 3003 1498 3085 ³)
1522 2997 1662 3081 αὐτοχθωοί

375 3149 405 3188 τε
433 3127 479 3188 καὶ
509 3126 606 3207 ξένοις,
636 3125 682 3187 καὶ
712 3129 771 3188 τινὰ
799 3131 926 3208 χωράριοι
957 3128 1139 3207 ἐπροσήλωσα
1167 3129 1235 3208 προς
1267 3128 1330 3187 αὐτο
1358 3127 1390 3186 τ“ο
1421 3129 1598 3205 μονασιήριον
1622 3126 1662 3181 τοῦ

376 3250 502 3328 μεγάλου
528 3271 580 3325 μου
602 3247 758 3330 Ταξιάρχου
784 3252 903 3330 πατρικά
930 3270 991 3328 μου,
1022 3241 1077 3310 οἷον
1100 3249 1208 3310 ἐκτῶν
1230 3250 1334 3328 γονέων
1357 3269 1409 3322 μου
1432 3249 1511 3326 λόγῳ
1534 3247 1662 3327 κληρονο-

376 3373 440 3446 μίας
462 3371 509 3432 καὶ
530 3369 609 3432 ἀλλα
630 3373 690 3432 τινὰ
712 3371 772 3448 είδη
795 3372 889 3448 κινητὰ
912 3371 959 3431 καί
982 3371 1094 3446 ἀκίνητα
1119 3369 1163 3431 διά
1184 3393 1214 3431 τε
1229 3371 1291 3451 ἱερὰ
1305 3371 1388 3444 σκεύη
1404 3368 1451 3430 καὶ
1467 3369 1572 3448 βιβλία,
1594 3365 1662 3428 ἀλλὰ

378 3495 412 3572 δή
441 3493 488 3553 καί
518 3495 601 3555 άλλοι
631 3493 780 3574 χριστιανοὶ
808 3495 1005 3574 ἐπροσήλωσαν
1032 3497 1158 3576 χωράρια
1180 3492 1227 3554 καὶ
1249 3493 1327 3554 άλλα
1348 3493 1409 3552 τινὰ
1431 3491 1503 3568 εἴδη.
1550 3493 1613 3566 ωἀή
1635 3487 1661 3546 δὲ

376 3618 394 3691 ή
417 3622 454 3694 γή
484 3619 502 3694 ή
534 3618 669 3696 ὁρωμένη,
701 3611 752 3698 ᾖί)
783 3616 849 3692 σία-ὴ
877 3619 894 3692 ἠ
918 3618 988 3693 μονὴ
1012 3618 1094 3692 μέσον
1116 3617 1219 3676 ἵσταται
1227 3617 1261 3697 ³),
1291 3617 1407 3696 ὑπάρχει
1428 3589 1546 3694 πατρική
1571 3634 1614 3688 μοι
1636 3611 1663 3669 ἐκ

375 3739 527 3818 προγόνων,
550 3736 597 3798 καὶ
619 3738 703 3798 πάλιν
728 3736 758 3812 ἐξ
782 3738 931 3818 ἀγορασίας
952 3744 1006 3798 τῶν
1029 3738 1207 3818 κρατούντων,
1231 3738 1279 3811 τὴν
1302 3735 1396 3796 ὁποίαν
1411 3741 1464 3814 γῆν
1488 3736 1604 3814 οπατήρ
1619 3753 1661 3807 μιν

379 3857 533 3936 ἐξωνήσατο
557 3861 665 3920 ἐκτῶν
688 3863 864 3940 κρατούντων,
892 3860 971 3939 κάγὼ
993 3860 1076 3920 πάλιν
1101 3860 1180 3934 αὐτὴν
1204 3859 1250 3934 τὴν
1273 3863 1326 3937 γῆν
1351 3855 1381 3929 ἐξ
1405 3858 1483 3917 αὐτοθ
1506 3861 1552 3918 τοῦ
1573 3857 1661 3934 πατρίς

377 4003 429 4058 μου
452 3980 642 4063 ἐξωνησάμην,
666 3985 704 4054 ὡς
727 3985 741 4042 ὁ
764 3985 855 4064 κύριος
878 3977 950 4043 εἶδεν
972 3981 1019 4042 καί
1041 3983 1080 4054 ὡς
1101 3980 1194 4052 καθὼς
1209 3979 1304 4040 καὶτὰ
1321 3983 1472 4060 γράμματα
1489 3981 1567 4039 αὺτοῦ
1582 3979 1660 4053 δηλο-

376 4110 478 4186 ιτοιοῦν,
509 4109 543 4165 τά
573 4127 602 4166 τε
631 4113 684 4166 τῶν
711 4107 879 4185 κρατοίιντων
902 4103 1004 4165 καὶτὰ
1027 4103 1202 4183 οίκειάχειρα.
1233 4103 1405 4180 συνήχθησαν
1428 4101 1460 4161 δὲ
1483 4101 1529 4161 καὶ
1551 4103 1660 4180 προςτῄ

378 4234 447 4310 μονῇ
470 4229 552 4311 τοάτη
575 4226 750 4310 ίερομάνοχοι
763 4213 819 4290 Ικαί
843 4227 969 4308 μοναχοί,
993 4227 1021 4287 οί
1041 4225 1086 4288 καὶ
1108 4228 1226 4306 σήμερον
1243 4224 1418 4306 εὑρίσκονται,
1440 4231 1548 4304 πρῶτος
1563 4224 1577 4282 θ
1593 4222 1661 4289 ουτος

483 4519 502 4582 ¹)
522 4508 556 4565 ὧν
574 4517 608 4567 Κ.
681 4517 701 4578 ²)
721 4515 845 4567 Secunda
868 4529 962 4565 manus
980 4516 1008 4563 in
1027 4515 1160 4578 margine:
1181 4508 1247 4577 άπερ.
1320 4511 1343 4576 ³)
1363 4507 1450 4568 κόπους
1469 4507 1509 4558 καὶ
1529 4507 1617 4568 ἐξόδους
1633 4503 1658 4553 Κ.

379 4613 400 4685 ⁴)
419 4613 491 4664 Corr.
506 4613 537 4672 K.
558 4627 591 4664 ex
610 4610 632 4680 ή.
652 4615 683 4667 ln
703 4615 834 4679 margine:
855 4611 903 4662 καὶ.
976 4611 995 4674 ⁵)
1015 4610 1045 4660 ln
1065 4611 1186 4676 margine
1204 4623 1270 4660 corr.
1290 4605 1415 4676 ίστιιμίνη.
