3246 5288
1317 370 1379 435 451

89 568 120 628 δὲ
147 569 203 628 καὶ.
244 594 277 645 p.
301 577 350 644 81,
378 575 397 628 t.
420 577 460 628 25
484 568 536 650 ἔχῃ
563 581 641 629 recte.
672 575 691 628 t,
713 575 755 628 29
781 567 874 626 άδικόν
899 585 933 624 τι.
974 589 1006 640 p.
1030 573 1078 642 82,
1106 571 1125 625 t.
1148 574 1189 625 36
1215 563 1381 639 Βοτίβισταν.

85 715 116 766 p.
143 700 191 766 83,
216 697 234 750 t.
260 701 279 750 4
302 691 335 748 τά
359 691 446 750 ἐκεῖσε
469 689 539 768 τρία.
583 696 601 750 t.
630 699 669 748 12
691 714 759 750 corr.
783 692 900 748 τοιαῦτα.
943 711 973 762 p.
998 696 1046 761 84,
1070 693 1090 746 t.
1115 695 1197 747 7-8
1219 694 1314 746 derant
1334 691 1381 745 τοῦ

87 814 221 893 παρόντος
249 819 328 873 mate.
376 820 416 887 ΙΙ,
448 819 466 872 l.
492 820 533 872 32
562 811 702 872 Τόπλιστα
733 817 767 872 Α.
809 835 841 887 ρ.
867 819 916 885 85,
948 816 966 870 t.
993 819 1011 868 4
1041 823 1065 868 et
1094 817 1136 869 26
1165 809 1306 887 Συστροὺνι
1337 813 1379 867 M.

88 943 108 995 t.
135 945 174 994 15
204 935 352 1012 Κοὺβρητα
378 941 420 994 M.
466 940 484 994 l.
512 941 552 994 16
573 941 741 994 scribendum
770 939 877 992 ontetnr
906 929 1151 1006 ἑξαλειμματαῖον.
1196 937 1215 990 t.
1241 937 1280 989 21
1311 955 1380 990 corr.

89 1057 210 1137 βιβάρια.
237 1081 282 1148 p,
303 1063 351 1131 86,
375 1063 394 1116 t.
414 1064 454 1116 10
475 1056 509 1114 τὰ
535 1057 584 1130 ἥμ.
608 1063 642 1115 Α.
687 1061 707 1115 t.
724 1063 766 1114 24
788 1052 834 1113 καὶ
856 1055 947 1129 πάσης
968 1059 1011 1112 M.
1034 1058 1113 1112 neate.
1158 1058 1177 1110 t.
1196 1059 1246 1127 35,
1268 1065 1323 1112 not.
1343 1057 1382 1110 12

90 1187 167 1240 anon
190 1185 328 1253 exemplar
349 1183 515 1238 Atheniense.
556 1201 589 1253 p.
615 1185 664 1252 87,
694 1183 714 1238 t.
741 1186 757 1236 1
782 1177 889 1253 Σουχάν
912 1181 945 1234 Α.
991 1180 1010 1234 t.
1036 1182 1056 1233 3
1081 1173 1305 1251 μελισσουργοίις,
1336 1179 1383 1232 ned

90 1308 275 1362 Aravantinoo
299 1307 323 1375 Ι,
346 1323 378 1375 p.
404 1309 464 1360 311
486 1307 616 1360 advertit:
650 1296 852 1379 Μελισσουργσὶ
874 1299 956 1372 κώμη
978 1297 1013 1355 τὰ
1035 1301 1079 1356 νῦν
1102 1301 1151 1371 τῆς
1173 1301 1306 1375 περιοχῆς
1327 1299 1382 1352 τῶν

89 1425 283 1502 Τσουμὲρκων.
318 1429 336 1482 l.
362 1429 404 1481 20
425 1422 533 1496 τοιαύτη
556 1435 595 1481 eet
616 1428 692 1481 tectio
715 1427 876 1498 exemptor-ie
898 1427 992 1480 Athen.
1041 1427 1160 1480 Ueterum
1183 1424 1225 1478 M.
1249 1423 1306 1477 doe.
1330 1439 1383 1488 κτρα

91 1553 174 1605 edidit
197 1569 229 1604 ea
244 1551 396 1620 archetypo,
420 1556 450 1603 nt
467 1567 520 1632 per
536 1567 651 1604 errorem
666 1551 832 1620 oore'prasmna,
856 1551 903 1603 eod
917 1567 950 1603 ea
969 1548 1168 1618 exemplaribus
1191 1546 1302 1612 dnobno,
1326 1544 1381 1597 vid.

91 1674 195 1728 Metten.
215 1691 247 1742 p.
274 1674 350 1727 489:
380 1667 410 1725 τό
439 1667 633 1746 πρωτόγραφον
657 1665 765 1746 εόρηται
787 1664 861 1745 παρὰ
883 1664 922 1744 τῷ
946 1661 977 1736 ἐξ
1000 1663 1160 1723 Ἰωαννίνων
1183 1659 1266 1740 κυρίῳ
1288 1659 1382 1739 Τζίνη,

90 1787 137 1847 καί
152 1790 169 1862 ἡ
185 1789 253 1867 πρός
267 1791 344 1846 τοῦτο
356 1786 503 1866 παραβολὴ
519 1791 564 1846 τοῦ
580 1788 740 1868 ἀντιγράφου
755 1785 841 1862 ἤθελε
856 1785 922 1858 ἴσως
937 1783 1073 1858 ὑποδείξει
1087 1784 1199 1855 πολλάς
1215 1778 1382 1863 διορθώσεις.

92 1917 135 1970 De
149 1917 263 1970 tentorio
278 1917 458 1970 contestante-'co
474 1917 667 1969 Ioanninornm
683 1915 773 1984 consor
787 1915 857 1969 Acta
873 1915 1083 1968 Potriarcttatno
1107 1914 1131 1982 I,
1157 1915 1207 1982 51,
1235 1913 1282 1980 76,
1309 1911 1380 1979 212,

4 2037 805 2114 ,ffiffiffiffimfflmm

222 2321 279 2386 IV.
304 2320 357 2386 Ad
380 2331 454 2394 acta
476 2324 661 2386 monasterii
685 2321 718 2386 S.
733 2320 863 2385 Ioannis
886 2321 917 2384 in
940 2331 1048 2384 monte
1071 2319 1256 2384 Menoeceo.

198 2524 241 2576 De
256 2524 344 2576 oodtce
359 2523 482 2576 metochit
495 2519 524 2576 S.
540 2521 689 2592 Sepulchri,
707 2539 740 2575 eoo
755 2539 805 2591 φιω
820 2527 884 2574 oeta
899 2521 991 2590 edidit,
1006 2523 1032 2575 0.
1048 2519 1149 2575 Sattao
1164 2520 1280 2573 advertit
1296 2517 1382 2587 (Btbt.

91 2663 133 2716 pr.
158 2645 241 2698 medii
268 2645 331 2698 aeni
351 2645 376 2698 Ι.
406 2662 439 2714 p.
465 2643 555 2712 200:
585 2637 610 2695 οἱ
632 2637 832 2716 χρυσόβουλλσι
854 2637 935 2714 λόγοι
956 2633 1019 2715 περὶ
1040 2642 1090 2709 τῆς
1112 2635 1187 2714 παρά
1208 2634 1257 2704 τὰς
1280 2634 1384 2713 Σάρρας

96 2763 132 2820 ἔτι
148 2759 195 2820 καὶ
209 2764 254 2820 νῦν
269 2759 448 2837 ὑφισταμένης
471 2765 557 2834 μονῆς
579 2762 625 2818 τοῦ
643 2758 802 2839 Προδρόμου
822 2759 979 2836 ἐλήφθησαν
1003 2754 1033 2829 ἐξ
1055 2758 1212 2837 άπογράφου
1234 2758 1384 2834 γενομένου

93 2881 154 2960 περὶ
169 2884 217 2953 τὰς
232 2881 321 2960 ἀρχὰς
335 2887 385 2956 της
401 2879 436 2955 ιη’
454 2881 709 2960 ἑκατονταετηρίόος
730 2879 876 2961 ἐπιμελείᾳ
891 2880 1046 2959 Χρυσάνθου
1061 2879 1183 2959 Νοταρά,
1205 2883 1252 2937 τοῦ
1273 2877 1384 2937 κλεινοῦ

4 3007 5 3022 ³
94 3011 147 3064 τῶν
170 3004 369 3085 Ἱεροσολύμων
392 3006 567 3082 πατριάρχου.
602 3005 634 3060 τό
654 3004 834 3082 χειρόγραφον
941 3002 980 3077 μὴ
1002 3002 1269 3080 καταγεγραμμένον
1293 3000 1384 3077 ἐντῷ

94 3127 244 3205 καταλόγῳ
265 3131 315 3202 της
335 3124 524 3204 βιβλιοθήκης,
547 3125 714 3203 φιλοφρόνως
730 3123 947 3201 ἐγνωστοποίησέ
970 3123 1045 3197 pn&
1065 3143 1092 3184 κ.
1110 3123 1144 3182 X.
1163 3122 1191 3183 Γ.
1209 3123 1384 3182 Κωνσταντι-

94 3249 179 3323 νίόης.
227 3255 371 3309 Ioannideo
395 3259 484 3308 antem
506 3254 538 3306 de
568 3252 668 3306 tabulis
689 3269 760 3307 nano
783 3253 903 3322 prinam
926 3270 944 3304 a
967 3252 1042 3305 notio
1066 3252 1159 3306 editis:
1190 3243 1385 3323 χρυσόβουλλα

94 3372 232 3449 Στεφάνου
260 3375 306 3428 τοῦ
335 3369 427 3450 κράλη
458 3369 636 3448 εὑρισκόμενα
667 3367 694 3425 ἐν
724 3369 836 3446 παλαιῷ
863 3389 913 3426 τινι
935 3367 1041 3442 κώδηκι
1063 3368 1318 3447 καταγεγραμμένα
1340 3371 1386 3424 τοό

4 3531 5 3540 1
94 3492 165 3551 κατὰ
185 3493 289 3572 Σάρρας
311 3491 372 3572 περὶ
394 3492 425 3550 τό
449 3491 607 3550 Μενοίκεων
632 3489 693 3568 όρος
716 3488 888 3564 διακειμένου
911 3489 1088 3568 μοναστηρίου
1107 3486 1386 3568 ...ἀπεγράφησαν

95 3614 320 3694 ἀπαραλλάκτως
334 3614 373 3692 τῷ
387 3614 552 3693 πρωτοτόπῳ
567 3611 642 3692 παρὰ
656 3611 793 3690 Γεωργίου
810 3611 963 3670 ’ίωαννίδου
980 3609 1091 3691 ,αωοςᾍ
1123 3617 1153 3671 V.
1172 3633 1204 3686 p.
1224 3619 1273 3685 89,
1297 3617 1316 3670 t.
1335 3619 1385 3672 28.

95 3738 158 3796 ὅσον
182 3738 214 3794 ἂν
238 3741 268 3796 S.
302 3760 333 3812 p.
352 3744 401 3812 90,
425 3743 444 3796 t.
465 3746 481 3796 1
505 3742 561 3796 dete
584 3759 686 3795 commo
703 3746 768 3810 poet
789 3732 948 3812 κεφαλαίου,
982 3757 1015 3810 p.
1034 3740 1084 3806 94,
1108 3740 1126 3792 t.
1146 3743 1184 3792 11
1204 3745 1268 3808 poet
1291 3732 1386 3792 άόειαν

96 3865 166 3918 adde
189 3859 264 3928 όλως
290 3871 315 3917 et
341 3864 359 3918 ί.
379 3865 419 3918 16
440 3871 504 3933 poet
530 3858 622 3916 ntea
645 3863 714 3917 adde
736 3855 800 3936 γὰρ.
846 3861 895 3930 VI,
915 3880 946 3932 p.
965 3862 1006 3916 97
1029 3867 1054 3914 et
1078 3861 1144 3927 VII,
1163 3879 1195 3929 p.
1214 3863 1255 3916 98
1273 3861 1388 3930 praeta

98 3985 268 4040 Ziannorum
291 3992 403 4040 oooatnr
425 3986 514 4040 adhoc
537 3978 691 4050 ἐπίσκοπος.
727 3985 866 4054 Tppn'cam,
892 3984 963 4054 qnod
984 3983 1158 4052 confirmatur
1177 3985 1212 4036 ab
1227 3984 1388 4052 imperatore

96 4108 249 4162 Andronico
273 4107 309 4160 II
327 4115 352 4160 et
374 4126 393 4160 a
409 4107 575 4177 patriarcha
597 4106 695 4174 Erato,
720 4107 893 4160 nnerttttnr:
920 4097 986 4157 τάδε
1010 4101 1098 4158 ἔνεστι
1122 4098 1151 4156 ἐν
1173 4103 1206 4178 τῇ
1229 4097 1319 4176 βίβλῳ
1341 4103 1387 4157 τοῦ

4 4261 5 4272 1
97 4227 207 4282 τυπικοῦ
229 4228 262 4304 τῇ
284 4221 438 4304 συντεθείση
460 4223 525 4300 παρ’
542 4223 609 4296 ἐμοῦ
630 4226 676 4280 τοῦ
698 4225 824 4280 ταπεινοῦ
847 4219 1047 4300 μητροπολίτου
1070 4221 1175 4296 Ζιχνῶν
1197 4217 1245 4276 καί
1266 4218 1388 4296 κτίτορος

96 4351 146 4419 τῆς
170 4345 198 4404 ἐν
213 4344 252 4422 τῷ
273 4344 328 4422 όρει
343 4347 389 4403 τοῦ
404 4345 565 4414 Μενοικέως
587 4342 763 4418 διακειμένης
786 4341 939 4417 σεβασμίας
962 4347 1048 4417 μονῆς
1070 4345 1115 4401 τοῦ
1138 4341 1211 4399 θείου
1229 4338 1388 4420 Προδρόμου

96 4465 143 4526 καὶ
161 4467 308 4525 Βαπτιστοῦ
323 4465 355 4523 ἐκ
370 4470 464 4540 κοινῆς
486 4467 600 4540 γνώμης
621 4471 671 4539 τῆς
693 4465 733 4542 ὑφ’
746 4467 821 4538 ἡμᾶς
844 4466 873 4524 ἐν
888 4465 972 4544 κυρίῳ
987 4463 1181 4542 ἀδελφότητος.
1207 4469 1272 4524 Vide
1288 4467 1389 4524 Sattar

94 4613 125 4664 p.
151 4597 214 4650 209
236 4601 261 4648 ot
277 4609 311 4663 p.
336 4596 398 4648 432
421 4593 501 4662 trojae
523 4593 674 4646 volmnirn'o.
721 4595 874 4664 Βράναῳιτω
898 4594 1065 4648 Ζάσίιηαουκι
1087 4593 1171 4663 σ’φίίυτ
1193 4591 1267 4645 eirea
1288 4608 1388 4645 annam

100 4719 184 4772 1324
218 4717 402 4786 metropolitae
433 4715 563 4786 dipat'tate
594 4716 737 4769 decoratae
767 4722 813 4770 eet.
860 4717 895 4768 In
923 4716 998 4770 Actio
1026 4713 1236 4785 patriarchatus
1266 4733 1284 4766 α
1314 4713 1388 4766 nobis

1133 4827 1183 4878 29*
