<?xml version="1.0" encoding="UTF-8"?>
<!DOCTYPE html PUBLIC "-//W3C//DTD XHTML 1.0 Transitional//EN"
    "http://www.w3.org/TR/xhtml1/DTD/xhtml1-transitional.dtd">
<html xmlns="http://www.w3.org/1999/xhtml" xml:lang="en" lang="en">
 <head>
  <title>
</title>
<meta http-equiv="Content-Type" content="text/html;charset=utf-8" />
  <meta name='ocr-system' content='tesseract 3.04.00' />
  <meta name='ocr-capabilities' content='ocr_page ocr_carea ocr_par ocr_line ocrx_word'/>
</head>
<body>
  <div class='ocr_page' id='page_1' title='image "./actaetdiplomata00miklgoog_0293.png"; bbox 0 0 3486 5282; ppageno 0'>
   <div class='ocr_carea' id='block_1_1' title="bbox 333 297 394 364">
    <p class='ocr_par' dir='ltr' id='par_1_1' title="bbox 333 297 394 364">
     <span class='ocr_line' id='line_1_1' title="bbox 333 297 394 364; baseline 0 -1"><span class='ocrx_word' id='word_1_1' title='bbox 333 297 394 364; x_wconf 85' lang='grc'>186</span> 
     </span>
    </p>
   </div>
   <div class='ocr_carea' id='block_1_2' title="bbox 330 487 1663 4612">
    <p class='ocr_par' dir='ltr' id='par_1_2' title="bbox 330 487 1635 1552">
     <span class='ocr_line' id='line_1_2' title="bbox 331 487 1631 570; baseline -0.003 -20"><span class='ocrx_word' id='word_1_2' title='bbox 331 490 390 566; x_wconf 85' lang='grc' dir='ltr'>βίον</span> <span class='ocrx_word' id='word_1_3' title='bbox 417 492 529 570; x_wconf 83' lang='grc' dir='ltr'>ἔχοντες</span> <span class='ocrx_word' id='word_1_4' title='bbox 554 489 601 551; x_wconf 88' lang='grc' dir='ltr'>καὶ</span> <span class='ocrx_word' id='word_1_5' title='bbox 627 491 657 550; x_wconf 85' lang='grc' dir='ltr'>τό</span> <span class='ocrx_word' id='word_1_6' title='bbox 686 490 868 564; x_wconf 82' lang='grc' dir='ltr'>ἀνεπίληπτον</span> <span class='ocrx_word' id='word_1_7' title='bbox 898 490 927 549; x_wconf 89' lang='grc' dir='ltr'>ἐν</span> <span class='ocrx_word' id='word_1_8' title='bbox 954 495 1019 550; x_wconf 81' lang='grc' dir='ltr'>πᾶσι</span> <span class='ocrx_word' id='word_1_9' title='bbox 1042 489 1230 569; x_wconf 85' lang='grc' dir='ltr'>φυλάττοντες,</span> <span class='ocrx_word' id='word_1_10' title='bbox 1258 489 1461 570; x_wconf 87' lang='grc' dir='ltr'>δδοχειάριος,</span> <span class='ocrx_word' id='word_1_11' title='bbox 1489 487 1631 563; x_wconf 85' lang='grc' dir='ltr'>ἐκκλησι-</span> 
     </span>
     <span class='ocr_line' id='line_1_3' title="bbox 331 607 1634 694; baseline -0.005 -19"><span class='ocrx_word' id='word_1_12' title='bbox 331 616 421 694; x_wconf 87' lang='grc' dir='ltr'>σίρχης</span> <span class='ocrx_word' id='word_1_13' title='bbox 450 613 496 674; x_wconf 89' lang='grc' dir='ltr'>καί</span> <span class='ocrx_word' id='word_1_14' title='bbox 526 611 680 694; x_wconf 88' lang='grc' dir='ltr'>κελλιίρης,</span> <span class='ocrx_word' id='word_1_15' title='bbox 710 612 938 674; x_wconf 88' lang='grc' dir='ltr'>νουθετείσθωσαν</span> <span class='ocrx_word' id='word_1_16' title='bbox 970 611 1001 672; x_wconf 87' lang='grc' dir='ltr'>δέ</span> <span class='ocrx_word' id='word_1_17' title='bbox 1031 613 1103 673; x_wconf 90' lang='grc' dir='ltr'>κατά</span> <span class='ocrx_word' id='word_1_18' title='bbox 1131 612 1194 684; x_wconf 85' lang='grc' dir='ltr'>τσίις</span> <span class='ocrx_word' id='word_1_19' title='bbox 1222 614 1410 693; x_wconf 71' lang='grc' dir='ltr'>προσήκοντας</span> <span class='ocrx_word' id='word_1_20' title='bbox 1438 610 1554 691; x_wconf 75' lang='grc' dir='ltr'>καιροὺς</span> <span class='ocrx_word' id='word_1_21' title='bbox 1588 607 1634 670; x_wconf 88' lang='grc' dir='ltr'>καί</span> 
     </span>
     <span class='ocr_line' id='line_1_4' title="bbox 330 731 1634 819; baseline -0.005 -22"><span class='ocrx_word' id='word_1_22' title='bbox 330 746 408 819; x_wconf 80' lang='grc' dir='ltr'>κοινῇ</span> <span class='ocrx_word' id='word_1_23' title='bbox 435 734 482 796; x_wconf 90' lang='grc' dir='ltr'>καί</span> <span class='ocrx_word' id='word_1_24' title='bbox 509 733 564 819; x_wconf 82' lang='grc' dir='ltr'>ἰδίᾳ</span> <span class='ocrx_word' id='word_1_25' title='bbox 590 735 666 816; x_wconf 85' lang='grc' dir='ltr'>παρὰ</span> <span class='ocrx_word' id='word_1_26' title='bbox 691 739 738 794; x_wconf 81' lang='grc' dir='ltr'>τοί</span> <span class='ocrx_word' id='word_1_27' title='bbox 758 741 929 817; x_wconf 78' lang='grc' dir='ltr'>προεστῶτος</span> <span class='ocrx_word' id='word_1_28' title='bbox 952 738 978 796; x_wconf 93' lang='grc' dir='ltr'>οί</span> <span class='ocrx_word' id='word_1_29' title='bbox 1002 737 1189 808; x_wconf 83' lang='grc' dir='ltr'>διακονοῦντες</span> <span class='ocrx_word' id='word_1_30' title='bbox 1210 740 1257 798; x_wconf 80' lang='grc' dir='ltr'>τοῖν</span> <span class='ocrx_word' id='word_1_31' title='bbox 1277 736 1422 818; x_wconf 86' lang='grc' dir='ltr'>προσέχειν</span> <span class='ocrx_word' id='word_1_32' title='bbox 1445 733 1563 806; x_wconf 79' lang='grc' dir='ltr'>έαυτοίις</span> <span class='ocrx_word' id='word_1_33' title='bbox 1587 731 1634 794; x_wconf 84' lang='grc' dir='ltr'>καί</span> 
     </span>
     <span class='ocr_line' id='line_1_5' title="bbox 330 855 1635 938; baseline -0.002 -20"><span class='ocrx_word' id='word_1_34' title='bbox 330 861 375 919; x_wconf 81' lang='grc' dir='ltr'>τόν</span> <span class='ocrx_word' id='word_1_35' title='bbox 397 862 444 920; x_wconf 76' lang='grc' dir='ltr'>τοῦ</span> <span class='ocrx_word' id='word_1_36' title='bbox 467 859 529 920; x_wconf 84' lang='grc' dir='ltr'>θεοῶ</span> <span class='ocrx_word' id='word_1_37' title='bbox 552 857 634 938; x_wconf 87' lang='grc' dir='ltr'>φόβον</span> <span class='ocrx_word' id='word_1_38' title='bbox 657 859 732 936; x_wconf 85' lang='grc' dir='ltr'>ἔχειν</span> <span class='ocrx_word' id='word_1_39' title='bbox 755 856 803 920; x_wconf 90' lang='grc' dir='ltr'>καί</span> <span class='ocrx_word' id='word_1_40' title='bbox 825 859 977 932; x_wconf 82' lang='grc' dir='ltr'>σπουδαίως</span> <span class='ocrx_word' id='word_1_41' title='bbox 999 856 1046 920; x_wconf 89' lang='grc' dir='ltr'>καί</span> <span class='ocrx_word' id='word_1_42' title='bbox 1062 857 1132 934; x_wconf 82' lang='grc' dir='ltr'>μετὰ</span> <span class='ocrx_word' id='word_1_43' title='bbox 1145 860 1236 935; x_wconf 89' lang='grc' dir='ltr'>πάσης</span> <span class='ocrx_word' id='word_1_44' title='bbox 1251 858 1362 938; x_wconf 79' lang='grc' dir='ltr'>ἀγάπης</span> <span class='ocrx_word' id='word_1_45' title='bbox 1376 855 1424 919; x_wconf 88' lang='grc' dir='ltr'>καί</span> <span class='ocrx_word' id='word_1_46' title='bbox 1438 859 1635 937; x_wconf 83' lang='grc' dir='ltr'>καθαρότητος</span> 
     </span>
     <span class='ocr_line' id='line_1_6' title="bbox 331 976 1634 1062; baseline -0.003 -21"><span class='ocrx_word' id='word_1_47' title='bbox 331 981 476 1058; x_wconf 81' lang='grc' dir='ltr'>διακονεῖν,</span> <span class='ocrx_word' id='word_1_48' title='bbox 500 980 538 1052; x_wconf 87' lang='grc' dir='ltr'>ῶς</span> <span class='ocrx_word' id='word_1_49' title='bbox 559 980 608 1055; x_wconf 79' lang='grc' dir='ltr'>τὴν</span> <span class='ocrx_word' id='word_1_50' title='bbox 630 983 821 1062; x_wconf 87' lang='grc' dir='ltr'>πανάχραντον</span> <span class='ocrx_word' id='word_1_51' title='bbox 844 981 986 1042; x_wconf 82' lang='grc' dir='ltr'>δέσποιναν</span> <span class='ocrx_word' id='word_1_52' title='bbox 1007 981 1087 1057; x_wconf 86' lang='grc' dir='ltr'>ήμῶν</span> <span class='ocrx_word' id='word_1_53' title='bbox 1110 978 1157 1042; x_wconf 89' lang='grc' dir='ltr'>καί</span> <span class='ocrx_word' id='word_1_54' title='bbox 1179 982 1308 1042; x_wconf 89' lang='grc' dir='ltr'>θεοτόκον</span> <span class='ocrx_word' id='word_1_55' title='bbox 1331 981 1426 1062; x_wconf 81' lang='grc' dir='ltr'>ἔφορον</span> <span class='ocrx_word' id='word_1_56' title='bbox 1447 981 1571 1059; x_wconf 80' lang='grc' dir='ltr'>ἔχοντας</span> <span class='ocrx_word' id='word_1_57' title='bbox 1587 976 1634 1038; x_wconf 82' lang='grc' dir='ltr'>καί</span> 
     </span>
     <span class='ocr_line' id='line_1_7' title="bbox 330 1101 1635 1186; baseline -0.006 -21"><span class='ocrx_word' id='word_1_58' title='bbox 330 1105 394 1186; x_wconf 89' lang='grc' dir='ltr'>παρ’</span> <span class='ocrx_word' id='word_1_59' title='bbox 407 1105 490 1180; x_wconf 80' lang='grc' dir='ltr'>αίντής</span> <span class='ocrx_word' id='word_1_60' title='bbox 517 1103 758 1182; x_wconf 76' lang='grc' dir='ltr'>ἀπεκδεχομένους</span> <span class='ocrx_word' id='word_1_61' title='bbox 786 1103 878 1178; x_wconf 83' lang='grc' dir='ltr'>μισθόν</span> <span class='ocrx_word' id='word_1_62' title='bbox 906 1102 976 1180; x_wconf 80' lang='grc' dir='ltr'>μετὰ</span> <span class='ocrx_word' id='word_1_63' title='bbox 997 1109 1051 1164; x_wconf 91' lang='grc' dir='ltr'>τῶν</span> <span class='ocrx_word' id='word_1_64' title='bbox 1073 1103 1308 1185; x_wconf 70' lang='grc' dir='ltr'>κατορθουμένων,</span> <span class='ocrx_word' id='word_1_65' title='bbox 1339 1104 1495 1183; x_wconf 76' lang='grc' dir='ltr'>κατάκρισιν</span> <span class='ocrx_word' id='word_1_66' title='bbox 1517 1101 1555 1162; x_wconf 81' lang='grc' dir='ltr'>δὲ</span> <span class='ocrx_word' id='word_1_67' title='bbox 1579 1105 1635 1159; x_wconf 87' lang='grc' dir='ltr'>τῶν</span> 
     </span>
     <span class='ocr_line' id='line_1_8' title="bbox 330 1221 1634 1306; baseline -0.004 -20"><span class='ocrx_word' id='word_1_68' title='bbox 330 1225 405 1306; x_wconf 91' lang='grc' dir='ltr'>παρά</span> <span class='ocrx_word' id='word_1_69' title='bbox 430 1227 461 1286; x_wconf 85' lang='grc' dir='ltr'>τό</span> <span class='ocrx_word' id='word_1_70' title='bbox 488 1223 562 1298; x_wconf 87' lang='grc' dir='ltr'>είκδς</span> <span class='ocrx_word' id='word_1_71' title='bbox 589 1221 829 1302; x_wconf 76' lang='grc' dir='ltr'>ἀποτελουμένων·</span> <span class='ocrx_word' id='word_1_72' title='bbox 864 1226 1000 1306; x_wconf 86' lang='grc' dir='ltr'>δφείλσυσι</span> <span class='ocrx_word' id='word_1_73' title='bbox 1028 1224 1059 1287; x_wconf 84' lang='grc' dir='ltr'>δέ</span> <span class='ocrx_word' id='word_1_74' title='bbox 1081 1223 1129 1286; x_wconf 88' lang='grc' dir='ltr'>καί</span> <span class='ocrx_word' id='word_1_75' title='bbox 1150 1224 1221 1286; x_wconf 81' lang='grc' dir='ltr'>κατὰ</span> <span class='ocrx_word' id='word_1_76' title='bbox 1242 1224 1292 1298; x_wconf 88' lang='grc' dir='ltr'>τάς</span> <span class='ocrx_word' id='word_1_77' title='bbox 1314 1221 1438 1298; x_wconf 79' lang='grc' dir='ltr'>συνόξεις</span> <span class='ocrx_word' id='word_1_78' title='bbox 1459 1229 1513 1284; x_wconf 90' lang='grc' dir='ltr'>τῶν</span> <span class='ocrx_word' id='word_1_79' title='bbox 1538 1223 1634 1300; x_wconf 85' lang='grc' dir='ltr'>εἰιχῶν</span> 
     </span>
     <span class='ocr_line' id='line_1_9' title="bbox 331 1343 1634 1428; baseline -0.003 -20"><span class='ocrx_word' id='word_1_80' title='bbox 331 1347 461 1426; x_wconf 81' lang='grc' dir='ltr'>ἀπαντᾶν,</span> <span class='ocrx_word' id='word_1_81' title='bbox 485 1349 529 1408; x_wconf 89' lang='grc' dir='ltr'>ότε</span> <span class='ocrx_word' id='word_1_82' title='bbox 554 1347 684 1428; x_wconf 79' lang='grc' dir='ltr'>δύναιντο,</span> <span class='ocrx_word' id='word_1_83' title='bbox 707 1345 754 1408; x_wconf 89' lang='grc' dir='ltr'>καὶ</span> <span class='ocrx_word' id='word_1_84' title='bbox 776 1351 832 1420; x_wconf 92' lang='grc' dir='ltr'>τοῖς</span> <span class='ocrx_word' id='word_1_85' title='bbox 853 1349 916 1408; x_wconf 82' lang='grc' dir='ltr'>καθ’</span> <span class='ocrx_word' id='word_1_86' title='bbox 929 1348 1030 1408; x_wconf 81' lang='grc' dir='ltr'>ἑαυτῶν</span> <span class='ocrx_word' id='word_1_87' title='bbox 1052 1347 1241 1424; x_wconf 88' lang='grc' dir='ltr'>ἐπιμελεῖσθαι</span> <span class='ocrx_word' id='word_1_88' title='bbox 1256 1343 1424 1427; x_wconf 80' lang='grc' dir='ltr'>ψαλμῳδίας</span> <span class='ocrx_word' id='word_1_89' title='bbox 1438 1343 1486 1406; x_wconf 87' lang='grc' dir='ltr'>καὶ</span> <span class='ocrx_word' id='word_1_90' title='bbox 1501 1345 1542 1422; x_wconf 83' lang='grc' dir='ltr'>μὴ</span> <span class='ocrx_word' id='word_1_91' title='bbox 1559 1365 1634 1424; x_wconf 88' lang='grc' dir='ltr'>προ-</span> 
     </span>
     <span class='ocr_line' id='line_1_10' title="bbox 331 1466 1518 1552; baseline 0.002 -24"><span class='ocrx_word' id='word_1_92' title='bbox 331 1471 408 1550; x_wconf 89' lang='grc' dir='ltr'>φάσει</span> <span class='ocrx_word' id='word_1_93' title='bbox 430 1475 479 1546; x_wconf 83' lang='grc' dir='ltr'>τῆς</span> <span class='ocrx_word' id='word_1_94' title='bbox 502 1466 641 1542; x_wconf 81' lang='grc' dir='ltr'>διακονίας</span> <span class='ocrx_word' id='word_1_95' title='bbox 664 1470 792 1552; x_wconf 77' lang='grc' dir='ltr'>ῥᾳθυμεῖν</span> <span class='ocrx_word' id='word_1_96' title='bbox 814 1468 928 1532; x_wconf 80' lang='grc' dir='ltr'>καὶτοῦ</span> <span class='ocrx_word' id='word_1_97' title='bbox 951 1470 1164 1552; x_wconf 77' lang='grc' dir='ltr'>ἀναγκαιοτέραν</span> <span class='ocrx_word' id='word_1_98' title='bbox 1186 1468 1384 1552; x_wconf 88' lang='grc' dir='ltr'>κατολιγωρεῖν</span> <span class='ocrx_word' id='word_1_99' title='bbox 1407 1469 1518 1550; x_wconf 85' lang='grc' dir='ltr'>μέρους.</span> 
     </span>
    </p>

    <p class='ocr_par' dir='ltr' id='par_1_3' title="bbox 434 1589 1208 1674">
     <span class='ocr_line' id='line_1_11' title="bbox 434 1589 1208 1674; baseline 0.005 -23"><span class='ocrx_word' id='word_1_100' title='bbox 434 1589 472 1669; x_wconf 82' lang='grc' dir='ltr'>η’.</span> <span class='ocrx_word' id='word_1_101' title='bbox 497 1590 577 1672; x_wconf 87' lang='grc' dir='ltr'>Περὶ</span> <span class='ocrx_word' id='word_1_102' title='bbox 599 1591 756 1674; x_wconf 80' lang='grc' dir='ltr'>προνοίας</span> <span class='ocrx_word' id='word_1_103' title='bbox 778 1598 840 1654; x_wconf 91' lang='grc' dir='ltr'>τῶν</span> <span class='ocrx_word' id='word_1_104' title='bbox 863 1593 1028 1668; x_wconf 77' lang='grc' dir='ltr'>ἀκινήτων</span> <span class='ocrx_word' id='word_1_105' title='bbox 1046 1595 1208 1668; x_wconf 91' lang='grc' dir='ltr'>κτήσεων.</span> 
     </span>
    </p>

    <p class='ocr_par' dir='ltr' id='par_1_4' title="bbox 330 1709 1633 2164">
     <span class='ocr_line' id='line_1_12' title="bbox 438 1709 1633 1800; baseline -0.003 -26"><span class='ocrx_word' id='word_1_106' title='bbox 438 1713 552 1790; x_wconf 79' lang='grc' dir='ltr'>Ἐπειδὴ</span> <span class='ocrx_word' id='word_1_107' title='bbox 575 1712 622 1774; x_wconf 90' lang='grc' dir='ltr'>καὶ</span> <span class='ocrx_word' id='word_1_108' title='bbox 644 1714 786 1791; x_wconf 70' lang='grc' dir='ltr'>ἀκινήτους</span> <span class='ocrx_word' id='word_1_109' title='bbox 807 1717 917 1791; x_wconf 80' lang='grc' dir='ltr'>κτήσεις</span> <span class='ocrx_word' id='word_1_110' title='bbox 938 1715 1107 1790; x_wconf 82' lang='grc' dir='ltr'>ἐπεκτήσατο</span> <span class='ocrx_word' id='word_1_111' title='bbox 1126 1711 1156 1800; x_wconf 85' lang='grc' dir='ltr'>[ή</span> <span class='ocrx_word' id='word_1_112' title='bbox 1179 1709 1273 1798; x_wconf 89' lang='grc' dir='ltr'>μονή],</span> <span class='ocrx_word' id='word_1_113' title='bbox 1296 1711 1407 1776; x_wconf 89' lang='grc' dir='ltr'>δεῖκαὶ</span> <span class='ocrx_word' id='word_1_114' title='bbox 1429 1713 1529 1774; x_wconf 85' lang='grc' dir='ltr'>τοίιπων</span> <span class='ocrx_word' id='word_1_115' title='bbox 1545 1733 1633 1792; x_wconf 89' lang='grc' dir='ltr'>φρον-</span> 
     </span>
     <span class='ocr_line' id='line_1_13' title="bbox 331 1833 1632 1918; baseline -0.003 -20"><span class='ocrx_word' id='word_1_116' title='bbox 331 1837 412 1908; x_wconf 79' lang='grc' dir='ltr'>τίζειν</span> <span class='ocrx_word' id='word_1_117' title='bbox 434 1836 479 1896; x_wconf 77' lang='grc' dir='ltr'>τὀν</span> <span class='ocrx_word' id='word_1_118' title='bbox 501 1841 658 1918; x_wconf 84' lang='grc' dir='ltr'>προεστῶτα</span> <span class='ocrx_word' id='word_1_119' title='bbox 680 1835 728 1897; x_wconf 88' lang='grc' dir='ltr'>καί</span> <span class='ocrx_word' id='word_1_120' title='bbox 750 1837 857 1917; x_wconf 86' lang='grc' dir='ltr'>ἐφιοτοῖν</span> <span class='ocrx_word' id='word_1_121' title='bbox 880 1839 973 1910; x_wconf 80' lang='grc' dir='ltr'>αάταῖς</span> <span class='ocrx_word' id='word_1_122' title='bbox 995 1837 1117 1916; x_wconf 86' lang='grc' dir='ltr'>μσναχόν</span> <span class='ocrx_word' id='word_1_123' title='bbox 1138 1837 1254 1918; x_wconf 84' lang='grc' dir='ltr'>γηραιόν</span> <span class='ocrx_word' id='word_1_124' title='bbox 1276 1833 1324 1897; x_wconf 88' lang='grc' dir='ltr'>καὶ</span> <span class='ocrx_word' id='word_1_125' title='bbox 1345 1836 1444 1912; x_wconf 83' lang='grc' dir='ltr'>σεμνόν</span> <span class='ocrx_word' id='word_1_126' title='bbox 1467 1833 1515 1896; x_wconf 89' lang='grc' dir='ltr'>καί</span> <span class='ocrx_word' id='word_1_127' title='bbox 1530 1833 1632 1894; x_wconf 86' lang='grc' dir='ltr'>ἀνεπί-</span> 
     </span>
     <span class='ocr_line' id='line_1_14' title="bbox 330 1957 1632 2039; baseline -0.006 -19"><span class='ocrx_word' id='word_1_128' title='bbox 330 1959 436 2038; x_wconf 80' lang='grc' dir='ltr'>λτρττον</span> <span class='ocrx_word' id='word_1_129' title='bbox 463 1959 521 2035; x_wconf 86' lang='grc' dir='ltr'>βίον</span> <span class='ocrx_word' id='word_1_130' title='bbox 545 1959 654 2037; x_wconf 85' lang='grc' dir='ltr'>έχοντα,</span> <span class='ocrx_word' id='word_1_131' title='bbox 682 1961 721 2032; x_wconf 85' lang='grc' dir='ltr'>ι’σς</span> <span class='ocrx_word' id='word_1_132' title='bbox 747 1962 780 2019; x_wconf 85' lang='grc' dir='ltr'>ἀν</span> <span class='ocrx_word' id='word_1_133' title='bbox 809 1959 843 2020; x_wconf 81' lang='grc' dir='ltr'>δι’</span> <span class='ocrx_word' id='word_1_134' title='bbox 857 1959 936 2020; x_wconf 85' lang='grc' dir='ltr'>αίιτοῖι</span> <span class='ocrx_word' id='word_1_135' title='bbox 957 1964 1006 2034; x_wconf 77' lang='grc' dir='ltr'>τῆς</span> <span class='ocrx_word' id='word_1_136' title='bbox 1030 1959 1144 2037; x_wconf 85' lang='grc' dir='ltr'>δεοίισης</span> <span class='ocrx_word' id='word_1_137' title='bbox 1167 1958 1329 2035; x_wconf 87' lang='grc' dir='ltr'>ἐπιμελείας</span> <span class='ocrx_word' id='word_1_138' title='bbox 1350 1959 1499 2039; x_wconf 78' lang='grc' dir='ltr'>γινομένης</span> <span class='ocrx_word' id='word_1_139' title='bbox 1522 1957 1632 2019; x_wconf 85' lang='grc' dir='ltr'>ἐκεῖθεν</span> 
     </span>
     <span class='ocr_line' id='line_1_15' title="bbox 330 2079 1338 2164; baseline 0.002 -23"><span class='ocrx_word' id='word_1_140' title='bbox 330 2081 365 2141; x_wconf 81' lang='grc' dir='ltr'>τὰ</span> <span class='ocrx_word' id='word_1_141' title='bbox 385 2081 507 2163; x_wconf 87' lang='grc' dir='ltr'>χρειῶδη</span> <span class='ocrx_word' id='word_1_142' title='bbox 530 2079 577 2142; x_wconf 89' lang='grc' dir='ltr'>καί</span> <span class='ocrx_word' id='word_1_143' title='bbox 599 2083 667 2162; x_wconf 86' lang='grc' dir='ltr'>πρδς</span> <span class='ocrx_word' id='word_1_144' title='bbox 688 2083 786 2162; x_wconf 82' lang='grc' dir='ltr'>τροφὴν</span> <span class='ocrx_word' id='word_1_145' title='bbox 809 2081 950 2157; x_wconf 87' lang='grc' dir='ltr'>ἐπιτήδεια</span> <span class='ocrx_word' id='word_1_146' title='bbox 971 2081 1043 2144; x_wconf 85' lang='grc' dir='ltr'>κατά</span> <span class='ocrx_word' id='word_1_147' title='bbox 1063 2083 1157 2164; x_wconf 88' lang='grc' dir='ltr'>καιρδν</span> <span class='ocrx_word' id='word_1_148' title='bbox 1179 2081 1338 2164; x_wconf 81' lang='grc' dir='ltr'>πορίζοιντσ.</span> 
     </span>
    </p>

    <p class='ocr_par' dir='ltr' id='par_1_5' title="bbox 435 2201 934 2285">
     <span class='ocr_line' id='line_1_16' title="bbox 435 2201 934 2285; baseline 0.006 -22"><span class='ocrx_word' id='word_1_149' title='bbox 435 2201 469 2263; x_wconf 84' lang='grc' dir='ltr'>θ’.</span> <span class='ocrx_word' id='word_1_150' title='bbox 495 2203 575 2285; x_wconf 87' lang='grc' dir='ltr'>Περὶ</span> <span class='ocrx_word' id='word_1_151' title='bbox 597 2209 659 2265; x_wconf 91' lang='grc' dir='ltr'>τῶν</span> <span class='ocrx_word' id='word_1_152' title='bbox 682 2205 934 2276; x_wconf 79' lang='grc' dir='ltr'>στασιαζόντων.</span> 
     </span>
    </p>

    <p class='ocr_par' dir='ltr' id='par_1_6' title="bbox 330 2322 1663 3750">
     <span class='ocr_line' id='line_1_17' title="bbox 436 2322 1631 2408; baseline 0 -23"><span class='ocrx_word' id='word_1_153' title='bbox 436 2322 493 2385; x_wconf 83' lang='grc' dir='ltr'>Καὶ</span> <span class='ocrx_word' id='word_1_154' title='bbox 516 2324 543 2385; x_wconf 87' lang='grc' dir='ltr'>εἴ</span> <span class='ocrx_word' id='word_1_155' title='bbox 561 2345 633 2397; x_wconf 92' lang='grc' dir='ltr'>τινες</span> <span class='ocrx_word' id='word_1_156' title='bbox 656 2325 688 2386; x_wconf 87' lang='grc' dir='ltr'>δέ</span> <span class='ocrx_word' id='word_1_157' title='bbox 709 2331 763 2386; x_wconf 89' lang='grc' dir='ltr'>τῶν</span> <span class='ocrx_word' id='word_1_158' title='bbox 785 2325 991 2408; x_wconf 88' lang='grc' dir='ltr'>όλιγωροτέρων</span> <span class='ocrx_word' id='word_1_159' title='bbox 1014 2325 1143 2406; x_wconf 84' lang='grc' dir='ltr'>ἀδελφῶν</span> <span class='ocrx_word' id='word_1_160' title='bbox 1166 2325 1197 2401; x_wconf 78' lang='grc' dir='ltr'>ἐξ</span> <span class='ocrx_word' id='word_1_161' title='bbox 1213 2325 1343 2408; x_wconf 86' lang='grc' dir='ltr'>ἐπηρείας</span> <span class='ocrx_word' id='word_1_162' title='bbox 1358 2325 1520 2405; x_wconf 78' lang='grc' dir='ltr'>δαιμονικής</span> <span class='ocrx_word' id='word_1_163' title='bbox 1534 2327 1631 2388; x_wconf 88' lang='grc' dir='ltr'>όπωσ-</span> 
     </span>
     <span class='ocr_line' id='line_1_18' title="bbox 332 2446 1630 2531; baseline -0.002 -22"><span class='ocrx_word' id='word_1_164' title='bbox 332 2447 433 2524; x_wconf 88' lang='grc' dir='ltr'>δήποτε</span> <span class='ocrx_word' id='word_1_165' title='bbox 455 2449 633 2528; x_wconf 85' lang='grc' dir='ltr'>στασιάζοιεν,</span> <span class='ocrx_word' id='word_1_166' title='bbox 657 2447 684 2508; x_wconf 93' lang='grc' dir='ltr'>εί</span> <span class='ocrx_word' id='word_1_167' title='bbox 695 2468 730 2528; x_wconf 87' lang='grc' dir='ltr'>γε</span> <span class='ocrx_word' id='word_1_168' title='bbox 754 2448 824 2526; x_wconf 87' lang='grc' dir='ltr'>μετά</span> <span class='ocrx_word' id='word_1_169' title='bbox 844 2449 999 2530; x_wconf 85' lang='grc' dir='ltr'>παραίνεσιν</span> <span class='ocrx_word' id='word_1_170' title='bbox 1016 2449 1142 2530; x_wconf 82' lang='grc' dir='ltr'>δευτέραν</span> <span class='ocrx_word' id='word_1_171' title='bbox 1157 2447 1205 2510; x_wconf 85' lang='grc' dir='ltr'>καί</span> <span class='ocrx_word' id='word_1_172' title='bbox 1218 2447 1308 2531; x_wconf 86' lang='grc' dir='ltr'>τρίτην</span> <span class='ocrx_word' id='word_1_173' title='bbox 1324 2449 1478 2526; x_wconf 76' lang='grc' dir='ltr'>ἐπιμένσιεν</span> <span class='ocrx_word' id='word_1_174' title='bbox 1494 2446 1630 2529; x_wconf 77' lang='grc' dir='ltr'>ἐρίζοντες</span> 
     </span>
     <span class='ocr_line' id='line_1_19' title="bbox 331 2563 1663 2651; baseline -0.002 -21"><span class='ocrx_word' id='word_1_175' title='bbox 331 2566 378 2630; x_wconf 90' lang='grc' dir='ltr'>καί</span> <span class='ocrx_word' id='word_1_176' title='bbox 407 2569 633 2650; x_wconf 83' lang='grc' dir='ltr'>φιλονεικοῦντες,</span> <span class='ocrx_word' id='word_1_177' title='bbox 663 2567 710 2630; x_wconf 89' lang='grc' dir='ltr'>καί</span> <span class='ocrx_word' id='word_1_178' title='bbox 736 2564 784 2647; x_wconf 77' lang='grc' dir='ltr'>τήν</span> <span class='ocrx_word' id='word_1_179' title='bbox 815 2571 967 2649; x_wconf 83' lang='grc' dir='ltr'>μοναχικὴν</span> <span class='ocrx_word' id='word_1_180' title='bbox 989 2573 1150 2631; x_wconf 85' lang='grc' dir='ltr'>κατάστασιν</span> <span class='ocrx_word' id='word_1_181' title='bbox 1172 2569 1220 2633; x_wconf 89' lang='grc' dir='ltr'>καί</span> <span class='ocrx_word' id='word_1_182' title='bbox 1242 2569 1368 2650; x_wconf 86' lang='grc' dir='ltr'>γαλήνην</span> <span class='ocrx_word' id='word_1_183' title='bbox 1395 2571 1629 2651; x_wconf 88' lang='grc' dir='ltr'>συνταράττονται,</span> <span class='ocrx_word' id='word_1_184' title='bbox 1662 2563 1663 2568; x_wconf 64' lang='grc'>’</span> 
     </span>
     <span class='ocr_line' id='line_1_20' title="bbox 332 2685 1629 2774; baseline -0.002 -23"><span class='ocrx_word' id='word_1_185' title='bbox 332 2690 550 2771; x_wconf 88' lang='grc' dir='ltr'>ἐγκλειέσθωσαν</span> <span class='ocrx_word' id='word_1_186' title='bbox 573 2692 602 2751; x_wconf 90' lang='grc' dir='ltr'>έν</span> <span class='ocrx_word' id='word_1_187' title='bbox 624 2711 673 2752; x_wconf 89' lang='grc' dir='ltr'>τινι</span> <span class='ocrx_word' id='word_1_188' title='bbox 695 2691 803 2773; x_wconf 85' lang='grc' dir='ltr'>κελλίῳ</span> <span class='ocrx_word' id='word_1_189' title='bbox 824 2687 859 2753; x_wconf 87' lang='grc' dir='ltr'>τά</span> <span class='ocrx_word' id='word_1_190' title='bbox 880 2697 975 2774; x_wconf 84' lang='grc' dir='ltr'>πρῶτα</span> <span class='ocrx_word' id='word_1_191' title='bbox 996 2687 1112 2772; x_wconf 79' lang='grc' dir='ltr'>ἡσυχίας</span> <span class='ocrx_word' id='word_1_192' title='bbox 1135 2695 1218 2754; x_wconf 81' lang='grc' dir='ltr'>ἕνεκα</span> <span class='ocrx_word' id='word_1_193' title='bbox 1239 2689 1287 2754; x_wconf 87' lang='grc' dir='ltr'>καί</span> <span class='ocrx_word' id='word_1_194' title='bbox 1308 2685 1510 2772; x_wconf 82' lang='grc' dir='ltr'>ταπεινώσεως,</span> <span class='ocrx_word' id='word_1_195' title='bbox 1532 2689 1581 2752; x_wconf 89' lang='grc' dir='ltr'>καί</span> <span class='ocrx_word' id='word_1_196' title='bbox 1606 2687 1629 2750; x_wconf 84' lang='grc' dir='ltr'>εί</span> 
     </span>
     <span class='ocr_line' id='line_1_21' title="bbox 331 2812 1626 2896; baseline -0.002 -23"><span class='ocrx_word' id='word_1_197' title='bbox 331 2813 382 2891; x_wconf 83' lang='grc' dir='ltr'>μὲν</span> <span class='ocrx_word' id='word_1_198' title='bbox 405 2814 543 2894; x_wconf 82' lang='grc' dir='ltr'>διόρθωσιν</span> <span class='ocrx_word' id='word_1_199' title='bbox 565 2813 679 2888; x_wconf 84' lang='grc' dir='ltr'>λάβοιεν</span> <span class='ocrx_word' id='word_1_200' title='bbox 701 2813 748 2876; x_wconf 93' lang='grc' dir='ltr'>καί</span> <span class='ocrx_word' id='word_1_201' title='bbox 770 2818 847 2876; x_wconf 81' lang='grc' dir='ltr'>τοῦτο</span> <span class='ocrx_word' id='word_1_202' title='bbox 869 2819 915 2875; x_wconf 82' lang='grc' dir='ltr'>τοῦ</span> <span class='ocrx_word' id='word_1_203' title='bbox 936 2821 1106 2896; x_wconf 87' lang='grc' dir='ltr'>προεστῶτος</span> <span class='ocrx_word' id='word_1_204' title='bbox 1128 2812 1175 2876; x_wconf 86' lang='grc' dir='ltr'>καί</span> <span class='ocrx_word' id='word_1_205' title='bbox 1196 2821 1250 2876; x_wconf 89' lang='grc' dir='ltr'>τῶν</span> <span class='ocrx_word' id='word_1_206' title='bbox 1272 2815 1378 2878; x_wconf 85' lang='grc' dir='ltr'>λοιπῶν</span> <span class='ocrx_word' id='word_1_207' title='bbox 1400 2815 1575 2890; x_wconf 79' lang='grc' dir='ltr'>μοναζόντισν</span> <span class='ocrx_word' id='word_1_208' title='bbox 1597 2812 1626 2870; x_wconf 80' lang='grc' dir='ltr'>τό</span> 
     </span>
     <span class='ocr_line' id='line_1_22' title="bbox 330 2933 1625 3021; baseline -0.001 -24"><span class='ocrx_word' id='word_1_209' title='bbox 330 2936 505 3018; x_wconf 89' lang='grc' dir='ltr'>κατόρθωμα,</span> <span class='ocrx_word' id='word_1_210' title='bbox 534 2933 556 2996; x_wconf 89' lang='grc' dir='ltr'>εί</span> <span class='ocrx_word' id='word_1_211' title='bbox 584 2935 615 2996; x_wconf 91' lang='grc' dir='ltr'>δέ</span> <span class='ocrx_word' id='word_1_212' title='bbox 642 2938 691 3016; x_wconf 90' lang='grc' dir='ltr'>μή,</span> <span class='ocrx_word' id='word_1_213' title='bbox 720 2935 954 3011; x_wconf 85' lang='grc' dir='ltr'>ἐκβαλλέσθωσαν</span> <span class='ocrx_word' id='word_1_214' title='bbox 981 2937 1020 3010; x_wconf 85' lang='grc' dir='ltr'>ῶς</span> <span class='ocrx_word' id='word_1_215' title='bbox 1047 2933 1160 3021; x_wconf 86' lang='grc' dir='ltr'>ἀνίατοι,</span> <span class='ocrx_word' id='word_1_216' title='bbox 1189 2939 1295 3014; x_wconf 85' lang='grc' dir='ltr'>μήποτε</span> <span class='ocrx_word' id='word_1_217' title='bbox 1321 2935 1370 2998; x_wconf 89' lang='grc' dir='ltr'>καί</span> <span class='ocrx_word' id='word_1_218' title='bbox 1395 2939 1453 3010; x_wconf 84' lang='grc' dir='ltr'>τοῖς</span> <span class='ocrx_word' id='word_1_219' title='bbox 1481 2935 1625 3016; x_wconf 72' lang='grc' dir='ltr'>ὑγιαίνουσι</span> 
     </span>
     <span class='ocr_line' id='line_1_23' title="bbox 332 3055 1625 3140; baseline 0.002 -22"><span class='ocrx_word' id='word_1_220' title='bbox 332 3059 476 3136; x_wconf 89' lang='grc' dir='ltr'>μεταδοῖεν</span> <span class='ocrx_word' id='word_1_221' title='bbox 499 3064 548 3136; x_wconf 84' lang='grc' dir='ltr'>τῆς</span> <span class='ocrx_word' id='word_1_222' title='bbox 571 3060 657 3120; x_wconf 80' lang='grc' dir='ltr'>αι’πῶν</span> <span class='ocrx_word' id='word_1_223' title='bbox 679 3059 770 3136; x_wconf 85' lang='grc' dir='ltr'>λόμης</span> <span class='ocrx_word' id='word_1_224' title='bbox 791 3057 839 3121; x_wconf 90' lang='grc' dir='ltr'>καί</span> <span class='ocrx_word' id='word_1_225' title='bbox 862 3061 994 3136; x_wconf 80' lang='grc' dir='ltr'>μειζόνων</span> <span class='ocrx_word' id='word_1_226' title='bbox 1016 3058 1095 3120; x_wconf 85' lang='grc' dir='ltr'>αίτιοι</span> <span class='ocrx_word' id='word_1_227' title='bbox 1117 3061 1248 3140; x_wconf 88' lang='grc' dir='ltr'>γένωνται</span> <span class='ocrx_word' id='word_1_228' title='bbox 1268 3059 1443 3122; x_wconf 84' lang='grc' dir='ltr'>σκανδαλων.</span> <span class='ocrx_word' id='word_1_229' title='bbox 1465 3059 1505 3140; x_wconf 82' lang='grc' dir='ltr'>τῷ</span> <span class='ocrx_word' id='word_1_230' title='bbox 1521 3055 1625 3135; x_wconf 66' lang='grc' dir='ltr'>δ’σάτιῖι</span> 
     </span>
     <span class='ocr_line' id='line_1_24' title="bbox 332 3178 1625 3264; baseline 0.001 -23"><span class='ocrx_word' id='word_1_231' title='bbox 332 3179 456 3261; x_wconf 83' lang='grc' dir='ltr'>ἐπιτιμίῳ</span> <span class='ocrx_word' id='word_1_232' title='bbox 486 3181 660 3243; x_wconf 82' lang='grc' dir='ltr'>ίκτοπεσεῖται</span> <span class='ocrx_word' id='word_1_233' title='bbox 689 3180 737 3243; x_wconf 89' lang='grc' dir='ltr'>καὶ</span> <span class='ocrx_word' id='word_1_234' title='bbox 768 3181 795 3242; x_wconf 88' lang='grc' dir='ltr'>εί</span> <span class='ocrx_word' id='word_1_235' title='bbox 818 3201 858 3254; x_wconf 88' lang='grc' dir='ltr'>τις</span> <span class='ocrx_word' id='word_1_236' title='bbox 886 3180 1009 3256; x_wconf 86' lang='grc' dir='ltr'>ἀπειθοίη</span> <span class='ocrx_word' id='word_1_237' title='bbox 1036 3178 1074 3260; x_wconf 82' lang='grc' dir='ltr'>τῷ</span> <span class='ocrx_word' id='word_1_238' title='bbox 1100 3185 1249 3264; x_wconf 88' lang='grc' dir='ltr'>προεστῶτι</span> <span class='ocrx_word' id='word_1_239' title='bbox 1274 3182 1415 3256; x_wconf 80' lang='grc' dir='ltr'>πολλάκις</span> <span class='ocrx_word' id='word_1_240' title='bbox 1443 3181 1625 3262; x_wconf 86' lang='grc' dir='ltr'>ἀναισχυντῶν</span> 
     </span>
     <span class='ocr_line' id='line_1_25' title="bbox 331 3299 1624 3385; baseline -0.004 -20"><span class='ocrx_word' id='word_1_241' title='bbox 331 3301 378 3366; x_wconf 85' lang='grc' dir='ltr'>καί</span> <span class='ocrx_word' id='word_1_242' title='bbox 402 3303 440 3380; x_wconf 87' lang='grc' dir='ltr'>μὴ</span> <span class='ocrx_word' id='word_1_243' title='bbox 464 3303 663 3385; x_wconf 80' lang='grc' dir='ltr'>διορθούμενος.</span> <span class='ocrx_word' id='word_1_244' title='bbox 695 3303 884 3384; x_wconf 80' lang='grc' dir='ltr'>ἀποτρέπομαι</span> <span class='ocrx_word' id='word_1_245' title='bbox 906 3303 941 3378; x_wconf 83' lang='grc' dir='ltr'>δή</span> <span class='ocrx_word' id='word_1_246' title='bbox 963 3299 1010 3364; x_wconf 89' lang='grc' dir='ltr'>καὶ</span> <span class='ocrx_word' id='word_1_247' title='bbox 1032 3303 1062 3366; x_wconf 85' lang='grc' dir='ltr'>τό</span> <span class='ocrx_word' id='word_1_248' title='bbox 1084 3302 1276 3383; x_wconf 83' lang='grc' dir='ltr'>παραβαλλειν</span> <span class='ocrx_word' id='word_1_249' title='bbox 1298 3303 1361 3377; x_wconf 77' lang='grc' dir='ltr'>τοὺς</span> <span class='ocrx_word' id='word_1_250' title='bbox 1382 3302 1567 3385; x_wconf 83' lang='grc' dir='ltr'>συναδελφοθς</span> <span class='ocrx_word' id='word_1_251' title='bbox 1588 3299 1624 3372; x_wconf 87' lang='grc' dir='ltr'>είς</span> 
     </span>
     <span class='ocr_line' id='line_1_26' title="bbox 330 3422 1624 3507; baseline -0.001 -20"><span class='ocrx_word' id='word_1_252' title='bbox 330 3425 380 3499; x_wconf 88' lang='grc' dir='ltr'>τάς</span> <span class='ocrx_word' id='word_1_253' title='bbox 402 3425 539 3502; x_wconf 87' lang='grc' dir='ltr'>ἀλλήλων</span> <span class='ocrx_word' id='word_1_254' title='bbox 562 3427 671 3497; x_wconf 88' lang='grc' dir='ltr'>κέλλας</span> <span class='ocrx_word' id='word_1_255' title='bbox 694 3425 815 3504; x_wconf 86' lang='grc' dir='ltr'>ἀλόγως,</span> <span class='ocrx_word' id='word_1_256' title='bbox 839 3427 878 3498; x_wconf 87' lang='grc' dir='ltr'>ὡς</span> <span class='ocrx_word' id='word_1_257' title='bbox 900 3422 1031 3506; x_wconf 82' lang='grc' dir='ltr'>πρόξενον</span> <span class='ocrx_word' id='word_1_258' title='bbox 1054 3423 1224 3506; x_wconf 88' lang='grc' dir='ltr'>ἀργολογίας</span> <span class='ocrx_word' id='word_1_259' title='bbox 1245 3423 1292 3488; x_wconf 90' lang='grc' dir='ltr'>καί</span> <span class='ocrx_word' id='word_1_260' title='bbox 1314 3425 1441 3507; x_wconf 82' lang='grc' dir='ltr'>ὑποψίας,</span> <span class='ocrx_word' id='word_1_261' title='bbox 1464 3423 1624 3507; x_wconf 76' lang='grc' dir='ltr'>ὀφειλόντων</span> 
     </span>
     <span class='ocr_line' id='line_1_27' title="bbox 332 3546 1622 3628; baseline -0.003 -20"><span class='ocrx_word' id='word_1_262' title='bbox 332 3546 474 3625; x_wconf 85' lang='grc' dir='ltr'>ἐπιτιμίοις</span> <span class='ocrx_word' id='word_1_263' title='bbox 496 3547 702 3624; x_wconf 84' lang='grc' dir='ltr'>ίιποβάλλεσθαι</span> <span class='ocrx_word' id='word_1_264' title='bbox 724 3553 778 3608; x_wconf 88' lang='grc' dir='ltr'>τῶν</span> <span class='ocrx_word' id='word_1_265' title='bbox 801 3549 839 3625; x_wconf 82' lang='grc' dir='ltr'>μὴ</span> <span class='ocrx_word' id='word_1_266' title='bbox 863 3547 1038 3628; x_wconf 88' lang='grc' dir='ltr'>ἀνεχομένων</span> <span class='ocrx_word' id='word_1_267' title='bbox 1061 3547 1223 3610; x_wconf 85' lang='grc' dir='ltr'>ἀποκόπτειν</span> <span class='ocrx_word' id='word_1_268' title='bbox 1245 3547 1294 3620; x_wconf 79' lang='grc' dir='ltr'>τός</span> <span class='ocrx_word' id='word_1_269' title='bbox 1308 3547 1434 3628; x_wconf 77' lang='grc' dir='ltr'>περιττὰς</span> <span class='ocrx_word' id='word_1_270' title='bbox 1448 3548 1549 3620; x_wconf 84' lang='grc' dir='ltr'>ταάτας</span> <span class='ocrx_word' id='word_1_271' title='bbox 1564 3567 1622 3610; x_wconf 86' lang='grc' dir='ltr'>συν-</span> 
     </span>
     <span class='ocr_line' id='line_1_28' title="bbox 330 3668 727 3750; baseline 0.003 -19"><span class='ocrx_word' id='word_1_272' title='bbox 330 3669 425 3750; x_wconf 87' lang='grc' dir='ltr'>τιιχίας</span> <span class='ocrx_word' id='word_1_273' title='bbox 447 3668 494 3731; x_wconf 87' lang='grc' dir='ltr'>καί</span> <span class='ocrx_word' id='word_1_274' title='bbox 518 3668 727 3750; x_wconf 90' lang='grc' dir='ltr'>ματαιολογίας.</span> 
     </span>
    </p>

    <p class='ocr_par' dir='ltr' id='par_1_7' title="bbox 437 3789 1277 3874">
     <span class='ocr_line' id='line_1_29' title="bbox 437 3789 1277 3874; baseline 0.001 -22"><span class='ocrx_word' id='word_1_275' title='bbox 437 3789 464 3855; x_wconf 82' lang='grc' dir='ltr'>ι’.</span> <span class='ocrx_word' id='word_1_276' title='bbox 488 3790 569 3874; x_wconf 90' lang='grc' dir='ltr'>Περί</span> <span class='ocrx_word' id='word_1_277' title='bbox 590 3795 647 3868; x_wconf 85' lang='grc' dir='ltr'>τῆς</span> <span class='ocrx_word' id='word_1_278' title='bbox 668 3789 912 3872; x_wconf 88' lang='grc' dir='ltr'>προχειρίσεως</span> <span class='ocrx_word' id='word_1_279' title='bbox 933 3793 989 3852; x_wconf 89' lang='grc' dir='ltr'>τοό</span> <span class='ocrx_word' id='word_1_280' title='bbox 1011 3792 1277 3872; x_wconf 90' lang='grc' dir='ltr'>καθηγουμένου.</span> 
     </span>
    </p>

    <p class='ocr_par' dir='ltr' id='par_1_8' title="bbox 331 3911 1623 4612">
     <span class='ocr_line' id='line_1_30' title="bbox 435 3911 1622 3996; baseline 0.002 -22"><span class='ocrx_word' id='word_1_281' title='bbox 435 3912 518 3974; x_wconf 89' lang='grc' dir='ltr'>Μετά</span> <span class='ocrx_word' id='word_1_282' title='bbox 545 3913 576 3974; x_wconf 90' lang='grc' dir='ltr'>δέ</span> <span class='ocrx_word' id='word_1_283' title='bbox 600 3913 648 3989; x_wconf 76' lang='grc' dir='ltr'>τήν</span> <span class='ocrx_word' id='word_1_284' title='bbox 669 3913 799 3990; x_wconf 82' lang='grc' dir='ltr'>τελευτὴν</span> <span class='ocrx_word' id='word_1_285' title='bbox 821 3915 868 3974; x_wconf 83' lang='grc' dir='ltr'>τοῦ</span> <span class='ocrx_word' id='word_1_286' title='bbox 890 3913 1120 3993; x_wconf 82' lang='grc' dir='ltr'>ήγουμενείιοντος</span> <span class='ocrx_word' id='word_1_287' title='bbox 1143 3913 1205 3975; x_wconf 90' lang='grc' dir='ltr'>δέον</span> <span class='ocrx_word' id='word_1_288' title='bbox 1226 3913 1378 3996; x_wconf 80' lang='grc' dir='ltr'>προκρίνειν</span> <span class='ocrx_word' id='word_1_289' title='bbox 1399 3913 1446 3974; x_wconf 89' lang='grc' dir='ltr'>τδν</span> <span class='ocrx_word' id='word_1_290' title='bbox 1469 3911 1622 3994; x_wconf 77' lang='grc' dir='ltr'>ἀξιολογιί·</span> 
     </span>
     <span class='ocr_line' id='line_1_31' title="bbox 331 4035 1623 4119; baseline -0.001 -21"><span class='ocrx_word' id='word_1_291' title='bbox 331 4057 410 4118; x_wconf 94' lang='grc' dir='ltr'>τερον</span> <span class='ocrx_word' id='word_1_292' title='bbox 433 4035 479 4098; x_wconf 90' lang='grc' dir='ltr'>καί</span> <span class='ocrx_word' id='word_1_293' title='bbox 500 4037 568 4118; x_wconf 80' lang='grc' dir='ltr'>πρός</span> <span class='ocrx_word' id='word_1_294' title='bbox 590 4036 620 4096; x_wconf 81' lang='grc' dir='ltr'>τό</span> <span class='ocrx_word' id='word_1_295' title='bbox 643 4039 791 4119; x_wconf 84' lang='grc' dir='ltr'>κατάρχειν</span> <span class='ocrx_word' id='word_1_296' title='bbox 813 4037 930 4115; x_wconf 89' lang='grc' dir='ltr'>ποίμνης</span> <span class='ocrx_word' id='word_1_297' title='bbox 952 4037 1070 4116; x_wconf 76' lang='grc' dir='ltr'>λογικῆς</span> <span class='ocrx_word' id='word_1_298' title='bbox 1093 4035 1306 4119; x_wconf 79' lang='grc' dir='ltr'>ἐπιτηδειότερον</span> <span class='ocrx_word' id='word_1_299' title='bbox 1328 4036 1375 4099; x_wconf 88' lang='grc' dir='ltr'>καί</span> <span class='ocrx_word' id='word_1_300' title='bbox 1399 4035 1440 4110; x_wconf 85' lang='grc' dir='ltr'>είς</span> <span class='ocrx_word' id='word_1_301' title='bbox 1461 4039 1493 4098; x_wconf 90' lang='grc' dir='ltr'>δν</span> <span class='ocrx_word' id='word_1_302' title='bbox 1513 4039 1623 4114; x_wconf 68' lang='grc' dir='ltr'>ἀπόντες</span> 
     </span>
     <span class='ocr_line' id='line_1_32' title="bbox 331 4155 1621 4244; baseline 0 -24"><span class='ocrx_word' id='word_1_303' title='bbox 331 4163 350 4235; x_wconf 86' lang='grc' dir='ltr'>ή</span> <span class='ocrx_word' id='word_1_304' title='bbox 377 4159 403 4220; x_wconf 91' lang='grc' dir='ltr'>οί</span> <span class='ocrx_word' id='word_1_305' title='bbox 428 4159 557 4232; x_wconf 86' lang='grc' dir='ltr'>πλείονες</span> <span class='ocrx_word' id='word_1_306' title='bbox 583 4159 763 4221; x_wconf 87' lang='grc' dir='ltr'>ἀναπαίιονται</span> <span class='ocrx_word' id='word_1_307' title='bbox 789 4159 837 4220; x_wconf 85' lang='grc' dir='ltr'>καί</span> <span class='ocrx_word' id='word_1_308' title='bbox 863 4159 1033 4242; x_wconf 83' lang='grc' dir='ltr'>ἀρέσκονται,</span> <span class='ocrx_word' id='word_1_309' title='bbox 1062 4155 1127 4221; x_wconf 87' lang='grc' dir='ltr'>ἀνευ</span> <span class='ocrx_word' id='word_1_310' title='bbox 1148 4163 1194 4221; x_wconf 86' lang='grc' dir='ltr'>ποῖ</span> <span class='ocrx_word' id='word_1_311' title='bbox 1216 4159 1270 4222; x_wconf 90' lang='grc' dir='ltr'>ἀπδ</span> <span class='ocrx_word' id='word_1_312' title='bbox 1293 4156 1374 4238; x_wconf 79' lang='grc' dir='ltr'>ξένης</span> <span class='ocrx_word' id='word_1_313' title='bbox 1398 4166 1484 4237; x_wconf 81' lang='grc' dir='ltr'>μονῆς</span> <span class='ocrx_word' id='word_1_314' title='bbox 1506 4161 1621 4244; x_wconf 87' lang='grc' dir='ltr'>προσελ-</span> 
     </span>
     <span class='ocr_line' id='line_1_33' title="bbox 331 4279 1621 4366; baseline -0.003 -24"><span class='ocrx_word' id='word_1_315' title='bbox 331 4282 425 4354; x_wconf 90' lang='grc' dir='ltr'>θόντος</span> <span class='ocrx_word' id='word_1_316' title='bbox 451 4288 484 4366; x_wconf 78' lang='grc' dir='ltr'>τῇ</span> <span class='ocrx_word' id='word_1_317' title='bbox 512 4281 579 4364; x_wconf 84' lang='grc' dir='ltr'>ἀγίρι</span> <span class='ocrx_word' id='word_1_318' title='bbox 605 4289 676 4364; x_wconf 77' lang='grc' dir='ltr'>μονῇ</span> <span class='ocrx_word' id='word_1_319' title='bbox 702 4281 749 4343; x_wconf 88' lang='grc' dir='ltr'>καί</span> <span class='ocrx_word' id='word_1_320' title='bbox 777 4281 821 4344; x_wconf 88' lang='grc' dir='ltr'>διά</span> <span class='ocrx_word' id='word_1_321' title='bbox 847 4303 906 4342; x_wconf 89' lang='grc' dir='ltr'>τινα</span> <span class='ocrx_word' id='word_1_322' title='bbox 933 4281 1086 4364; x_wconf 86' lang='grc' dir='ltr'>περίστασιν</span> <span class='ocrx_word' id='word_1_323' title='bbox 1107 4285 1125 4358; x_wconf 87' lang='grc' dir='ltr'>ή</span> <span class='ocrx_word' id='word_1_324' title='bbox 1149 4280 1304 4360; x_wconf 89' lang='grc' dir='ltr'>οίκονομίσν</span> <span class='ocrx_word' id='word_1_325' title='bbox 1328 4282 1484 4363; x_wconf 83' lang='grc' dir='ltr'>δεχθέντος,</span> <span class='ocrx_word' id='word_1_326' title='bbox 1515 4286 1562 4345; x_wconf 87' lang='grc' dir='ltr'>τδν</span> <span class='ocrx_word' id='word_1_327' title='bbox 1582 4279 1621 4344; x_wconf 90' lang='grc' dir='ltr'>καί</span> 
     </span>
     <span class='ocr_line' id='line_1_34' title="bbox 332 4401 1618 4489; baseline 0.002 -25"><span class='ocrx_word' id='word_1_328' title='bbox 332 4403 534 4481; x_wconf 80' lang='grc' dir='ltr'>όνομαζόμενσν</span> <span class='ocrx_word' id='word_1_329' title='bbox 560 4401 762 4486; x_wconf 80' lang='grc' dir='ltr'>ξενοκσυρίιην·</span> <span class='ocrx_word' id='word_1_330' title='bbox 789 4409 881 4466; x_wconf 81' lang='grc' dir='ltr'>τοῦτον</span> <span class='ocrx_word' id='word_1_331' title='bbox 903 4403 958 4487; x_wconf 87' lang='grc' dir='ltr'>γάρ</span> <span class='ocrx_word' id='word_1_332' title='bbox 980 4403 1021 4477; x_wconf 90' lang='grc' dir='ltr'>είς</span> <span class='ocrx_word' id='word_1_333' title='bbox 1041 4405 1091 4480; x_wconf 83' lang='grc' dir='ltr'>τὴν</span> <span class='ocrx_word' id='word_1_334' title='bbox 1114 4409 1163 4481; x_wconf 84' lang='grc' dir='ltr'>τής</span> <span class='ocrx_word' id='word_1_335' title='bbox 1184 4403 1369 4483; x_wconf 83' lang='grc' dir='ltr'>ἡγουμενείας</span> <span class='ocrx_word' id='word_1_336' title='bbox 1391 4403 1481 4487; x_wconf 83' lang='grc' dir='ltr'>ἀρχήν</span> <span class='ocrx_word' id='word_1_337' title='bbox 1503 4427 1618 4489; x_wconf 85' lang='grc' dir='ltr'>προανα-</span> 
     </span>
     <span class='ocr_line' id='line_1_35' title="bbox 332 4522 1616 4612; baseline 0.002 -26"><span class='ocrx_word' id='word_1_338' title='bbox 332 4523 493 4602; x_wconf 84' lang='grc' dir='ltr'>βιβασθήναι</span> <span class='ocrx_word' id='word_1_339' title='bbox 516 4527 546 4586; x_wconf 88' lang='grc' dir='ltr'>οίι</span> <span class='ocrx_word' id='word_1_340' title='bbox 569 4525 714 4606; x_wconf 84' lang='grc' dir='ltr'>βούλομαι,</span> <span class='ocrx_word' id='word_1_341' title='bbox 737 4525 801 4588; x_wconf 83' lang='grc' dir='ltr'>οὺδέ</span> <span class='ocrx_word' id='word_1_342' title='bbox 824 4525 853 4586; x_wconf 87' lang='grc' dir='ltr'>ἐν</span> <span class='ocrx_word' id='word_1_343' title='bbox 868 4525 906 4606; x_wconf 81' lang='grc' dir='ltr'>τῷ</span> <span class='ocrx_word' id='word_1_344' title='bbox 921 4525 979 4607; x_wconf 82' lang='grc' dir='ltr'>ναῷ</span> <span class='ocrx_word' id='word_1_345' title='bbox 993 4533 1043 4604; x_wconf 78' lang='grc' dir='ltr'>τῆς</span> <span class='ocrx_word' id='word_1_346' title='bbox 1057 4522 1224 4600; x_wconf 78' lang='grc' dir='ltr'>πανενδόξου</span> <span class='ocrx_word' id='word_1_347' title='bbox 1238 4529 1318 4603; x_wconf 88' lang='grc' dir='ltr'>ήμῶν</span> <span class='ocrx_word' id='word_1_348' title='bbox 1333 4527 1504 4610; x_wconf 90' lang='grc' dir='ltr'>θεσμήτορος</span> <span class='ocrx_word' id='word_1_349' title='bbox 1519 4529 1616 4612; x_wconf 85' lang='grc' dir='ltr'>ίερσνρ-</span> 
     </span>
    </p>
   </div>
   <div class='ocr_carea' id='block_1_3' title="bbox 332 4645 1618 4736">
    <p class='ocr_par' dir='ltr' id='par_1_9' title="bbox 332 4645 1618 4736">
     <span class='ocr_line' id='line_1_36' title="bbox 332 4645 1618 4736; baseline 0.003 -28"><span class='ocrx_word' id='word_1_350' title='bbox 332 4651 401 4736; x_wconf 87' lang='grc' dir='ltr'>γεῖν,</span> <span class='ocrx_word' id='word_1_351' title='bbox 424 4647 487 4714; x_wconf 81' lang='grc' dir='ltr'>ἀιδέ</span> <span class='ocrx_word' id='word_1_352' title='bbox 510 4645 563 4710; x_wconf 86' lang='grc' dir='ltr'>ἀπό</span> <span class='ocrx_word' id='word_1_353' title='bbox 586 4653 632 4716; x_wconf 79' lang='grc' dir='ltr'>τοῦ</span> <span class='ocrx_word' id='word_1_354' title='bbox 648 4649 821 4713; x_wconf 81' lang='grc' dir='ltr'>Ἀναυπλείου</span> <span class='ocrx_word' id='word_1_355' title='bbox 844 4646 1027 4732; x_wconf 77' lang='grc' dir='ltr'>ἐξερχόμενοι</span> <span class='ocrx_word' id='word_1_356' title='bbox 1049 4645 1236 4732; x_wconf 78' lang='grc' dir='ltr'>ξενοκουρίτην</span> <span class='ocrx_word' id='word_1_357' title='bbox 1258 4653 1277 4726; x_wconf 85' lang='grc' dir='ltr'>ή</span> <span class='ocrx_word' id='word_1_358' title='bbox 1301 4649 1414 4726; x_wconf 86' lang='grc' dir='ltr'>ἀποβίου</span> <span class='ocrx_word' id='word_1_359' title='bbox 1437 4648 1480 4724; x_wconf 87' lang='grc' dir='ltr'>είς</span> <span class='ocrx_word' id='word_1_360' title='bbox 1501 4652 1618 4730; x_wconf 87' lang='grc' dir='ltr'>ήγουμε-</span> 
     </span>
    </p>
   </div>
   <div class='ocr_carea' id='block_1_4' title="bbox 0 0 1748 5282">
    <p class='ocr_par' dir='ltr' id='par_1_10' title="bbox 0 0 1748 5282">
     <span class='ocr_line' id='line_1_37' title="bbox 0 0 1748 5282; baseline 0 0"><span class='ocrx_word' id='word_1_361' title='bbox 0 0 1748 5282; x_wconf 95' lang='lat' dir='ltr'> </span> 
     </span>
    </p>
   </div>
  </div>
 </body>
</html>
