3222 5284
1312 350 1374 414 367

71 547 166 626 όνομα
197 546 388 628 ἐπαληθεύειν,
419 547 498 608 ἀλλὰ
520 547 559 622 μὴ
590 548 726 627 χωλεόειν
749 553 782 629 τῇ
805 553 855 623 τῆς
876 547 1111 628 Κεχαριτωμένης
1141 547 1268 606 θεοτόκου
1296 551 1375 628 μονῇ.

72 670 188 732 ἔσονται
210 670 242 730 δέ
263 671 373 742 πάντως
394 667 442 730 καὶ
464 667 616 750 φροντισταί
637 671 737 762 τοθρων
758 668 806 732 καὶ
828 667 995 748 ἐπιμεληταὶ
1008 671 1084 750 παρὰ
1097 675 1148 746 τῆς
1166 669 1377 746 καθηγουμένης

70 795 274 872 προϊστάμενοι
296 789 343 852 καὶ
365 789 545 873 φροντίζουσαι
569 793 607 868 μὴ
631 793 714 868 μόνον
736 791 770 852 τόι
792 791 874 852 καινὰ
896 791 935 867 μὴ
958 791 1210 870 καταβλάπτεσθαι,
1233 785 1377 851 ἀλλὰκαὶ
1430 865 1434 877 Ι

72 915 111 976 τόι
133 915 312 990 πεπονηκότα
335 913 566 986 ἐπισκευάζεσθαι.
611 917 695 974 ταῖτα
718 914 788 974 οθτω
811 913 1010 988 διατόττομεθα
1035 912 1166 993 γίνεσθαι,
1197 915 1266 974 ῶστε
1287 915 1378 988 πόσης

74 1036 212 1112 βιωτικῆς
232 1036 373 1128 φροντίδος
395 1036 465 1112 ὑμᾶς
488 1037 579 1111 μένειν
602 1035 825 1112 ἀπηλλαγμένας
847 1032 895 1096 καὶ
921 1034 1046 1111 διηνεκὲς
1070 1035 1149 1114 ἔργον
1177 1035 1252 1113 ἔχειν
1275 1035 1377 1094 ἑαυτῶν

73 1179 106 1218 τε
130 1157 180 1218 καὶ
203 1160 282 1234 ἡμῶν
305 1157 508 1237 όπερεθχεσθαι.

185 1281 264 1360 Κεφ.
277 1279 333 1359 νγ’.
356 1277 437 1360 Περὶ
451 1281 507 1340 τοῦ
519 1278 562 1355 μὴ
579 1275 825 1354 ἐξωμονίτιδας
839 1281 858 1353 ἢ
873 1277 1115 1354 καταπεμπτόις
1129 1277 1377 1358 προσδέχεσθαι

74 1402 110 1461 ἐν
134 1408 175 1484 τῇ
199 1407 291 1484 μονῇ.
339 1399 552 1478 Ἐξωμονίτιδας
575 1400 647 1474 δέη
676 1400 874 1477 καταπεμπτθς
905 1398 966 1460 οὔτε
997 1393 1076 1480 εῖναι,
1106 1399 1166 1460 οὔτε
1198 1401 1378 1475 όνομσίίζεσθαι

75 1523 227 1600 βούλομαι.
255 1525 338 1606 ταθτη
354 1543 393 1584 τοι
409 1521 456 1584 καί
472 1523 648 1598 διατόττομαι
671 1519 829 1598 ἑξωμονίτιν
846 1522 984 1598 μηδαμῶς
998 1521 1208 1604 προσδέχεσθαι,
1231 1525 1283 1582 κᾶν
1297 1543 1378 1604 περι-

75 1652 190 1725 φανοῦς.
204 1644 247 1722 είη
270 1646 365 1724 πίχης,
395 1647 447 1704 κᾶν
470 1644 625 1724 περιουσίας
648 1644 775 1726 ιθποροίη
798 1644 919 1723 πολλῆς,
946 1643 1092 1704 κάντεῦθεν
1113 1646 1297 1724 προσαγωγὴν
1319 1666 1380 1704 τινα

75 1769 206 1848 περιπην
228 1766 328 1828 τεκαὶ
355 1765 459 1844 δαψιλῆ
482 1769 500 1841 ἢ
523 1767 662 1850 προσφέρῃ
684 1769 703 1842 ἡ
726 1767 937 1848 ἐπαγγέλληται
964 1766 1031 1846 ὑπὲρ
1053 1770 1099 1826 τοῖι
1123 1767 1191 1846 ῥητοί
1213 1787 1272 1826 τινα
1294 1765 1378 1842 κομί-

77 1889 175 1960 ζεσθαι
204 1890 354 1969 σιτηρέσισι·
386 1889 513 1966 ἀθέτησις
534 1889 589 1970 γὰρ
610 1890 642 1950 τό
663 1892 782 1950 τοιοῦτόν
805 1889 860 1950 ἐστι
882 1895 931 1965 τῆς
960 1890 1097 1969 ἡμετέρας
1119 1887 1166 1950 καὶ
1195 1891 1309 1968 γνώμης
1331 1887 1378 1950 καί

77 2009 247 2084 διατάξεως·
280 2014 380 2093 προῖκα
402 2012 454 2087 μὲν
483 2011 538 2092 γὰρ
565 2009 613 2072 καί
642 2011 746 2083 δόσεως
768 2012 831 2072 ἄνευ
859 2011 1015 2086 ἡστινοσοῦν
1037 2012 1097 2081 ταῖς
1125 2011 1174 2088 τὴν
1203 2011 1378 2087 κοινοβιακὴν

78 2133 285 2210 ἀσπαζομέναις
308 2133 450 2212 διαγωγὴν
472 2131 519 2194 καί
541 2132 629 2210 μηδὲν
651 2134 738 2194 πλέον
760 2133 836 2215 παρὰ
858 2133 892 2194 τὰ
906 2133 970 2214 παρ’
982 2133 1062 2209 ἡμῶν
1085 2132 1287 2212 διατεταγμένα
1303 2133 1378 2210 ἔχειν

78 2254 278 2332 ἢλαμβόνειν
308 2255 494 2330 ἐπιζητοίισαις
515 2255 564 2328 τὰς
585 2261 636 2332 τῆς
659 2261 746 2332 μονῆς
767 2254 858 2327 πύλας
879 2251 1038 2334 ηνοίξαμεν,
1070 2255 1143 2314 δόσιν
1166 2254 1198 2314 δὲ
1222 2253 1266 2314 ἐπὶ
1288 2255 1379 2334 ῥητοῖς

79 2397 133 2438 τισι
153 2379 302 2455 γινομένην
324 2375 371 2437 καὶ
392 2377 428 2437 τὰ
448 2378 604 2458 παρήμῶν
627 2355 829 2456 διατεταγμένα
858 2379 1120 2458 παραχαράττουσαν
1143 2375 1271 2452 οὐδαμῶς
1292 2396 1378 2457 προσ-

81 2500 188 2574 ιέμεθα.
233 2497 431 2576 καταπεμπτὴν
454 2498 485 2560 δέ
507 2499 548 2571 τίς
570 2502 602 2560 δν
626 2498 666 2571 εἰς
689 2499 837 2580 ἐλευθέραν
861 2498 947 2576 μονὴν
967 2499 1162 2580 παραπέμψειε
1183 2496 1231 2557 καὶ
1253 2499 1378 2580 μόνῃιῇ

79 2619 200 2704 ιιραταίρι
222 2617 294 2700 χειρὶ
315 2625 365 2696 ιῆς
388 2621 623 2702 Κεχαριτωμένης
650 2622 779 2682 θεοτόιιου
806 2621 983 2682 ἀνατεθεῖσοίν
1005 2619 1104 2682 τεκαὶ
1126 2621 1310 2680 πιοτευθεῖσαν
1332 2618 1378 2680 καὶ

80 2741 180 2818 τιοίτην
203 2741 321 2820 ἔχουσαν
345 2740 505 2824 ἐκδικητηνρ
528 2740 569 2815 τίς
591 2743 617 2803 δ’
630 2746 663 2802 ἂν
687 2742 808 2825 ἐθελήσῃ
823 2743 872 2819 τὴν
892 2745 1063 2820 πανόμωμον
1079 2741 1167 2822 έαυτῷ
1183 2743 1379 2818 ἐκπολεμῶσαι

80 2868 128 2924 τοῦ
150 2864 237 2943 λόγου
259 2865 366 2944 μητέρα
393 2863 535 2951 ἀνθρώπῳ,
550 2864 659 2946 φθαρτῷ
680 2866 879 2946 χαριζομένας
910 2862 1009 2942 μηδείς
1030 2869 1107 2926 τοῖπσ
1130 2864 1279 2940 βουληθείη
1302 2865 1377 2944 ποτέ,

82 2985 149 3062 μηδ’
162 2987 248 3059 οθτως
269 2988 397 3065 φρονησοι
418 2992 525 3058 κακῶς·
548 2985 588 3065 τῷ
611 2987 662 3062 μὲν
684 2986 739 3067 γὰρ
762 2990 928 3066 συντηροῦντι
950 2986 984 3046 τόι
1007 2984 1125 3058 δόξαντα
1147 2988 1204 3057 τοῖς
1225 3005 1378 3066 προσενεγ-

80 3112 156 3168 κοῶσι
179 3107 235 3189 θεῷ
258 3109 353 3184 μισθός
376 3109 446 3170 ἐστιν
462 3109 492 3168 οίι
512 3109 608 3190 μικρδς
631 3105 823 3188 ἀποκείμενος,
846 3110 902 3180 τοῖς
922 3108 1027 3168 ἀθετεῖν
1044 3107 1136 3168 δὲκαὶ
1158 3111 1378 3189 παραχαράττειν

81 3231 263 3312 πειρωμένοις
285 3228 394 3306 σμ’ῶνιος
415 3230 576 3306 ἡτοίμασται
598 3229 721 3302 κόλασις.

188 3352 266 3432 Κεφ.
282 3348 335 3412 νδ.
359 3349 440 3432 Περὶ
455 3339 510 3412 τοῦ
529 3349 585 3412 ιιαὶ
608 3349 869 3432 έξωκουρίτιδας
891 3350 1052 3428 δέχεσθαι
1076 3350 1268 3432 ἐναρέτους,
1292 3347 1379 3425 εἰμὴ

83 3472 247 3555 βασιλικῇ
269 3475 287 3547 ἢ
304 3472 486 3556 οἰρχοντιιιῇ
505 3474 688 3554 χρήσαιντο
705 3471 888 3554 δυναστείᾳ.
919 3469 952 3532 Εἰ
969 3473 1060 3548 μέντοι
1074 3491 1115 3544 τις
1129 3470 1168 3552 τῷ
1184 3471 1235 3552 βίῳ
1258 3471 1380 3551 θεοφιλεῖ

82 3595 290 3672 σεμνυνομένων
307 3597 480 3671 μοναζουσῶν
495 3592 543 3656 καὶ
558 3595 646 3656 καλὸν
663 3591 706 3654 ἐπὶ
720 3595 805 3674 τούτῳ
820 3594 1001 3670 κτησαμένων
1017 3592 1104 3670 ὄνομα
1118 3591 1165 3654 καί
1181 3598 1250 3672 σαφῆ
1266 3594 1300 3652 τόι
1315 3591 1378 3671 ἴχνη

82 3721 136 3776 τῶν
168 3715 272 3797 ἀρετῶν
302 3714 529 3792 ἐπιδεικνυμένων
552 3719 571 3792 ἡ
592 3715 668 3795 πόθῳ
690 3713 729 3796 τῷ
750 3716 818 3797 πρός
839 3715 889 3790 τὴν
919 3715 1006 3790 μονὴν
1027 3695 1156 3795 ῆιέρωτι
1178 3721 1228 3790 τῆς
1252 3714 1281 3773 έν
1311 3717 1379 3796 αίιτῄ

84 3837 228 3916 διαγωγῆς
243 3840 261 3914 ἢ
275 3835 323 3898 καὶ
343 3836 466 3900 διαθέσει
481 3843 514 3920 τῇ
529 3839 596 3920 πρός
611 3839 686 3914 ἡμᾶς
702 3839 787 3918 μέρος
807 3831 957 3913 βουληθείη
977 3837 1105 3916 γενέσθαι
1119 3841 1169 3912 τῆς
1185 3835 1379 3916 ἀδελφότητος,

84 3957 235 4037 αἰδούμεθα
256 3960 303 4022 καὶ
334 3960 499 4043 έρυθριῶμεν
528 3961 749 4043 ἀποκλεῖσαιτῇ
778 3961 887 4042 τοιαόιῃ
909 3961 958 4035 τὴν
988 3959 1105 4024 εἴσοδον.
1149 3959 1233 4041 ταύτῃ
1262 3977 1303 4018 τοι
1332 3957 1381 4020 καὶ

84 4080 257 4164 διοριζόμεθα
286 4081 399 4165 ὑπτίαις,
430 4083 501 4158 όδὴ
524 4082 649 4164 λέγεται,
679 4083 777 4159 τοιόσην
803 4079 898 4162 χερσὶν
927 4081 1111 4160 ὑποδέχεσθαι
1133 4079 1181 4142 καὶ
1203 4081 1325 4160 μσθιλον,
1356 4079 1381 4140 εί

83 4204 181 4288 προσίῃ
204 4204 243 4280 μὴ
266 4202 413 4281 βασιλικῆς
443 4204 572 4282 δεηθεῖσα
604 4201 737 4284 ἐξουσίας,
768 4203 808 4281 μὴ
830 4203 978 4286 ἀρχοντικῇ
1009 4204 1149 4288 ἐπικουρίᾳ
1177 4205 1380 4284 χρησαμένηῆ

84 4331 286 4422 τοατριαργυιῇ,Ι
298 4326 370 4387 κατὰ
390 4326 441 4398 τὰς
461 4327 663 4409 παρατηρήσεις
686 4328 778 4402 μέντοι
799 4325 849 4398 τὰς
871 4327 900 4386 έν
922 4329 978 4398 τοῖς
1000 4325 1156 4401 ἀσκητικοῖς
1171 4327 1265 4386 κανόσι
1282 4324 1380 4403 διηγο-

84 4449 218 4528 ρευμένας
239 4449 296 4520 τοῖς
325 4447 413 4528 ἁγίοις
434 4451 550 4530 πατράσι
572 4445 634 4528 περὶ
656 4453 710 4510 τῶν
734 4445 765 4522 ἐξ
788 4449 881 4528 ἑτέρου
909 4445 1089 4529 μονοιστηρίου
1112 4444 1152 4520 εἰς
1175 4449 1267 4528 ἕτερον
1291 4467 1380 4524 μετα-

85 4569 247 4644 βαινουσῶν·
279 4568 326 4630 καὶ
349 4574 409 4644 πῶς
431 4570 485 4652 γὰρ
509 4573 541 4630 όν
564 4570 661 4641 ἄλλως
694 4568 834 4652 δείξομεν,
865 4573 905 4632 δτι
926 4573 1054 4648 τιμητέον
1076 4572 1094 4646 ἡ
1118 4571 1201 4651 ἀρετὴ
1224 4569 1271 4630 καί
1293 4569 1380 4648 λόγου

86 4693 141 4764 τοῖς
163 4695 225 4750 νοῖνν
249 4690 356 4770 ἔχουσιν
379 4687 469 4772 ἄξιον,
500 4692 574 4767 πλὴν
597 4693 628 4751 τό
649 4691 711 4772 περὶ
732 4697 782 4768 τῆς
804 4692 928 4770 τοιαθτης
951 4690 1094 4774 εἰρημένον
1121 4697 1248 4770 μσναχῆς
1271 4690 1380 4764 εἰςτὰς
