3166 5298
1253 369 1315 434 123

44 559 219 638 ἀποδεξαμένη
242 564 260 637 ἡ
283 563 412 640 βασιλεία
435 581 486 638 μου
507 561 554 624 καί
576 564 625 638 τὴν
646 563 739 624 τούτου
754 562 856 638 α’ίτησιν
872 563 1047 642 ἐκπληρῶσαι
1063 561 1239 642 βουληθεῖσα,
1257 563 1316 640 ἔχει

43 683 138 759 θέλημα
157 684 205 746 καὶ
231 685 373 766 διορίζεται
396 683 442 746 διά
462 687 509 744 τού
530 685 664 765 παρόντος
684 688 893 766 προστάγματος
914 686 1042 763 κατέχειν
1064 684 1117 744 σίπό
1131 690 1182 760 της
1197 685 1317 764 σήμερον

41 803 77 864 καὶ
101 805 143 866 διὰ
166 809 199 867 τό
228 805 294 886 ἑξῆς
322 803 515 886 ἀνενσχλήτως
541 809 628 883 ποίνιη
651 805 697 867 καί
720 803 904 888 σίδιασείστως,
936 807 974 868 ἔτι
995 804 1042 866 καί
1064 805 1248 886 ἀναραιρέτως
1270 803 1317 866 καί

40 927 240 1002 &vm-dm<
269 927 316 990 καὶ
347 929 419 990 κατὰ
449 930 536 1009 λόγον
565 930 738 1008 γονικόιητος
767 929 815 1004 την
846 929 970 1009 ῥηθεῖσαν
992 927 1142 1003 σεβασμῖαν
1165 927 1250 1002 μανίην
1271 931 1318 988 τού

40 1049 111 1124 τιμίου
133 1051 295 1132 Προδρόμου
321 1052 370 1126 τὴν
397 1051 520 1127 τοιαύτην
546 1056 609 1132 γῆν,
641 1052 679 1123 ὡς
708 1049 755 1112 καί
783 1051 818 1110 τὰ
846 1050 931 1110 λοιπὰ
959 1051 1041 1126 αὐτῆς
1062 1051 1189 1126 κτήματα
1210 1047 1243 1108 τδι
1265 1049 1317 1129 πρδ

39 1171 138 1232 πολλῶν
159 1172 216 1248 ἤδη
239 1174 345 1253 χρόνων
367 1175 500 1253 προσόντα
523 1175 589 1255 αύτῇ
610 1170 657 1232 καὶ
679 1171 728 1247 τὴν
752 1167 783 1244 ἐξ
805 1173 891 1232 αύτῶν
912 1176 1000 1232 πᾶσαν
1021 1169 1122 1246 ὁμοίως
1138 1171 1317 1250 ἀποφέρεσθαι

38 1293 75 1352 καί
97 1295 283 1375 ἀποκερδίζειν
305 1296 449 1377 πρόσοδον,
470 1294 563 1366 καθὼς
585 1297 664 1369 ἡτού
678 1297 842 1376 γράμματος
861 1298 906 1354 τοῦ
923 1291 1048 1372 μεγάλου
1064 1289 1223 1368 δομεσπίκου
1237 1291 1317 1372 περί-

39 1414 110 1493 ληβις
131 1416 216 1494 δηλοῖ
236 1415 283 1478 καί
306 1415 500 1496 διαλαμβάνει,
530 1414 577 1478 καὶ
598 1417 685 1478 ποιεῖν
708 1415 859 1488 ἀκωλύτως
879 1417 968 1476 πάντα
988 1415 1023 1474 τὰ
1044 1414 1116 1476 κατὰ
1136 1415 1249 1494 γνώμην
1271 1409 1319 1473 καί

39 1539 69 1612 μὴ
90 1538 173 1620 εὑρεῖν
196 1559 263 1600 ποτε
285 1545 319 1622 τῇ
341 1539 473 1622 ἐμφανείᾳ
492 1543 540 1600 τού
561 1541 694 1618 παρόντος
715 1540 924 1619 προστάγματος
944 1542 995 1612 τῆς
1010 1536 1152 1611 βασιλείας
1177 1556 1228 1610 μου
1243 1533 1318 1596 διεν-

40 1659 139 1736 όχλησιν
165 1660 215 1722 καὶ
243 1661 359 1722 ἐπίθεσιν
385 1664 404 1736 ἢ
431 1661 585 1737 διασεισμόν
613 1659 657 1721 ἐπί
683 1667 716 1744 τῇ
744 1665 815 1743 νομῇ
836 1658 884 1720 καί
911 1667 1018 1744 κατοχῇ
1040 1661 1086 1720 τόν
1107 1661 1223 1740 τυχόντα
1243 1658 1319 1740 παρὰ

39 1785 75 1840 τοῦ
99 1778 192 1869 [κατὰ]
213 1786 324 1865 καιρούς
352 1786 383 1844 τό
406 1783 487 1864 ῥηθὲν
511 1779 632 1870 [χωρίον]
654 1785 702 1860 τὴν
726 1783 902 1862 Ζελισίχοβαν
924 1785 1073 1862 κατασχεῖν
1097 1781 1259 1858 μέλλοντος.
1293 1779 1318 1842 εί

41 1903 71 1977 μὴ
90 1905 214 1979 βούλοιτο
236 1907 369 1987 κριθῆναι,
394 1907 476 1990 ἀθειῇ
499 1907 548 1978 τάς
571 1952 627 1969 ...

438 2073 445 2088 ·
552 2051 669 2123 Reliqua
685 2053 789 2107 ἀσειιιιί.

130 2208 276 2263 Ιοαπιιίιίεσ
299 2208 350 2261 Nr.
371 2209 419 2262 10.

505 2511 616 2578 XXV.
644 2510 722 2576 Sine
745 2532 839 2576 anno.

45 2689 219 2762 Frumentum
238 2713 340 2750 aureae
360 2695 450 2750 bullae
469 2689 552 2767 [ταμία
568 2693 701 2765 διειρύσαι·
714 2689 834 2767 Βιιάαιι],
858 2713 913 2766 qua
933 2695 1126 2765 confirmantur
1141 2695 1320 2764 ροσεσσσίοιισε

591 2801 756 2854 monasterii.

132 3000 306 3070 ...καθὼς
328 3003 441 3079 κατεῖχε
463 3005 548 3062 ταῦτα
568 3002 600 3061 τό
623 3001 773 3080 διαληφθέν
796 3001 936 3080 μονόδριον
958 3001 1030 3062 κατὰ
1050 3002 1098 3076 τὴν
1113 2995 1257 3082 περίληψιν
1273 2999 1319 3060 καὶ

46 3113 139 3193 δύναμιν
170 3125 215 3182 πού
242 3119 287 3180 ἐπὶ
308 3124 368 3192 ταῖς
389 3123 524 3196 τοιαύταις
545 3126 739 3202 προσαγωγαῑς
761 3121 808 3184 καὶ
831 3122 990 3203 ἀγορασίαις
1014 3123 1259 3202 ἑπιχσρηγηθέντσς
1281 3123 1320 3201 τῷ

47 3239 108 3316 μέρει
127 3249 176 3318 τῆς
196 3243 322 3318 τοιαύτης
345 3250 430 3320 μονῆς
452 3245 524 3304 θείου
546 3243 592 3306 καί
608 3249 705 3306 σεπιού
719 3244 941 3325 χρυσοβοόλλσυ·
966 3245 1047 3325 ἑτέρα
1062 3250 1099 3323 γῖγ
1116 3241 1155 3315 εἰς
1170 3243 1215 3302 τόν
1231 3241 1319 3317 Λιβο-

46 3357 118 3428 ,δισσόν
144 3364 196 3424 ἀπό
220 3363 409 3446 προσενέξεως
434 3370 481 3426 τοῦ
503 3365 697 3446 Ἀραβαντινού
725 3367 828 3428 ἐκείνου
855 3366 959 3441 μσδίων
973 3365 1009 3446 τ’,
1040 3366 1069 3425 ἐν
1095 3361 1114 3446 ᾖ
1143 3369 1320 3444 συνεστήσατο

46 3480 68 3537 :¹0
86 3487 165 3565 μέρος
185 3493 234 3562 τῆς
255 3487 380 3564 τοιαύτης
403 3494 489 3564 μονῆς
511 3489 636 3564 όοστητιον
658 3487 705 3550 καὶ
728 3489 868 3565 ἀμπέλια·
892 3490 1019 3567 χωρσίρια
1042 3483 1157 3563 πλησίον
1173 3489 1252 3548 αύτού
1267 3488 1320 3548 ἀπό

47 3605 213 3680 ἐροσενέξεως
236 3604 304 3694 ἷτού]
321 3609 497 3685 Μελισσηνοῖι
520 3611 621 3686 μσδίων
638 3609 685 3687 ιβ’·
709 3607 845 3686 ἀμπέλιον
869 3605 922 3670 ἀπό
941 3606 1129 3690 προσενέξεως
1143 3613 1190 3669 τού
1205 3609 1321 3690 Βοτριδσῖ

48 3725 144 3802 πλησίον
165 3735 211 3791 τού
232 3731 351 3792 τοιούτου
372 3733 511 3812 χωραρίου
534 3733 636 3808 μσδίων
653 3731 683 3792 ι’·
709 3733 783 3803 ἐντός
805 3735 852 3794 τού
873 3734 989 3812 κάπρου
1004 3733 1113 3812 Σερρῶν
1135 3732 1252 3808 πλησίον
1271 3738 1321 3808 τῆς

49 3843 173 3928 βασιλικῆς
193 3855 295 3934 πόρτας
317 3849 392 3914 οἶκον
416 3853 628 3935 ἑργαστηριακόν
651 3857 703 3915 ἀπό
725 3851 912 3936 προσενέξεως
933 3858 979 3914 τοῦ
1002 3853 1152 3914 σακελλίου
1166 3858 1216 3929 τῆς
1232 3855 1319 3932 ἁγιω-

49 3971 113 4047 ἲίτης
133 3975 331 4056 μητροπόλεως
345 3977 464 4056 Σερριῖιν,
486 3980 532 4038 τού
547 3977 664 4056 Ζερβού·
689 3979 780 4057 ἕτερον
803 3970 877 4038 οἶκον
899 3975 1110 4056 ἐργαστηριαιιόν
1125 3975 1241 4050 πλησίον
1255 3975 1320 4035 τού-

50 4107 83 4148 του
102 4091 129 4166 ἐξ
150 4096 299 4176 ἀγορασίας
321 4098 374 4156 ἀπό
396 4103 446 4173 τῆς
461 4097 684 4176 Μαβσελέγγυις·
709 4101 800 4179 ἕτερον
824 4097 854 4170 ἐξ
877 4097 1025 4177 ἀγορασίαις
1044 4101 1090 4156 τού
1105 4095 1204 4177 Θρίοη·
1229 4100 1320 4178 ἕτερον

52 4209 72 4283 ξ
97 4215 238 4298 ἀγορασίας
264 4219 317 4278 ἀπό
339 4223 385 4280 τού
407 4220 586 4300 Λουπηνσίρη·
626 4221 717 4300 ἕτερον
746 4218 776 4292 ἐξ
804 4215 953 4300 ἀγορασίας
983 4219 1036 4278 ἀπό
1058 4222 1104 4278 τοῦ
1126 4218 1252 4298 γαμβροῦ
1273 4221 1321 4280 τού

51 4332 152 4418 ίοξυρσῖ·
187 4342 279 4422 ἕτερον
302 4337 356 4402 ἀπό
378 4339 565 4422 προσενὲξεως
587 4345 633 4402 τού
655 4341 789 4422 Ἱερακνίζ
815 4361 820 4373 ·
856 4343 949 4423 ἕτερον
971 4338 1148 4422 ξενοδοχικόν
1171 4335 1245 4400 οἷκον
1268 4340 1321 4402 ἀπὸ

52 4459 213 4536 προσενέξεως
234 4466 281 4524 τοῦ
297 4462 465 4543 Ἀραβσίντα·
500 4466 666 4538 κηποτόπιον
689 4462 728 4535 εἰς
749 4464 794 4522 τόν
816 4463 918 4542 πύργον
941 4467 987 4522 τοῦ
1010 4461 1087 4542 ἀγίου
1103 4462 1246 4523 Νικολάου
1268 4461 1322 4522 ἀπό

52 4581 213 4659 προσενέξεως
242 4587 289 4644 τοῦ
311 4583 466 4664 Καρδσίμη·
503 4587 595 4645 τόπιον
619 4585 695 4658 ἐντός
723 4589 770 4644 τού
801 4583 881 4644 αύτού
910 4587 1035 4663 κάστρου,
1070 4581 1110 4656 εἰς
1141 4585 1156 4643 θ
1185 4583 1321 4662 εύρίσκετο

54 4703 158 4782 πρότερον
175 4708 376 4788 τζυμηλαρεῖον
398 4711 447 4782 τῆς
469 4709 552 4782 αύιης
574 4713 670 4786 μονῆς,
694 4701 754 4766 εἶτα
776 4705 984 4786 κατεχαλσίσθη,
1008 4705 1037 4764 ἐν
1053 4699 1076 4786 ᾧ
1092 4705 1257 4784 εὑρίσκονται
1273 4703 1319 4764 καί
