3240 5286
871 817 966 892 XII.

819 1009 896 1084 Acta
918 1011 1017 1087 ινιίιι.

552 1235 579 1299 Ι.
603 1233 805 1318 6472-964,
830 1255 941 1300 mense
964 1247 1111 1320 augusto,
1134 1235 1200 1300 ind.
1224 1235 1284 1302 IX.

274 1417 439 1472 Patriaroha
450 1418 608 1488 Ροὶμευαιιιι
620 1417 742 1472 declarat
752 1419 942 1472 monasterium
956 1417 1073 1474 Sammo
1083 1416 1194 1474 Mariae
1206 1419 1305 1474 άίαίιιιιι
1318 1418 1477 1488 Philosophi
1485 1417 1561 1471 τίουσι

621 1539 709 1594 prope
725 1521 916 1578 Βαωιίιαιιαια
932 1541 986 1580 τοτε
1000 1523 1210 1596 σίσυοορορίιιιιι.

295 1724 477 1806 Κύριλλος,
509 1725 595 1805 ἐλέῳ
627 1728 703 1788 θεοῦ
735 1727 1000 1808 ἀρχιεπίσκοπος
1026 1725 1424 1803 Κωνοταντινουπόλεως,
1455 1724 1542 1795 Νέας

561 1849 701 1928 Ῥώμης,
724 1848 779 1910 καί
803 1847 1036 1926 οίκουμενικδς
1057 1852 1275 1931 πατριάρχης.

374 2019 448 2081 Ἷσον
479 2022 701 2101 ἀπαραλλάκτως
731 2029 777 2084 τοῦ
806 2023 863 2085 ίσου
892 2029 938 2085 τοῦ
968 2026 1140 2105 πρωταιῦπου
1163 2028 1358 2104 πατριαρχικοῦ
1380 2023 1560 2101 παλαιγενοῦς

271 2141 462 2220 σιγιλλιιύδους
491 2147 663 2225 γράμματος,
698 2144 835 2223 ἐκβληθὲν
861 2146 936 2227 παρὰ
957 2150 1004 2207 τοῦ
1025 2147 1145 2208 παλαιοῦ
1167 2144 1213 2206 καί
1237 2145 1353 2226 ἀρχαίου
1375 2145 1496 2216 κάνδικος
1517 2148 1561 2216 τῆς

270 2269 317 2324 τού
340 2265 456 2345 Χριστοῦ
485 2267 614 2345 μεγάλης
645 2267 805 2348 ἐκκλησίας,
835 2269 979 2350 όραθέντος
1001 2271 1076 2350 παρά
1097 2289 1127 2328 τε
1150 2275 1198 2344 τῆς
1221 2270 1300 2344 ημῶν
1323 2267 1498 2348 μετριότητος
1519 2263 1561 2322 καί

270 2391 319 2461 τῆς
342 2387 575 2468 ύπερτελεοτάτης
598 2387 672 2470 ίερᾱς
695 2395 748 2449 τῶν
771 2390 922 2472 ἀρχιερέων
946 2391 1065 2472 συνόδου,
1088 2397 1142 2452 τῶν
1158 2391 1187 2451 ἐν
1207 2391 1278 2470 άγίῳ
1292 2391 1424 2465 πνεύματι
1438 2389 1560 2449 ποθεινο·

270 2509 358 2568 τάτων
380 2508 507 2589 ἀδελφῶν
529 2506 575 2570 καί
597 2510 825 2591 συλλειτουφγῶν,
848 2517 901 2572 τῶν
924 2510 971 2572 καί
993 2513 1116 2573 κάτωθεν
1136 2513 1357 2593 ύπογραψόντων.

373 2635 389 2708 †
414 2632 634 2713 Πολύευκτος,
665 2631 751 2712 ἐλέῳ
774 2635 849 2694 θεοῦ
873 2633 1560 2715 ἀρχιεπίσκοπος,Κωνσταντινουπόλεως

271 2752 360 2826 Νέας
383 2753 519 2834 Ῥώμης,
543 2751 598 2815 καί
621 2753 855 2831 οίκουμενικός
876 2759 1087 2838 πατριάρχης
1109 2761 1134 2832 ί.

311 2914 314 2920 .
374 2872 470 2953 †Ka⁸2
500 2875 620 2952 λιμένων
651 2875 702 2953 μὲν
728 2875 893 2938 κατασκευαί
919 2882 975 2950 τοῖς
1003 2878 1035 2938 ἐκ
1056 2877 1197 2957 πελάγους
1217 2879 1442 2956 χειμαζομένοις,
1473 2873 1560 2935 οίκιῶν

270 3019 300 3057 τε
329 2977 508 3072 καταστάσεις
536 2996 662 3080 πρόξενοι
692 2981 840 3080 ἀποδοχῆς,
871 3001 963 3062 τάλλα
993 3022 1032 3082 τε,
1064 3003 1199 3074 όσα.τοῖς
1223 2996 1372 3082 ἀνθρώποις
1397 3001 1559 3074 ἐπινενόηται

270 3121 337 3200 πρός
367 3119 519 3202 ἐπικουρίαν
549 3127 602 3182 τῶν
634 3121 830 3206 ἐνοχλούντων,
861 3128 976 3203 πρᾶγμα
1002 3127 1078 3184 τοῦτο
1104 3121 1249 3194 λυσιτελὲς
1274 3120 1321 3182 καί
1352 3111 1464 3199 πολλὴν
1491 3121 1559 3197 ὠφέ-

270 3243 350 3303 λειαν
381 3243 508 3319 ἐμποιοῦν
534 3247 591 3315 τοῖς
620 3243 681 3326 περί
703 3249 786 3305 ταῦτα
809 3244 1016 3306 ἐσπουδακόσιν·
1049 3244 1117 3306 ἀλλ’
1131 3243 1203 3305 οῦπω
1225 3246 1314 3304 πάντα
1335 3247 1418 3304 ταῦτα
1440 3245 1558 3303 τοσοῦτον

237 3431 239 3435 ,
272 3365 418 3444 ἐπωφελεῖ,
448 3366 510 3425 όσον
541 3366 620 3446 ἱερῶν
649 3365 731 3426 οίκων
759 3364 900 3442 οἰκοδομαί
927 3364 974 3426 καί
999 3367 1139 3446 προσόδων
1166 3366 1287 3446 χορηγία
1315 3367 1383 3446 πρός
1412 3367 1489 3426 τοῦτο
1515 3362 1558 3436 τὴν

274 3488 405 3563 διαμονὴν
437 3488 523 3548 αῦτῶν
554 3489 731 3560 διασώζουσα.
765 3489 799 3548 τό
826 3488 876 3564 μὲν
902 3461 963 3570 γάρ
983 3485 1034 3549 κσίν
1062 3510 1121 3548 τινα
1146 3490 1321 3569 παρέχωνται
1342 3489 1391 3564 τὴν
1419 3488 1558 3567 ὠφέλειαν,

272 3609 349 3670 ἀλλά
370 3607 432 3690 περί
454 3611 484 3669 τό
507 3617 596 3689 σῶμα,
619 3609 665 3669 καί
688 3612 770 3686 μόνον
793 3611 884 3670 τούτου
906 3613 925 3688 ἡ
948 3611 1088 3691 θεραπεία,
1115 3611 1133 3684 ἠ
1158 3609 1190 3670 δέ
1211 3630 1245 3688 γε
1267 3615 1321 3669 τῶν
1344 3607 1424 3689 ἰερῶν
1441 3609 1557 3675 σύστασις

271 3731 317 3792 καί
345 3731 506 3812 ἀμφοτέροις
527 3732 575 3808 τὴν
600 3730 753 3812 ἐπικουρίαν
778 3733 899 3810 ἐπάγει·“
921 3731 1010 3810 ψυχάς
1033 3731 1087 3812 γάρ
1110 3730 1205 3792 οίκειοῖ
1226 3729 1264 3811 τῷ
1294 3729 1349 3809 θεῷ
1373 3729 1419 3790 διά
1440 3727 1556 3810 πράξεώς
1597 3741 1598 3830 γ

271 3873 301 3912 τε
332 3852 378 3913 καί
408 3851 532 3933 θεωρίας,
563 3847 600 3914 ὧν
632 3854 749 3934 ἑκάτερα
779 3851 817 3932 τῷ
847 3855 960 3934 μονήρει
988 3853 1038 3932 βίῳ
1065 3853 1202 3913 κάλλιοτα
1232 3853 1424 3932 κατορθοῦνται
1456 3851 1488 3911 ἐκ
1513 3853 1556 3920 τῆς
1597 3841 1598 3874 ³

271 3981 405 4052 κοσμικῆς
430 3983 483 4036 τῶν
511 3969 658 4056 ἀνθρώπων
687 3975 898 4056 ἀναχωρήσεως,
927 3973 974 4035 καί
1001 3975 1033 4034 τά
1060 3979 1106 4035 τοῦ
1133 3971 1260 4051 σώματος
1288 3977 1355 4034 πάνυ
1378 3973 1407 4033 ἐν
1431 3970 1556 4054 ἀσφαλείᾳ
1597 4009 1598 4046 3

270 4101 355 4176 τηρεῖ.
400 4097 448 4172 τὴν
477 4097 531 4178 γάρ
561 4098 689 4172 βιωτικὴν
720 4097 864 4176 ἀποφυγὼν
896 4097 1108 4177 αῦτοτρικυμίαν,
1138 4095 1185 4156 καί
1215 4102 1247 4178 τῇ
1271 4101 1341 4177 μονῇ
1370 4095 1553 4176 προσδραμών,
1597 4141 1598 4150 ,

270 4220 325 4296 ἤδη
352 4220 484 4302 γαληνιᾷ,
516 4220 548 4280 ἐκ
569 4225 707 4298 χειμῶνος
733 4221 779 4279 τοῦ
807 4217 866 4298 βίου
888 4217 926 4298 τῷ
949 4219 1061 4298 μσνήρει
1084 4217 1135 4298 βίῳ
1157 4219 1403 4297 καθορμιζόμενος·
1433 4221 1490 4291 τοῖς
1510 4215 1555 4293 γὰρ

270 4343 338 4422 πρός
366 4346 449 4402 ταῦτα
480 4339 595 4417 σπουδὴν
624 4343 794 4417 ποιουμένοις
828 4339 994 4420 συναίρεσθαι
1024 4339 1070 4400 καί
1100 4341 1164 4414 ἡμῖν
1194 4345 1247 4398 τῶν
1275 4339 1433 4418 ἀναγκαίων
1458 4343 1489 4399 ἀν
1510 4336 1554 4410 είη.

272 4463 422 4544 συναίρεται
452 4463 476 4522 δ’
490 4461 528 4535 είς
555 4468 632 4545 τοῦτο
656 4465 685 4522 ού
708 4465 789 4538 μόνον
812 4463 827 4520 ό
850 4463 978 4534 κοινωνός
999 4467 1180 4544 πρωτουργῦν
1203 4469 1236 4544 τῇ
1259 4461 1380 4544 χορηγίᾳ
1401 4467 1455 4522 τῶν
1478 4463 1553 4536 ἀναγ-

271 4585 367 4667 καίων,
405 4585 482 4646 ἀλλά
520 4583 566 4645 καί
599 4591 652 4657 πᾶς
685 4605 725 4656 τις
759 4584 858 4664 ἄλλος,
896 4583 926 4654 ός
960 4585 992 4640 ἂν
1026 4583 1126 4664 δυνηθῇ
1158 4605 1183 4643 τι
1215 4583 1474 4664 πραγματεύσασθαι
1505 4581 1554 4647 ταῖς
1597 4637 1598 4640 ,

272 4713 377 4796 μοναίς.
407 4711 422 4767 ό
446 4708 477 4777 δὲ
499 4709 551 4798 πρό
573 4713 626 4772 τῶν
650 4705 747 4770 ἄλλων
771 4703 878 4784 ἀνείη,
910 4703 937 4765 εί
955 4725 995 4777 τις
1016 4703 1050 4764 τά
1071 4707 1205 4786 προσόντα
1228 4707 1336 4778 ταύταις
1358 4707 1491 4782 κειμήλια
1511 4703 1552 4762 ἐπ·
1597 4717 1598 4728 *
