3208 5310
253 352 295 415 64

254 543 359 621 βουνίου
382 543 484 619 μοδίων
508 542 534 614 ζ’
558 542 605 602 καὶ
628 544 691 602 αὺτό
715 543 767 603 ἀπό
790 547 836 602 τοῦ
854 542 1040 623 Χρυσοβέργρ.
1064 539 1104 612 εἰς
1126 542 1172 600 τόν
1195 541 1273 600 αὺτδν
1295 540 1377 599 τόπον
1399 541 1550 619 χωριίριον,
1598 623 1599 630 ¹

253 669 284 726 τό
308 670 373 747 όπερ
397 667 499 744 έχσμεν
523 667 724 746 ἐνταφιαστικόν
740 665 841 740 Καλῆς
863 673 912 741 τῆς
928 665 1136 744 Μαγοόλαινας,
1167 663 1261 739 μσδίου
1277 661 1316 728 α’.
1341 661 1380 733 εἰς
1402 663 1448 722 τόν
1471 663 1551 721 αότόν
1598 683 1599 750 ]

253 790 332 848 τόπον
361 790 499 869 χωράφιον
525 789 556 847 τό
584 788 781 863 ἐπιλεγόμενον
808 793 857 865 τῆς
881 785 1037 866 Μαόρσίας,
1067 789 1098 846 τό
1125 787 1192 867 ὅπερ
1220 785 1323 864 ἔχομεν
1347 783 1551 862 ἑνταριαστικόν

255 909 309 969 ἀπό
333 911 458 970 Ἰωάννου
480 915 534 968 τῶν
551 910 716 990 Βοιανητῶν,
741 907 843 984 μοδίων
860 907 897 982 β’.
922 907 961 980 εἰς
983 911 1028 968 τόν
1052 909 1131 968 αὐτόν
1153 909 1234 968 τόπον
1257 910 1406 987 χωράριον,
1430 907 1460 964 τό
1484 907 1551 982 ὅπερ

255 1032 358 1110 ἔχομεν
380 1031 513 1092 ίιαλτικόν
536 1035 582 1090 τοίι
604 1031 752 1110 Σουγιάνου
768 1032 806 1109 (ί)
829 1037 875 1089 τοῦ
898 1031 1043 1109 Μαζοόλη,
1068 1029 1161 1105 μοδίου
1184 1029 1244 1088 ένοό
1259 1026 1310 1102 ς”.
1339 1028 1480 1106 χωροίριον
1503 1031 1552 1099 τῆς

255 1152 445 1232 Δωκανίοτρας
473 1150 566 1228 μοδίου
587 1149 677 1232 α’ς”,
708 1153 739 1212 τό
766 1153 832 1232 ὅπερ
864 1151 966 1229 ἔχομεν
1000 1151 1053 1211 ἀπό
1081 1151 1178 1210 Μάνου
1204 1153 1251 1210 τοῦ
1277 1150 1429 1228 Χαλκέως,
1457 1146 1553 1222 μοδίσυ

255 1276 315 1334 ένοίι
330 1273 381 1348 ς”.
409 1276 535 1354 χωράρια
556 1279 606 1351 τῆς
629 1274 741 1350 Ἀβόθου
763 1274 797 1332 τὰ
820 1273 942 1333 δωθέντα
965 1269 1041 1357 (sie)
1063 1272 1139 1352 παρὰ
1160 1277 1206 1332 τοῦ
1229 1270 1380 1351 άγιωτάτου
1404 1271 1552 1330 ἐπισκόπου

254 1394 302 1456 καὶ
325 1397 451 1456 αόθέντου
473 1397 551 1470 ἡμῶν
573 1399 619 1455 τοῦ
641 1397 753 1474 Ζαραζᾱ
775 1395 866 1476 κυρίου
889 1397 1006 1455 Ἰωάννου
1030 1393 1234 1470 αὺλοθεοίματα
1256 1391 1303 1452 καὶ
1325 1397 1370 1452 τοῦ
1393 1391 1553 1473 περιβσλίου

255 1515 358 1578 καὶτὰ
381 1517 557 1592 μυλοστοίσια.
580 1519 718 1597 χωράμον
740 1518 770 1576 τό
792 1514 886 1590 ἀπάξω
906 1521 952 1576 τοό
973 1515 1142 1596 περιβολίου,
1165 1516 1259 1587 καθὼς
1282 1515 1429 1594 ἀνέρχεται
1452 1515 1507 1574 ἀπό
1524 1517 1552 1572 τό
1598 1497 1599 1500 ¹

255 1638 381 1720 περιβόλι
411 1637 457 1698 καί
489 1640 601 1719 όίρχεται
624 1639 677 1698 ἀπό
699 1643 745 1698 τοῦ
768 1639 1007 1719 Καβαλλουροίτου
1030 1639 1137 1699 λάκκου
1160 1637 1206 1698 καὶ
1230 1637 1373 1719 ἀνέρχεται
1398 1638 1482 1717 μέχρι
1505 1643 1554 1712 τῆς

256 1767 375 1842 κορυφῆς
401 1765 446 1820 τοῦ
469 1761 547 1842 όρους
578 1761 673 1820 ἀπάνω
700 1759 747 1821 καί
777 1762 941 1841 κατέρχεται
970 1763 1053 1840 μέχρι
1075 1765 1120 1820 τοῦ
1143 1760 1274 1820 καναλίου
1296 1759 1382 1838 ἤγουν
1404 1763 1451 1818 τοῦ
1474 1779 1554 1838 περι·
1598 1821 1599 1824 γ

539 1881 555 1918 ,Ι

258 1882 362 1964 βολίου,
384 1882 486 1958 μοδίων
504 1883 534 1942 ιδ
578 1882 698 1944 ἵστανται
722 1882 751 1941 ἐν
774 1881 846 1960 αὐτῷ
870 1883 933 1961 δρός
958 1883 1062 1962 ριζάρια
1078 1881 1111 1940 δ’.
1137 1885 1228 1962 ἕτερον
1244 1884 1383 1961 χωράριον
1405 1882 1437 1940 τό
1454 1880 1553 1940 ἐπιλε-

256 2007 374 2084 γόμενον
397 2005 534 2082 Κλεῖσμα,
557 2005 650 2075 καθώς
674 2004 744 2062 ἐστιν
767 2001 997 2082 ίδιεπεριόριστον·
1020 2004 1140 2063 ἵστανται
1163 2003 1195 2064 δέ
1219 2003 1247 2062 ἐν
1270 2001 1342 2081 αὐτῷ
1367 2000 1502 2078 ἀμπιδέαι
1518 2000 1554 2077 β’,
1598 2065 1599 2076 γ

257 2125 304 2186 καὶ
326 2127 390 2186 αὐτό
413 2124 515 2200 μοδίων
531 2125 583 2184 ιδ’.
608 2128 700 2204 ἕτερον
721 2129 859 2204 χωράριον
882 2126 912 2184 τό
936 2123 1028 2197 ἁπέξω
1048 2129 1094 2184 τοῦ
1109 2125 1276 2199 κλείοματος
1291 2122 1337 2183 καὶ
1354 2123 1555 2201 ἐπιλεγόμενον
1598 2109 1599 2112 “

259 2247 478 2327 Παλαιορόγγια,
505 2246 598 2318 καθὼς
621 2247 765 2324 ἀνέρχεται
788 2246 840 2306 ἀπό
863 2247 893 2306 τό
917 2245 1058 2319 βασιλικόν
1081 2249 1219 2325 χωροίριον
1242 2243 1288 2305 καί
1311 2246 1363 2305 ἀπό
1386 2250 1432 2304 τοῦ
1455 2248 1555 2325 τράρου
1598 2223 1599 2244 ¹

257 2373 303 2428 τοῦ
319 2369 477 2442 Εὺδελήνσυ
499 2365 546 2427 καὶ
568 2367 669 2448 γυρίζει
693 2369 746 2439 ἕως
768 2371 814 2426 τοῦ
836 2371 958 2442 ποταμοῦ
982 2369 1063 2446 μέχρι
1087 2371 1133 2427 τοῦ
1155 2365 1314 2447 περιβολίου
1336 2364 1384 2426 καί
1406 2371 1452 2426 τοῦ
1468 2385 1555 2425 αυκα-
1598 2437 1599 2456 ᾖ

259 2489 345 2569 μίνου,
374 2489 476 2566 μοδίων
493 2489 543 2549 ιδ’.
575 2492 723 2569 χωριίριον,
746 2490 777 2548 τό
800 2489 867 2570 όπερ
891 2490 993 2566 ἔχομεν
1016 2491 1068 2548 ἀπό
1091 2493 1137 2548 τοῦ
1160 2489 1348 2564 Μουσουμένει
1372 2488 1433 2546 οτόν
1456 2489 1555 2546 Κακο-

262 2611 413 2690 παιδάδων,
437 2609 540 2686 μοδίων
555 2609 592 2689 γ’.
616 2613 765 2690 χωράριον,
788 2612 818 2671 τό
842 2611 907 2689 ότιερ
931 2611 1033 2688 ἔχομεν
1056 2610 1109 2670 ἀπό
1125 2615 1171 2670 τοῦ
1186 2611 1302 2670 Ἀνοινοό
1317 2609 1438 2688 Μιχαὴλ
1453 2607 1494 2680 εἰς
1510 2611 1557 2683 τὴν
1598 2629 1599 2696 γ

257 2727 417 2792 τοποθεσίαν
431 2737 485 2792 τῶν
501 2732 630 2791 Ὑπολῶν
645 2733 675 2790 τό
691 2732 813 2791 κάτωθεν
829 2735 874 2791 τοῦ
891 2732 967 2808 ἁγίου
984 2733 1118 2812 μάρτυρος
1133 2733 1227 2811 Μηνᾶ,
1245 2731 1339 2807 μοδίου
1352 2729 1388 2789 α’.
1406 2731 1556 2808 όμπὲλιον,
1598 2701 1599 2752 3

260 2855 290 2913 τό
310 2856 376 2934 όπερ
400 2855 501 2932 ἔχομεν
525 2853 579 2913 ἀπό
601 2859 647 2914 τοῦ
670 2855 749 2912 αὐτοῦ
765 2854 887 2912 Ἀνοινοῦ
907 2853 937 2912 τό
952 2858 1085 2932 γεωργῶν
1101 2852 1247 2933 Θεόδωρος
1262 2855 1276 2912 ό
1292 2853 1446 2933 Κυπριανός
1462 2853 1556 2932 Είιρη-
1598 2843 1599 2852 ’

262 2971 362 3056 μισίας,
380 2975 474 3052 μοδίου
487 2975 522 3035 α’.
540 2977 632 3056 ἕτερον
648 2973 783 3049 ἀμπέλιον
798 2976 816 3050 ἡ
832 2974 945 3056 Σέριβες
958 2972 1009 3057 (Ἰ),
1026 2976 1056 3034 τό
1072 2975 1138 3053 ὅπερ
1155 2973 1280 3034 δέδωκαν
1296 2975 1321 3034 οἱ
1337 2973 1383 3034 δύο
1400 2975 1558 3044 Ἀνοινάδες

260 3096 307 3158 καὶ
330 3099 344 3157 ό
366 3097 511 3178 Κορίρθου,
536 3097 630 3172 μοδίου
647 3094 683 3158 α’.
712 3099 805 3176 ἕτερον
829 3095 965 3172 ἀμπέλιον
988 3096 1104 3172 πλησίον
1126 3098 1228 3176 τούτου,
1257 3099 1287 3156 τό
1311 3097 1377 3177 όπερ
1401 3097 1510 3157 ἔδωκαν
1534 3097 1558 3156 οἱ

263 3220 395 3299 Ποῦλλοι,
419 3219 514 3295 μοδίσυ
530 3217 566 3280 α’.
591 3221 683 3300 ἕτερον
700 3219 845 3294 ἀμπέλιον,
866 3220 896 3278 τό
912 3218 1034 3278 δέδωκεν
1049 3219 1064 3277 ό
1080 3221 1201 3297 μοναχός
1216 3219 1452 3298 Κουβσυκλήσιος,
1468 3219 1556 3278 δεκά-

261 3343 341 3421 λιτρα
356 3339 394 3418 γ’.
419 3343 510 3420 ἕτερον
531 3341 677 3420 ἀμπέλιον,
701 3342 730 3399 τό
747 3339 868 3400 δέδωκεν
886 3336 923 3425 [ό]
940 3341 1061 3419 μοναχός
1077 3341 1244 3422 Δράκοντος,
1261 3341 1355 3416 μοδίου
1371 3342 1440 3406 ένσίι.
1464 3343 1558 3420 ἕτερον

263 3461 408 3540 όμπέλιον,
441 3457 481 3545 [τό
509 3463 575 3540 όπερ
599 3456 730 3546 δέδωκεν]
755 3459 918 3520 Ἀναστασία
939 3465 985 3522 τοῦ
1008 3463 1158 3542 Μοναστρᾶ
1183 3464 1214 3522 τό
1241 3463 1294 3522 ἀπό
1321 3466 1366 3522 τοῦ
1388 3465 1557 3543 Μαρινοίτου,

263 3580 365 3656 μοδίων
382 3580 418 3654 β’.
443 3581 567 3657 ἀμπέλια
588 3581 623 3640 τό
646 3580 768 3641 δωθέντα
789 3582 864 3662 παρὰ
887 3588 1009 3660 μοναχοῦ
1031 3587 1077 3643 τοίι
1093 3583 1247 3664 Νικάνδρου
1268 3587 1315 3644 τοῦ
1330 3583 1487 3658 Λιβαίίηνοῠ
1504 3603 1556 3658 μο-

263 3702 328 3763 δίων
345 3702 380 3777 β’.
413 3705 505 3784 ἕτερον
528 3701 664 3778 ἀμπέλιον
688 3703 849 3764 Ἀνασταοία
871 3704 901 3763 τό
925 3703 1124 3782 ἐπιλεγόμενον
1146 3711 1195 3782 τῆς
1217 3693 1326 3784 Δάρνης
1348 3703 1395 3764 καί
1418 3705 1482 3765 αὒτό
1507 3705 1557 3764 ἀπό

262 3830 308 3886 τοῦ
332 3829 453 3903 μοναχοῦ
469 3825 638 3900 Λεβαθηνοῦ.
664 3827 755 3904 ἕτερον
779 3822 914 3900 ἁμπέλιον
930 3831 979 3902 τῆς
995 3827 1149 3907 Κορωνοῦς,
1172 3828 1203 3886 τό
1218 3825 1284 3907 ὅπερ
1300 3824 1422 3886 δέδωκεν
1438 3827 1558 3905 Μιχαὴλ

264 3941 546 4030 όΠλοιστοράΙγ]ων,
571 3945 664 4020 μσδίου
680 3943 716 4005 α’.
742 3947 834 4026 ἕτερον
858 3947 994 4022 ἀμπέλιον
1016 3949 1046 4006 τό
1069 3947 1099 4008 όν
1121 3967 1152 4007 τε
1167 3945 1207 4020 εἰς
1222 3949 1304 4007 τόπον
1321 3947 1507 4028 Μερουνιοίδη,
1530 3949 1558 4008 τό

264 4070 329 4148 ότιερ
358 4069 460 4146 ἔχομεν
485 4061 560 4152 [ἀπό]
585 4068 711 4127 Ἰωάννου
737 4072 783 4129 τοῦ
806 4069 1039 4148 Μαρτινιώτητό
1066 4067 1111 4128 ίοα
1136 4067 1183 4128 καὶ
1206 4066 1237 4141 ἐξ
1261 4068 1381 4145 ἰσότητος
1404 4069 1508 4144 μσδίων
1523 4065 1558 4149 γ’.

265 4193 356 4271 ἕτερον
380 4190 524 4271 ἀμπέλιον,
547 4191 577 4250 τό
600 4191 666 4271 ὅπερ
683 4191 786 4268 ἔχομεν
801 4189 856 4250 ἀπό
872 4195 995 4268 μοναχοῦ
1011 4193 1056 4251 τοῦ
1072 4191 1221 4270 Μαγουλᾶ,
1238 4191 1335 4266 μοδίου
1352 4195 1438 4268 μισοῡ.
1468 4194 1558 4272 ἕτερον

265 4314 400 4388 όιμπέλιον
416 4311 455 4383 εἰς
471 4313 516 4372 τόν
533 4313 649 4392 Πύργον,
670 4313 701 4372 τό
716 4315 783 4393 ὅπερ
800 4313 900 4390 ἔχομεν
916 4313 969 4372 ἀπό
985 4313 1147 4402 Καλῆςτοῦ
1163 4311 1389 4394 Ιόυλουλέοντος7
1413 4313 1510 4390 μοδίου
1524 4309 1556 4377 α’.

266 4436 358 4516 ἕτερον
381 4439 518 4515 χωράριον
534 4433 573 4505 εἰς
591 4435 653 4506 τοὺς
669 4433 857 4514 Μαγουλάδες
879 4435 909 4494 τό
929 4434 1046 4510 πλησίον
1068 4441 1118 4511 τῆς
1140 4434 1291 4516 ἀποθήκης,
1313 4437 1344 4494 τό
1366 4438 1434 4517 ὅπερ
1458 4437 1559 4514 ἔχομεν

265 4558 318 4617 ἀπό
334 4555 461 4616 Ἰωάννου
476 4551 675 4641 ἀνα[γνώατου]
692 4559 739 4615 τοῦ
755 4558 938 4636 Μεροινιώτη,
955 4555 1049 4632 μοδίου
1065 4555 1103 4618 α’.
1119 4559 1211 4636 ἕτερον
1226 4559 1363 4637 χωράφισν
1379 4559 1410 4617 τό
1426 4557 1557 4636 ἐπιλεγό-

266 4699 348 4754 μενον
370 4683 416 4739 τοίι
440 4679 540 4738 Βουνοίι
566 4679 596 4738 τό
621 4678 768 4757 άριερωθὲν
791 4677 865 4758 παρὰ
888 4677 1035 4759 Θεοδώρου
1057 4683 1103 4740 τοῦ
1126 4679 1275 4758 Μαγουλᾶ.
1308 4679 1399 4759 ἕτερον
1421 4683 1558 4760 χωράριον
