3222 5284
1296 343 1360 409 333

53 538 227 616 διείληπται,
255 539 418 615 ἆλλάῑντθμ
447 541 487 620 ἐφ’
501 541 599 615 ἑαυτῆς
626 539 784 600 διοικεῖσθαι
805 536 853 598 καί
876 537 1101 619 διακυβερνᾶσθαι
1123 537 1197 616 παρὰ
1218 543 1268 612 τῆς
1290 537 1362 596 κατὰ

53 664 99 736 τὴν
123 663 239 742 ἡμέραν
261 664 497 740 ήγουμενευοῦοης
521 662 550 721 ἐν
573 662 640 744 αάτῇ
662 661 734 722 κατὰ
754 662 803 735 τήν
818 665 864 719 τοῦ
879 663 1012 740 παρόντος
1031 665 1140 720 τυπικοῦ
1161 660 1304 738 διαταγήν.
1336 657 1360 720 εἰ

54 781 84 842 δέ
106 805 150 856 τις
181 781 334 860 βουληθείη
361 785 428 844 ποτὲ
452 785 480 844 ἐν
508 785 659 865 οίῳδήποτε
686 787 778 864 χρόνῳ
799 783 862 842 καθ’
876 777 932 844 οἷον
955 783 988 858 δή
1011 803 1070 842 τινα
1098 783 1195 862 τρόπιν
1222 781 1361 842 καταδου-

53 902 202 966 λώσασθαι
231 907 329 983 ταύτην
358 908 438 982 ήμῶν
461 907 510 982 τὴν
540 909 625 983 μονήν
648 904 695 966 καὶ
717 905 767 965 ὑπό
800 902 921 977 ἐξουσίαν
952 905 1045 984 έτέρου
1075 904 1170 964 θέσθαι
1199 904 1279 982 τινός,
1309 905 1362 962 κᾶν

55 1027 194 1102 βασιλεὺς
217 1027 270 1106 εἴη,
293 1028 345 1118 κόιν
367 1031 549 1108 πατριάρχης,
572 1031 624 1086 κάν
647 1027 735 1099 ἄλλος
757 1047 797 1098 τις
811 1032 865 1087 τῶν
886 1025 1121 1101 ἐκκλησιαστικῶν
1136 1027 1154 1098 ή
1171 1023 1377 1104 συγκλητικῶν-

54 1145 237 1235 [ἐιργόντωνή
264 1153 317 1210 κάν
348 1150 414 1224 αῦτὴ
437 1151 456 1225 ή
483 1155 643 1229 προεστῶσα
664 1153 682 1223 ή
706 1144 744 1234 [ὁ]
775 1145 958 1223 οἰκονόμοςή
985 1167 1026 1219 τις
1056 1146 1154 1218 ἁπλῶς
1180 1153 1233 1206 τῶν
1259 1149 1305 1206 νῦν
1333 1147 1362 1204 έν

54 1273 139 1354 ταῦτ-η
166 1272 298 1350 ἀδελφῶν
322 1269 354 1344 ἐξ
370 1272 499 1352 ἐπηρείας
522 1269 683 1346 δαιμονικῆς
704 1271 956 1350 παρακεκινημένη,
980 1270 1010 1328 οῦ
1026 1269 1108 1344 μόνον
1124 1269 1222 1346 ἔνοχος
1238 1266 1361 1348 έοταιτῴ

56 1391 120 1470 θείῳ
157 1395 267 1468 σώματι
289 1391 337 1453 καὶ
360 1393 453 1468 αἵματι
475 1397 521 1454 τοῦ
544 1393 607 1452 θεοῦ
629 1391 675 1452 καί
697 1397 820 1471 σωτῆρος
843 1392 922 1465 ήμῶν
946 1389 1035 1466 Ἰησοῦ
1059 1391 1183 1471 Χριστοῦ,
1215 1385 1362 1449 ἀλλὰκαὶ

56 1514 186 1590 ἀνάθεμα
210 1515 296 1594 ἔσται,
319 1516 413 1599 ηαθώς
434 1534 511 1594 φησιν
535 1515 550 1572 ό
573 1515 645 1585 θεῖος
668 1510 832 1590 ἀπόστολος,
854 1481 901 1572 καὶ
923 1511 1028 1593 τήὰρᾷ
1042 1517 1095 1570 τῶν
1110 1510 1270 1592 τριακοσίων
1292 1511 1362 1572 δέκα

56 1634 103 1694 καί
125 1637 204 1696 όιιτὼ
227 1636 314 1715 ἁγίων
336 1638 461 1716 πατέρων
486 1631 550 1721 [τῶν
574 1635 602 1694 ἐν
625 1629 739 1719 Νικαίᾳ]
762 1634 889 1705 ὑπόδικος
912 1635 1034 1712 γένηται,
1059 1633 1098 1692 ότι
1118 1635 1186 1714 ὅπερ
1202 1634 1235 1692 ἐκ
1250 1633 1362 1709 ζεοόσης

57 1757 176 1838 καρδίας
198 1756 246 1818 καὶ
267 1757 383 1830 πίστεως
407 1755 438 1830 έξ
461 1757 607 1837 ἐλαχίστου
630 1759 729 1836 μέρους
751 1763 805 1816 τῶν
826 1758 894 1835 πρός
916 1762 964 1831 τῆς
980 1757 1214 1834 Κεχαριτωμένης
1234 1755 1378 1815 θεοτόκου·

58 1881 123 1956 πρός
151 1881 229 1954 ἡμᾶς
256 1881 418 1960 εὐεργεσιῶν
441 1880 660 1954 συνεστησάμεθα
690 1881 868 1958 μοναοκήριον
891 1876 938 1936 καί
959 1883 993 1960 τῇ
1017 1875 1126 1960 ἐξουσίᾳ
1147 1876 1195 1938 καί
1217 1878 1362 1960 δεσποτεία

60 2001 142 2076 αντῆς
166 2007 218 2076 τῆς
238 2001 473 2082 Κεχαριτωμένης
500 2001 628 2060 θεοτόκου
650 2002 729 2076 ήμῶν
755 1999 939 2078 ὑποτιθέμεθα,
968 2000 1001 2059 ἐκ
1022 2002 1130 2060 πάντων
1154 2000 1252 2060 άπλῶν
1276 2001 1360 2060 ἐλεύ-

60 2123 136 2201 θερον
161 2123 227 2184 αῦτό
249 2126 394 2202 πιγχάνειν
416 2123 594 2200 θελήσαντες,
618 2125 696 2181 τοῦτο
719 2115 796 2192 οὗτος
818 2121 980 2200 καινοτρόπῳ
1002 2123 1100 2202 γνώμῃ
1123 2119 1169 2181 καί
1193 2121 1296 2212 δολερᾷ
1311 2121 1361 2182 θιτδ

62 2239 187 2315 ἐξουσίαν
216 2244 365 2323 ἀνθρώπων
393 2243 595 2324 διεφθαρμένων
622 2241 687 2314 ίοως
709 2241 756 2302 καί
783 2247 908 2321 πονηρῶν
930 2241 977 2302 καί
999 2244 1066 2323 πρός
1089 2242 1167 2302 οὐδέν
1190 2243 1265 2303 ἄλλο
1288 2242 1361 2318 βλε-

60 2367 164 2425 πέντων
187 2369 206 2441 ή
229 2366 329 2447 κέρδος
351 2365 477 2446 όλέθριον
500 2364 604 2436 ἀθλίως
626 2365 642 2423 ό
664 2365 760 2437 ἄθλιος
782 2365 944 2439 ποιήσασθαι
968 2363 1146 2441 έμελέτησεν.

165 2489 246 2566 Κεφ.
270 2485 307 2562 β’.
337 2485 420 2567 Περί
441 2491 495 2548 τοῦ
518 2485 587 2546 δεῖν
613 2487 831 2562 κοινοβιακὴν
853 2486 911 2562 τήν
935 2485 1106 2565 διαγωγὴν
1129 2487 1281 2562 μετιέναι
1302 2488 1361 2561 τὰς

64 2609 94 2667 ἐν
116 2616 155 2692 τῇ
179 2615 264 2691 μονῇ
286 2615 345 2684 τῆς
367 2609 656 2690 Κεχαριτωμένης
678 2611 732 2668 τόν
756 2612 883 2688 μονήρη
907 2609 977 2684 βίον
1001 2608 1208 2681 διανυοῦσας.
1234 2609 1303 2690 Περί
1325 2631 1360 2690 γε

64 2733 117 2805 μἠν
142 2739 193 2807 τῆς
220 2731 362 2810 διαγωγής
384 2737 437 2792 τῶν
465 2734 638 2807 μοναζονσῶν
660 2729 707 2790 καί
729 2732 872 2821 τήςδλης
896 2731 924 2791 ἐν
946 2736 980 2812 τῇ
1004 2737 1073 2812 μονῇ
1096 2731 1239 2805 πολιτείοις
1261 2727 1361 2812 ἐφεξῆς

63 2855 226 2934 σαφέστερόν
248 2873 278 2912 τε
301 2851 347 2912 καί
371 2852 416 2914 διό
439 2853 567 2932 βραχέων
590 2849 712 2932 εἰρῆσθαι
734 2853 830 2912 καλόν.
862 2853 1059 2932 διορισθήοεται
1082 2852 1114 2912 δέ
1133 2853 1167 2912 τὰ
1181 2851 1242 2932 περὶ
1256 2854 1360 2933 τοῦτου,

63 2975 134 3034 καθὰ
154 2977 213 3048 τοῖς
240 2975 323 3047 θείοις
344 2977 460 3054 πατράσι
481 2972 543 3052 περὶ
566 2979 619 3033 τῶν
643 2970 703 3054 ἄρτι
726 2972 941 3050 ἀποταξαμένων
969 2973 1153 3054 διηυκρίνηταί
1174 2995 1204 3034 τε
1227 2973 1274 3034 καί
1297 2975 1360 3051 διη-

63 3097 202 3176 γέρευται·
227 3096 392 3174 διεγνώκασι
415 3096 469 3176 γὰρ
491 3094 539 3156 καί
559 3097 787 3170 νενομοθετήκασι
807 3093 983 3169 κοινοβιακὴν
999 3095 1204 3176 ῦπεισέρχεοθαι
1219 3095 1360 3156 πολιτείαν

64 3215 107 3274 καί
130 3215 171 3289 εἰς
193 3217 330 3296 ὑποταγὴν
355 3215 513 3277 ἐκδίδοσθαι
536 3217 739 3296 ἀρνησαμένους
761 3218 792 3276 τό
815 3217 927 3291 θέλημα
949 3217 1010 3288 τοῦς
1034 3217 1092 3295 ἄρτι
1114 3218 1159 3276 τὀν
1181 3218 1361 3293 πολυκῦμονα

64 3339 193 3416 φυγόντας
223 3340 325 3414 κόσμον
354 3336 402 3397 καί
430 3338 668 3417 προσπεφευγότας
690 3337 728 3416 τῷ
751 3341 797 3397 τοῦ
827 3341 961 3416 μονήρους
992 3337 1050 3411 βίου
1081 3339 1227 3418 ἀκυμάντῳ
1257 3340 1359 3420 λιμένι,

65 3459 110 3518 ἐτε
136 3459 284 3532 δεομένους
310 3459 477 3540 κυβερνήτου
500 3458 547 3518 καί
573 3459 686 3538 ὁδηγοῦ,
714 3459 751 3528 ὡς
774 3460 804 3518 τό
827 3465 876 3534 τῆς
903 3463 993 3538 ψυχῆς
1019 3459 1097 3536 ὄμμα
1122 3460 1221 3539 τυφλόν
1247 3463 1360 3542 περιφέ-

65 3599 158 3655 ροντας
181 3579 228 3640 καὶ
251 3583 289 3656 μὴ
312 3581 385 3653 οἵους
407 3601 437 3640 τε
457 3581 537 3653 όντας
553 3582 658 3652 ἑαυτοῖς
675 3580 803 3660 ἐπαρκεῖν
820 3580 864 3640 διὰ
880 3581 928 3658 τήν
942 3586 988 3642 τοῦ
1003 3581 1092 3642 καλοῦ
1107 3583 1228 3662 ἄγνοιαν.
1258 3583 1360 3654 τοῦτοις

65 3697 107 3760 οῦν
129 3704 280 3778 πειθομένη
298 3701 434 3778 βοῦλομαι
451 3701 497 3762 καὶ
512 3701 614 3782 σφόδρα
631 3703 777 3782 βούλομαι,
801 3703 830 3762 ἐν
845 3703 1005 3785 κοινοβισκῄ
1022 3703 1149 3785 διαγωγῇ
1164 3725 1194 3763 τε
1209 3701 1255 3764 καί
1270 3725 1360 3764 κατα-

66 3827 153 3884 πάτει
176 3824 226 3896 τὰς
249 3824 420 3898 μοναζοίισας
443 3823 472 3882 ἐν
495 3828 528 3904 τῇ
552 3829 622 3902 μονῇ
644 3829 694 3898 τῆς
710 3825 944 3904 Κεχαριτωμένης
966 3827 1187 3904 μητροπαρθένου
1204 3823 1297 3901 διαζῆν
1313 3826 1360 3886 καί

65 3943 109 4022 τήν
131 3950 182 4021 τῆς
209 3946 333 4022 τοιαύτης
359 3944 501 4017 πολιτείας
528 3946 631 4004 κανόνα
662 3943 738 4004 ἐσαεὶ
768 3945 859 4025 κθριον
889 3940 957 4004 εἷναι
986 3947 1141 4028 παρἀὺπῇ,
1172 3945 1359 4008 ἀναλλοίωτόν

65 4064 161 4126 τεκαὶ
183 4065 387 4147 ἀμετάτρεπτον
410 4065 458 4127 καί
478 4069 553 4150 πάσῃ
576 4069 730 4148 περιστάσει
754 4067 904 4126 ἀσάλευτον
927 4067 1011 4147 μέχρι
1033 4073 1083 4143 τῆς
1104 4071 1150 4128 τοῦ
1164 4069 1265 4140 παντός
1280 4068 1359 4128 τοῦδε

67 4191 215 4259 πνστάσεως
242 4187 312 4248 κατὰ
335 4187 442 4264 μηδένα
471 4189 568 4268 τρόπον
595 4189 915 4269 παραχαράττόμενονή
943 4187 1142 4263 ἀλλοιούμενον
1171 4188 1244 4265 μηδὲ
1265 4209 1357 4270 παρα-

66 4310 218 4384 κινοίνμενον
242 4308 275 4368 δι’
288 4311 427 4384 ἡντιναοῦν
452 4307 538 4369 αἰτίαν
560 4312 578 4384 ή
601 4309 741 4390 πρόφασιν,
772 4310 810 4384 μὴ
834 4309 879 4368 διὰ
901 4309 1027 4383 πλοῦτον,
1062 4311 1100 4384 μὴ
1125 4310 1170 4369 διόι
1191 4310 1295 4390 πενίαν,
1320 4311 1358 4386 μὴ

68 4428 97 4488 δι’
106 4431 219 4508 ἀφορίαν
239 4432 257 4504 ή
274 4429 407 4510 εὐφορίαν,
432 4431 470 4505 μὴ
487 4430 522 4491 δι’
532 4428 626 4506 ἀλλην
641 4432 784 4492 όποιανοῦν
800 4431 971 4510 εθλογοφανῆ
989 4428 1075 4490 αἰτίαν
1090 4435 1109 4505 ή
1124 4431 1258 4511 ἀφορμήν,
1282 4431 1359 4491 ἀλλὰ

66 4553 147 4626 πάντη
162 4571 194 4609 τε
208 4547 256 4610 καί
269 4553 378 4622 πάντως
400 4551 449 4626 την
472 4551 647 4626 κσινοθιακὴν
670 4553 849 4631 φυλάττεσθαι
873 4551 1014 4631 διαγωγήν
1029 4551 1076 4612 καὶ
1091 4554 1253 4612 κατάστασιν
1276 4553 1359 4634 μέχρι

67 4674 160 4745 παντός
183 4673 413 4752 ἀπαράθραυοτον,
441 4673 493 4731 κᾶν
516 4672 555 4742 εἰς
579 4671 626 4732 δύο
650 4675 823 4748 μοναζουσῶν
852 4673 991 4754 διάρκεινιν
1020 4679 1175 4754 περιστῆναι
1198 4674 1288 4756 συμβῇ
1310 4676 1358 4750 τὴν
