3166 5298
262 321 323 386 106

258 514 305 577 καί
329 516 546 592 ἐπικεκλημένον
567 521 617 591 τῆς
639 515 785 596 Ὀστρινῆς,
814 515 858 575 σίιν
880 515 919 594 τῷ
943 517 1000 576 ἐκεῖ
1022 517 1086 595 θείῳ
1108 516 1166 594 ναῷ
1188 521 1238 592 τῆς
1260 517 1341 596 ἁγίας
1364 519 1541 599 Ἀναστασίας,

258 637 305 698 καὶ
327 639 434 721 κατέχῃ
456 641 539 698 ταῦτα
562 637 632 713 μετὰ
653 645 702 713 τῆς
724 642 811 715 νομῆς
833 637 880 698 καὶ
901 643 1034 717 περιοχῆς
1056 637 1102 698 καί
1124 644 1178 698 τῶν
1202 639 1313 700 δικαίων
1337 642 1444 700 πάντων
1467 643 1543 699 αὐτῶν

261 759 301 839 ἐρ’
314 761 369 840 ὅρῳ
390 759 469 826 παντί
492 765 541 836 τῆς
563 761 642 820 αἰτοῦ
665 758 767 840 βιοτῆς,
790 758 837 819 καὶ
867 760 938 835 μετὰ
959 762 1004 820 τδν
1027 761 1142 820 θάνατον
1166 763 1245 820 αἰτοῦ
1266 767 1398 840 κρατῆται
1420 760 1467 821 καί
1488 764 1544 822 οδτσ

258 883 288 942 τδ
312 882 454 963 μονίιδριον
476 880 523 942 καὶ
546 881 626 954 αἰιτδς
648 883 663 941 ὁ
686 883 758 953 θεῖος
780 883 846 954 νοιδς
867 883 941 963 παρὰ
962 887 1008 942 τοῦ
1030 877 1184 962 προσώπου,
1208 881 1247 957 εἰς
1269 883 1403 958 δμέλλει
1419 884 1543 962 ἐπαμῆσαι

258 997 336 1076 οὗτος
359 1003 392 1064 ἐκ
414 1003 555 1085 διαθήκης,
579 1003 671 1078 δοθείη
695 1002 725 1064 δέ
747 1001 795 1063 καὶ
816 1005 884 1083 προς
907 1005 985 1064 αἰιτδν
1008 1003 1061 1064 ἀπὸ
1083 1009 1132 1078 τῆς
1155 1002 1194 1076 εἰς
1216 1005 1247 1064 τδ
1268 1004 1370 1084 χωρίον
1392 1006 1439 1064 τδν
1461 1004 1543 1066 Θολδν

260 1131 313 1204 γῆς
342 1129 388 1185 τοῦ
412 1125 607 1204 Παλαιολθγσυ
636 1129 718 1206 κυροῡ
741 1101 863 1198 Ἀλεξίου
891 1130 929 1203 γῆ
959 1125 1061 1199 μοδίων
1092 1124 1245 1205 διακοσίων,
1278 1132 1328 1203 τῆς
1359 1128 1543 1206 εὑρισκομένης

256 1247 372 1322 πλησίον
394 1252 447 1307 τῶν
471 1247 582 1308 δικαίων
604 1252 654 1322 τῆς
675 1252 728 1326 γῆς
749 1251 795 1308 τοῦ
817 1246 1003 1320 πανσεβάοτου
1025 1247 1156 1321 σεβαστοῦ
1180 1246 1279 1308 οἰκείου
1294 1255 1327 1330 τῆ
1343 1249 1474 1330 βασιλείᾳ
1490 1269 1542 1326 μου,

257 1373 337 1448 κυροίι
361 1368 562 1430 Κωνσταντίνου
588 1374 634 1429 τοῦ
657 1364 820 1450 Ἀχιραίτου,
851 1367 897 1428 καί
924 1368 1055 1450 λαμβάνῃ
1082 1370 1143 1430 κατ’
1156 1371 1216 1442 ἔτος
1243 1370 1345 1431 καὶτὰ
1369 1371 1543 1446 ἀπαιτοίμενα

257 1493 336 1570 χάριν
366 1491 462 1562 τέλους
492 1490 606 1566 ἐτησίως
637 1491 690 1550 ἀπδ
718 1497 771 1550 τῶν
803 1489 842 1563 εἰς
868 1492 899 1550 τ“ο
921 1494 1036 1571 κάοτρον
1058 1496 1108 1567 τῆς
1128 1491 1232 1570 Ζίχνας
1255 1491 1392 1552 ’ίουδαίων
1416 1493 1543 1573 ὑπέρπυρα

258 1611 342 1672 εἴκοσι
364 1615 444 1693 χάριν
465 1613 608 1694 προσοδίου
629 1613 717 1692 αὺτοῦ,
745 1615 762 1688 ῆ
779 1612 907 1687 βασιλεία
923 1632 974 1688 μου
989 1614 1037 1688 τὴν
1053 1614 1176 1688 τοιαύτην
1192 1616 1301 1690 ζῆτησιν
1316 1613 1363 1674 καί
1378 1617 1542 1694 παράκλησιν

258 1736 347 1815 αυτοῦ,
381 1737 419 1807 ὡς
448 1735 570 1813 καθαράν
600 1733 703 1795 εὔνοιαν
732 1733 778 1794 καί
808 1734 892 1794 πίστιν
922 1732 969 1794 καί
995 1733 1129 1812 ὑπόληψιν
1158 1737 1299 1815 τρέφοντος
1327 1735 1366 1808 εἰς
1390 1737 1483 1813 αυπῆν
1503 1735 1542 1795 καί

258 1855 384 1918 δουλείαν
400 1858 467 1937 ι’νπέρ
481 1863 530 1931 τῆς
547 1857 688 1933 βασιλείας
704 1877 756 1932 μου
772 1855 977 1936 δουλεύσαντος,
1002 1856 1117 1932 ἑτοίμως
1132 1855 1179 1916 καί
1196 1857 1316 1933 εἰιμενῶς
1330 1857 1541 1938 προσδεξαμένη,

256 1982 286 2040 τδ
312 1982 398 2061 παρδν
420 1979 627 2060 χρυσόβουλλον
650 1978 786 2055 σιγιλλιον
810 1979 970 2058 έπιχορηγεῑ
992 1977 1038 2038 καί
1062 1979 1234 2060 ἐπιβραβεύει
1257 1982 1339 2061 αυτῷ,
1363 1979 1399 2040 δι’
1414 1975 1444 2040 οὗ
1466 2001 1542 2060 προσ-

256 2105 347 2162 τάσσει
370 2100 416 2161 καί
439 2101 591 2182 διορίζεται,
615 2099 794 2174 ἐπιλαβέσθαι
817 2100 867 2175 μὲν
889 2101 967 2160 αὒτδν
981 2105 1028 2161 τοῦ
1043 2121 1074 2160 τε
1094 2099 1235 2182 εἰρημένου
1252 2101 1393 2182 μονυδρίου
1408 2109 1459 2178 τῆς
1473 2103 1541 2182 ὑπερ-

238 2223 338 2302 ἀχίας
360 2223 486 2283 θεοτὸκου
507 2229 557 2299 τῆς
573 2222 715 2300 Ὀστρινῆς
737 2219 785 2280 καί
806 2227 852 2281 τοῦ
875 2221 1018 2302 εἰρημένου
1042 2221 1114 2282 θείου
1133 2229 1199 2284 ναοῦ
1213 2231 1262 2299 τῆς
1279 2225 1360 2303 άγίοις
1376 2223 1541 2294 Ἀναοπασίτς

255 2345 303 2406 καί
325 2346 454 2423 κατέχειν
481 2344 548 2403 αθτδι
576 2344 616 2422 ἐρ’
630 2345 684 2424 ὅρῳ
711 2343 789 2404 παντί
816 2351 865 2420 τῆς
889 2345 967 2404 αἰντοῦ
991 2347 1064 2420 ζωῆς
1087 2345 1282 2424 ἀνενοχλῆτως
1304 2344 1351 2406 καὶ
1374 2347 1541 2414 ἀδιασείστως

257 2466 326 2542 μετὰ
346 2471 395 2543 τῆς
415 2471 502 2542 νομῆς
516 2465 562 2525 καί
577 2471 710 2546 περιοχῆς
725 2465 771 2526 καί
786 2471 839 2526 τῶν
856 2466 967 2526 δικαίων
981 2469 1089 2526 πάντων
1106 2469 1192 2528 αἰιτιῖνν
1212 2467 1259 2528 καί
1273 2469 1465 2548 παραπέμπειν
1480 2466 1540 2542 μετὰ

256 2591 302 2648 τδν
324 2591 439 2648 θάνατον
462 2587 541 2648 αυτοῦ
563 2589 631 2668 πρδς
654 2589 721 2668 ὅπερ
744 2588 776 2648 διν
801 2588 923 2670 βουληθῇ
947 2587 993 2647 καὶ
1017 2589 1123 2671 θελήσῃ
1131 2585 1156 2672 1)
1178 2591 1332 2671 πρέσωπον,
1363 2592 1403 2662 ὡς
1426 2591 1459 2650 ἂν
1480 2609 1539 2649 κατ-

257 2713 375 2790 έχωνται
397 2709 549 2771 ταῦτακαὶ
571 2711 636 2788 παρ’
649 2711 729 2770 αἰιτοῦ
751 2709 822 2770 κατά
843 2711 889 2768 τδν
912 2710 1005 2786 ὅμοιον
1028 2713 1135 2792 τρόπον,
1160 2711 1271 2787 δοθῆναι
1295 2711 1326 2772 δὲ
1347 2712 1420 2792 αἰετῷ
1440 2711 1485 2773 καί
1499 2711 1540 2786 τῆν

257 2832 403 2914 εἰρημένην
422 2838 475 2911 γῆν
490 2837 543 2892 τῶν
561 2831 704 2893 διακοσίων
721 2830 822 2906 μοδίων
839 2832 891 2891 άπδ
906 2838 956 2907 τῆς
971 2830 1011 2904 εἰς
1025 2834 1056 2892 τδ
1071 2832 1173 2912 χωρίον
1187 2834 1233 2894 τὀν
1249 2831 1342 2894 Θολίνν
1356 2840 1412 2912 γῆς
1426 2839 1472 2896 τοῦ
1487 2834 1539 2892 Πα-

256 2955 408 3032 λαιολδγου
423 2959 504 3036 κυροῦ
520 2951 650 3032 Ἀλεξίου,
671 2951 718 3012 καί
733 2954 860 3030 κατέχειν
875 2957 968 3013 τοῦτον
983 2953 1065 3030 αἰνπῆν
1081 2956 1119 3026 ὡς
1134 2958 1256 3035 χονικῆν,
1272 2955 1427 3032 λαμβάνειν
1443 2957 1473 3016 δέ
1487 2953 1538 3013 κατ’
1567 2997 1568 3000 ι

257 3080 317 3150 ἔτος
336 3076 382 3138 καί
402 3077 437 3137 τά
452 3077 635 3151 ἀπαιτούμενοι
650 3078 731 3157 χάριν
746 3075 844 3147 τέλους
861 3075 976 3150 έτησίως
991 3077 1044 3134 οἰπδ
1059 3081 1112 3135 τῶν
1129 3074 1279 3156 εἰρημένων
1296 3077 1436 3138 Ἰουδαίων
1452 3077 1540 3136 εἴκοσιν

255 3201 392 3280 ὑπέρπυρα
414 3202 494 3280 χάριν
516 3198 658 3280 προσοδίου
681 3201 768 3258 αἰετοῦ.
793 3199 855 3258 ὅθεν
878 3197 924 3258 καὶ
943 3205 976 3280 τῆ
1000 3198 1132 3282 ἑμρσινείᾳ
1153 3197 1201 3258 καὶ
1224 3198 1333 3274 δυνάμει
1356 3204 1403 3259 τοῦ
1417 3201 1540 3280 παρόντος

255 3321 461 3400 χρυσοβοθλλου
491 3322 628 3400 σιγιλλίου
657 3327 708 3397 τῆς
738 3320 881 3397 βασιλείας
912 3342 964 3396 μου
993 3319 1103 3394 καθέξει
1134 3320 1181 3381 καί
1211 3323 1394 3397 νεμηθῆσεται
1423 3327 1503 3382 ταῦτα
1528 3319 1540 3375 θ

256 3440 393 3518 δηλωθείς
415 3445 538 3520 μοναχδς
561 3443 706 3522 Ἰάκωβος,
735 3444 773 3514 ὡς
797 3443 939 3522 διορίζεται
962 3445 979 3518 ἡ
1003 3442 1131 3517 βασιλεία
1154 3465 1215 3524 μου,
1247 3444 1285 3519 μὴ
1308 3447 1382 3524 παρά
1404 3465 1477 3517 τινος
1496 3439 1540 3500 τιῖιν

256 3562 380 3624 ἁπάντων
412 3563 570 3646 εὑρίσκωνί)
596 3564 639 3624 ἐπί
668 3565 771 3635 τοίτσις
793 3563 1022 3624 καταδυναστείαν
1045 3567 1063 3640 ῆ
1087 3564 1260 3642 διενάχλησίν
1283 3586 1351 3646 τινα,
1387 3565 1466 3626 ἀλλὰ
1487 3565 1540 3624 διτ-

255 3688 420 3768 τηροθμενος
449 3688 616 3746 παντάπασιν
647 3686 832 3764 ἀνενὸχλητος
862 3684 909 3746 καὶ
939 3683 1120 3758 ἀδιάσειστος·
1157 3687 1250 3746 τούτου
1272 3686 1325 3765 γὰρ
1347 3689 1428 3768 χάριν
1451 3689 1540 3768 γέγονε

255 3807 294 3888 τῷ
325 3809 476 3882 δηλωθέντι
508 3809 622 3888 μονοιχῷ
652 3807 690 3888 τῷ
715 3809 841 3887 Ἰακώβῳ
868 3807 914 3868 καὶ
940 3811 970 3867 τ“ο
996 3810 1082 3888 παρδν
1108 3807 1315 3888 χρυοθβουλλον
1342 3809 1479 3887 σιγίλλιον
1500 3813 1540 3880 τῆς

256 3931 400 4006 βασιλείας
423 3952 474 4006 μου
497 3935 524 4006 †.

358 4048 472 4131 ’[Είχε
487 4051 543 4112 καὶ
559 4021 750 4133 δι’ἑρυθρῶν
764 4055 970 4133 γραμμάτων
985 4058 1043 4128 τῆς
1060 4052 1241 4128 βασιλικῆς
1255 4054 1374 4133 χειρὸς
1395 4055 1445 4113 τό·
1471 4047 1540 4129 μηνὶ

256 4175 381 4256 μαρτίῳ
405 4173 465 4234 ἰνδ.
483 4174 509 4234 α’
532 4179 557 4252 ῆ.

362 4337 463 4393 Βαίίιαο
483 4339 506 4392 Ι.
525 4357 557 4408 p.
576 4340 647 4392 232.
674 4339 783 4392 Annum
803 4339 1017 4406 computavimus
1037 4357 1070 4392 οτι
1089 4340 1191 4408 ordine,
1212 4357 1264 4410 quo
1280 4339 1348 4409 dipl.
1366 4341 1396 4394 ι’νι
1410 4341 1496 4395 codice
1508 4337 1538 4388 ίυ·

256 4451 356 4500 sertum
371 4445 477 4516 ίσμίίυτ.

363 4684 381 4750 1)
400 4679 497 4746 θελήσει
515 4681 541 4732 S.
613 4681 634 4746 ²)
654 4677 782 4746 διορίζεται
802 4677 853 4728 ἰδοίι
872 4679 886 4743 ῆ
905 4677 961 4744 βοισ.
982 4677 1100 4746 εὑρίσκειν
1118 4681 1145 4730 Β.
