3486 5282
368 277 432 349 244

367 477 413 539 καὶ
436 477 581 538 ἐπίσκοπον
605 475 680 557 ἔχειν
702 473 806 557 δφειλει
829 473 941 539 ἀείκαὶ
964 475 1112 558 διοικητήν,
1136 475 1173 549 ὡς
1199 470 1364 558 εἰρήκαμεν·
1387 479 1471 538 ταῦτα
1487 472 1517 536 δέ
1531 473 1644 553 λέγοντες

368 601 579 662 συνεπινοεῑοθαι
605 599 652 660 καὶ
677 605 754 660 τοῦτο
783 601 954 682 βουλόμεθα,
984 602 1024 660 ὅτι
1051 601 1101 660 ὅσα
1128 601 1199 659 κατά
1220 619 1279 658 τινα
1302 597 1457 674 οἰκονομίαν
1482 599 1510 658 ἐν
1531 601 1582 668 τοῖς
1602 599 1644 672 έμ-

367 723 482 804 προσθεν
504 723 614 804 χρόνοις
638 717 764 801 ἐγένοντο
787 718 946 803 γράμματα,
970 725 1054 782 ταῦτα
1076 719 1205 800 φανείσης
1226 721 1280 796 ἤδη
1296 727 1347 796 της
1362 721 1484 798 ἀληθοῦς
1498 717 1646 792 ἀπτδείξεως

367 850 421 904 τῶν
450 847 621 924 γραμμάτων
653 844 763 916 δικαίως
793 844 887 924 ἀργεῖν
917 842 1079 924 ὀφείλουσιν,
1111 845 1182 903 ὥστε
1209 843 1317 918 μηδένα
1338 848 1391 903 τῶν
1414 843 1603 920 στηριζομένων
1622 843 1646 900 ὲν

367 967 471 1038 τούτοις
495 963 595 1044 ἰσχύειν
619 963 659 1038 είς
680 967 710 1025 τύ
734 967 748 1025 έ
768 971 800 1042 Ῑς
824 965 1005 1025 ἐναντιοῦσθαι
1027 967 1046 1040 η
1068 965 1168 1045 ἀνατρέ
1168 985 1228 1024 πειν
1248 964 1323 1037 ὅλως
1337 965 1386 1042 τὴν
1401 963 1551 1038 καθολικὴν
1564 964 1646 1037 ταύτην

366 1085 413 1148 καὶ
441 1086 556 1163 βεβαίαν
584 1089 703 1164 βασιλ
669 1109 728 1163 ικην
757 1086 803 1148 καὶ
826 1087 968 1164 ουνοδικὴν
991 1087 1170 1164 διάγνωσιν
1158 1107 1188 1146 εν
1210 1085 1248 1164 τῷ
1273 1086 1328 1146 έθέ
1322 1103 1380 1146 ιειν
1403 1085 1479 1159 αὖθις
1502 1083 1548 1158 ἐξα
1548 1107 1577 1145 νσ
1578 1089 1615 1157 ιάζ
1616 1107 1646 1145 ειν

368 1209 396 1268 ἐν
422 1210 497 1291 αύτῇ.
544 1210 645 1288 δγούν
668 1215 751 1270 ταῦτα
773 1210 921 1291 ἀνατρέψαι
944 1209 1195 1289 βουληθησάμενος,
1227 1201 1267 1281 οἷς
1290 1207 1332 1269 σία
1318 1229 1383 1284 μαι
1405 1207 1451 1269 καὶ
1474 1229 1535 1280 τους
1557 1209 1619 1268 ἀλλ
1610 1229 1646 1279 υς

365 1335 418 1390 τῶν
442 1331 601 1410 ἁγιωτάτων
622 1337 826 1412 πατριαρχικῶν
848 1331 1039 1411 ἀπαραιτήτως
1059 1333 1231 1410 συναινέσειν,
1255 1330 1309 1411 ἀρᾷ
1323 1328 1370 1390 καί
1386 1325 1535 1406 ἀναθέματι
1550 1330 1646 1390 ῦποιιεί-

366 1473 443 1512 σεται
465 1453 536 1512 κατὰ
558 1455 604 1513 τάν
626 1455 731 1513 κανόνα
752 1455 797 1513 τ’σν
820 1451 914 1513 οὑτωσί
938 1452 1145 1534 διαγορεύοντα·
1170 1452 1251 1533 ,ρούς
1273 1453 1348 1533 παρὰ
1369 1459 1422 1512 τῶν
1438 1453 1524 1531 άγίων
1539 1453 1647 1530 πατέρων

368 1575 528 1647 ἐκτεθέντας
555 1576 673 1646 κανόνας
702 1575 730 1635 ἐν
758 1578 858 1655 γνώσει
884 1573 1102 1656 παραβαίνοντας
1129 1573 1236 1653 καὶμὴ
1260 1577 1298 1648 ὡς
1321 1577 1424 1636 ἀνωθεν
1447 1575 1647 1653 κατενεχθέντος

368 1697 456 1769 θείους
478 1697 620 1776 χρησμούς
642 1699 671 1757 ἐν
694 1705 759 1780 τιμῇ
781 1695 828 1757 καὶ
843 1697 976 1780 εύλαβείορ
992 1697 1117 1778 ἔχοντας,
1140 1698 1247 1770 τούτους
1262 1700 1279 1772 η
1297 1697 1362 1776 άγία
1377 1699 1492 1778 τετάρτη
1507 1697 1554 1758 καὶ
1568 1696 1646 1756 σίκαι-

365 1819 462 1893 μενικὴ
486 1817 598 1891 σύνοδος
623 1817 668 1878 καὶ
689 1821 707 1892 ἡ
732 1819 838 1895 ἑβδάμη
862 1817 1012 1894 ἀναθέματι
1027 1819 1315 1908 καθυποβάλλφυσινίί.
1341 1817 1384 1878 ἐπὶ
1399 1821 1484 1898 τούτῳ
1498 1821 1550 1898 γὰρ
1569 1818 1609 1878 ιιιὶ
1622 1821 1646 1876 τύ

364 1943 450 2021 παρδν
481 1944 598 2022 γράμμα
628 1941 775 2014 ουνοδιιιιῦς
803 1941 928 2021 ἐγεγόνει
950 1941 997 2002 καὶ
1020 1941 1138 2016 ἐπεδόθη
1160 1948 1194 2023 τῇ
1217 1939 1278 2024 θείᾳ
1300 1941 1347 2002 καὶ
1370 1941 1499 2024 βασιλικῇ
1523 1947 1588 2022 μονῇΙ
1608 1943 1647 1999 τοῦ

364 2063 471 2123 Σιναίου
493 2063 571 2144 ὅρους
593 2068 627 2145 τῇ
651 2063 693 2124 ἐπ’
706 2063 817 2139 ἀνάματι
839 2066 885 2122 τοῦ
908 2064 1037 2144 Σωτῆρος
1060 2065 1175 2144 Χριστοῦ
1193 2064 1334 2139 τιμωμένη
1351 2062 1451 2144 καὶτῷ
1466 2059 1536 2122 κατὰ
1550 2063 1646 2141 καιρούς

364 2185 446 2262 αύτῆς
469 2185 608 2264 ἐπισκόπῳ
631 2185 676 2244 οῦν
698 2187 754 2257 τοῖς
777 2185 836 2244 ἐκεῖ
858 2185 990 2264 θεοφιλῶς
1012 2186 1221 2259 ἐναοκουμένοις
1235 2180 1334 2261 τιμίοις
1348 2184 1477 2264 ἀδελφοῖς
1493 2183 1531 2256 είς
1546 2185 1646 2259 μόνιμον

363 2306 409 2365 καί
432 2307 546 2382 διηνεκῆ
569 2308 617 2382 τὴν
641 2304 792 2386 ἀσφάλειαν
816 2305 849 2366 ἐν
873 2307 939 2366 ἔτει
962 2305 1067 2388 ‘aem'
1078 2305 1100 2389 ¹)
1124 2308 1209 2367 κατὰ
1231 2315 1318 2383 μῆνα
1341 2305 1476 2368 ίούλιον.

462 2432 479 2506 †
511 2429 690 2508 Ἱερεμίας,
725 2427 813 2508 ἐλέῳ
846 2429 923 2488 θεοῦ
956 2428 1224 2508 ἀρχιεπίσκοπσς
1257 2427 1645 2503 Κωνσταντινουπόλεως,

361 2550 451 2622 Νέας
474 2551 614 2628 Ῥώμης,
638 2548 694 2610 καὶ
716 2547 949 2626 οἱκουμενικδς
971 2553 1182 2630 πατριάρχης
1204 2555 1228 2627 †.

461 2677 478 2748 †
509 2671 678 2753 Ἰωακείμ,
715 2671 803 2751 ἐλέῳ
833 2673 909 2732 θεοῦ
938 2673 1149 2751 πατριάρχης
1177 2679 1236 2748 τῆς
1263 2672 1416 2752 μεγάλης
1443 2671 1643 2738 θεουπάλεως

359 2791 562 2872 Αντιοχείας
584 2793 641 2853 καί
663 2795 771 2870 πάσης
794 2794 974 2869 Ἀνα-τολῆς
997 2797 1020 2870 †.

461 2919 477 2990 †
500 2915 682 2996 Γερμανὸς,
717 2915 806 2995 ἐλέῳ
833 2917 909 2977 θεοῦ
934 2917 1144 2996 πατριάρχης
1171 2921 1229 2992 τῆς
1252 2915 1351 2994 άγίας
1374 2915 1510 2986 πόλεως
1533 2916 1640 2994 Ίερσυ-

357 3036 472 3112 οαλὴμ
493 3035 552 3099 καὶ
573 3040 682 3114 πάσης
706 3038 934 3116 Παλαιστίνης
957 3042 983 3116 †.

462 3163 479 3235 †
502 3159 641 3241 Ἀρχιεπ
646 3161 784 3233 ίσκοπος
808 3161 899 3241 Κύπρ
906 3183 941 3221 ου
963 3161 1129 3236 Τιμόθεος
1151 3165 1176 3238 †

461 3281 667 3356 ηΤαπεινδς
690 3303 774 3363 μητρ
780 3283 944 3358 οτολίτης
969 3283 1104 3362 Εφέσου
1127 3280 1367 3359 Ἀθανάσισςγ.

460 3406 477 3478 ’ρ
499 3403 642 3476 Νικαίας
664 3404 711 3462 Κύ
717 3421 838 3484 ιιλσς
860 3411 886 3480 ’γ

460 3525 665 3600 ’[Ταπεινδς
688 3525 861 3600 Συμεὼν
850 3545 887 3585 επ
894 3525 992 3587 ίσιιοπ
998 3547 1033 3598 ος
1058 3527 1276 3606 Παναγίαςί.

459 3647 547 3722 ’ρΤα
552 3648 665 3719 πεινσς
687 3667 753 3723 μητ
758 3647 942 3729 ροπολίτης
966 3648 1170 3730 Ηρακλείας
1192 3651 1427 3730 Γεράσιμοςγ.

458 3771 475 3844 ’γ
497 3767 518 3825 Γ
524 3768 682 3850 ρηγορίος
705 3769 855 3850 Προύσης
877 3774 902 3846 †.

458 3891 475 3964 †
498 3889 664 3962 Ταπειιος
686 3911 770 3972 μητρ
776 3891 937 3969 οτολίτης
959 3891 1191 3970 Νικομηδείας
1214 3894 1426 3972 Σισίννιοςγ.

459 4014 475 4085 †
498 4011 786 4094 Περιθεωρίσυρ
745 4014 766 4072 Γ
772 4017 930 4095 ρηγύριος
953 4019 978 4092 †.

458 4131 661 4208 ’ρΤαπεινδς
685 4135 938 4215 μητροπολίτης
960 4137 1216 4217 Τραπεζοῦντος
1240 4135 1396 4214 Ἀνθιμος
1419 4143 1443 4216 †.

457 4258 473 4330 †
497 4255 696 4329 Ἐπίσκοπος
718 4257 846 4329 Λαζίας
869 4257 1070 4338 Ἄνθιμοςί

457 4382 473 4452 †
496 4377 666 4451 Ταπεινος
689 4380 981 4459 μητροπολίτης
961 4387 1093 4462 αερριῦν
1116 4385 1142 4460 †.

458 4638 478 4704 1)
496 4640 528 4688 Ιιι
547 4639 665 4690 editione
684 4639 795 4706 legitur:
814 4638 907 4709 ,αζπγῖ
