3194 5298
1272 367 1330 430 141

54 571 89 624 νῦν
109 567 265 646 ἐπικρίσεως
287 564 399 642 τίθησιν.
432 563 490 626 ἐπεὶ
512 565 543 626 δὲ
551 565 576 649 ¹)
600 565 631 626 οῦ
653 566 733 642 λόγοι
756 567 838 640 μόνον
860 565 891 624 τό
907 562 1124 638 σπουδαζόμενον
1139 561 1178 640 τῷ
1194 559 1333 642 μαγίστρῳ

54 691 191 768 γεγόνασιν,
222 689 286 748 οῦδὲ
313 691 370 759 τοῖς
397 682 453 768 ᾧδε
481 689 573 763 μόνοις
599 687 648 762 τὴν
675 687 744 762 όλην
768 685 853 766 ῥοπήν
877 685 1032 766 ἐχαρίσατο,
1063 683 1206 764 εἰσήνεγκε
1230 684 1261 744 δέ
1283 707 1333 744 που

52 809 90 870 καί
114 817 146 890 τῇ
173 817 224 886 τῆς
247 815 339 889 ψυχῆς
361 813 524 870 καταστάσει
554 809 584 870 σύ
613 809 718 888 φαύλην
745 809 854 888 ταύτην,
885 805 941 867 οῦδ
954 807 1055 886 ἀγεννῆ
1078 809 1126 882 τὴν
1148 809 1333 888 προμήθειαν·

52 932 102 1012 ᾔδει
128 933 180 1014 γάρ
211 931 259 992 καὶ
286 934 367 1008 μάλα
391 933 497 1010 καλῶς,
529 933 568 1004 ὡς
594 931 628 990 τὰ
648 930 715 1011 τῇδε
739 931 789 1006 μὲν
813 931 917 989 ἅπαντα
939 933 1072 1010 παραρρεῖ
1093 927 1140 990 καὶ
1163 928 1202 1002 εἰς
1223 936 1276 1008 γῆν
1298 929 1333 988 τά

52 1061 91 1129 τῆς
114 1061 165 1134 γῆς
194 1055 413 1137 συμπεραίνεται,
445 1057 515 1130 μόνα
542 1053 567 1114 δ’
582 1053 672 1114 ἐκεῖνα
698 1055 929 1133 προσπαραμένει,
959 1054 1012 1112 όσα
1033 1059 1066 1135 τῇ
1088 1055 1162 1134 ψυχῇ
1184 1055 1332 1132 περιποιεῖν

54 1175 178 1252 δεδύνηται
201 1177 385 1259 λυσιτέλειαν,
409 1178 442 1238 τά
463 1174 525 1238 καθ’
539 1177 633 1236 ἑαυτόν
657 1175 760 1256 μερίζει
783 1173 985 1249 έπιβολιθτατα·
1008 1175 1058 1250 τήν
1080 1175 1133 1254 γάρ
1156 1174 1332 1255 διαφέρουσαν

52 1300 120 1376 τούτῳ
142 1299 231 1360 οἰκίαν
252 1299 316 1380 περὶ
336 1300 433 1375 ταύτην
455 1299 503 1374 τὴν
520 1299 730 1380 Μεγαλόπολιν,
753 1300 812 1374 ἥτις
836 1297 889 1358 ἀπό
903 1303 952 1372 τής
965 1297 1208 1378 πρωτοσπαθαρίας
1225 1297 1332 1370 ἐκείνης

53 1422 223 1498 ἰίναοταοαῦς,
253 1429 303 1497 τῆς
325 1422 418 1481 τούτου
439 1421 669 1502 γυναικαδέλφης,
693 1421 764 1481 κατά
785 1425 880 1500 πρᾶσιν
904 1420 947 1480 ἐπ’
960 1420 1038 1480 αῦτόν
1062 1420 1238 1500 διαβέβηκεν,
1263 1421 1331 1479 ἀνοί-

52 1544 113 1618 θημα
133 1545 221 1624 φέρων
248 1543 288 1624 τῷ
310 1543 366 1622 θεῷ
388 1546 550 1625 καθιέρωσε,
581 1547 777 1624 φροντιστήριον
801 1540 893 1616 δείξας
915 1543 997 1618 αἰπήν
1021 1542 1125 1622 ἀνδρῶν
1148 1542 1285 1622 εύλαβιῦν,
1313 1535 1331 1624 ᾖ

51 1663 87 1723 καὶ
106 1667 148 1724 τόν
168 1667 246 1737 ἐντός
261 1671 308 1726 τοῦ
322 1669 438 1747 κόστρου
453 1671 501 1740 τής
518 1665 673 1726 Ῥαιδεστοῦ
687 1665 752 1744 παρ’
762 1666 841 1726 αὺτοῦ
857 1665 1054 1740 δεσποζόμενον
1070 1660 1145 1725 οἰκον
1162 1661 1201 1736 εἰς
1215 1684 1329 1741 πτωχο-

51 1792 155 1866 τροφεῖον
176 1793 386 1860 καταπετάσας
407 1787 478 1848 κατά
500 1788 611 1848 τελείαν
635 1787 751 1848 ἐπίδοσιν
774 1789 888 1866 ἥνωσεν,
912 1789 950 1859 ὡς
973 1783 1042 1848 εἰναι
1066 1786 1145 1866 ἄμφω
1161 1789 1244 1846 ταῦτα
1259 1806 1329 1860 συμ-

51 1910 219 1988 πεπλεγμένα
247 1909 297 1972 καί
325 1911 578 1990 ἀλληλουχούμενα
609 1909 657 1970 καὶ
679 1908 718 1982 εἰς
741 1913 771 1970 ἐν
793 1909 832 1988 τῷ
854 1915 899 1970 τοῦ
920 1911 1073 1986 πνεύματος
1096 1909 1238 1987 συνδέσμῳ
1261 1929 1328 1986 συγ-

51 2030 158 2105 κείμενα.
186 2031 234 2092 καί
263 2031 353 2113 ἑπεὶί)
380 2033 419 2112 τῷ
441 2033 551 2112 τοιούτῳ
574 2033 694 2112 φιλοθέῳ
717 2031 810 2110 σκοπῷ
831 2033 900 2106 ύλην
923 2029 964 2104 εἰς
986 2031 1132 2103 αύτοτελές
1154 2030 1329 2105 ἀποτέλεσμα

52 2151 201 2232 θησαυρίζων
223 2154 238 2212 ό
261 2155 410 2234 μάγιστρος
432 2155 578 2236 ἀγροτικοίς
601 2175 629 2214 τε
652 2153 699 2213 καί
720 2154 863 2226 πολιτικὰς
886 2154 1039 2230 ἐπικτήσεις
1062 2153 1268 2228 ἀποτεμόμενος
1282 2151 1329 2212 καί

52 2281 77 2354 τῇ
95 2279 154 2356 παρ’
166 2277 248 2336 αὺτοῦ
270 2279 387 2360 συστάση
410 2283 480 2357 μονῇ
502 2275 548 2336 καί
572 2275 609 2357 τῷ
631 2277 839 2357 πτωχοτροφείῳ
863 2277 1005 2356 ἀφιέρωσε,
1028 2274 1075 2336 καί
1098 2275 1129 2336 ού
1143 2278 1219 2336 τοῦτο
1235 2277 1328 2354 μόνον,

53 2392 181 2458 ἀλλὰκαὶ
205 2397 336 2478 διαταγήν
359 2397 508 2474 πεποίηκεν
532 2399 677 2478 ἔγγραφον,
702 2397 731 2458 ἐν
753 2393 772 2478 ᾖ
794 2397 827 2456 τά
849 2399 912 2457 καθ’
925 2400 1047 2477 ἕκαστον,
1071 2399 1144 2469 όπως
1167 2396 1224 2457 δέοι
1246 2401 1330 2458 ταῦτα

53 2515 235 2596 οἰκονομεῖσθαι
265 2519 312 2580 καὶ
342 2519 387 2580 διὰ
416 2521 494 2580 τίνων
524 2521 687 2600 σαφέστερον
716 2523 916 2600 παρεστήσατο,
951 2519 1001 2592 τάς
1031 2518 1062 2580 δὲ
1091 2501 1253 2600 περιτροπάς
1275 2525 1329 2579 τῶν

52 2644 202 2718 πραγμάτων
231 2639 279 2702 καὶ
305 2641 353 2714 τὰς
375 2637 481 2702 ἀλλοτε
504 2641 602 2714 ἄλλως
625 2641 742 2720 ἐχούσας
765 2643 950 2718 μεταπτώσεις
973 2637 1203 2716 διευλαβούμενος
1226 2643 1275 2702 ούκ
1298 2641 1326 2702 ἐν

15 2781 16 2846 5
53 2762 178 2844 ἀσαλεύτῳ
209 2767 292 2840 ἔμενε
320 2763 458 2844 λογισμῷ,
489 2764 557 2824 ἀλλ’
570 2765 655 2824 ἐνίοτε
682 2766 767 2843 τούτῳ
794 2771 843 2840 τῆς
871 2769 962 2842 ψυχῆς
988 2766 1017 2824 τό
1044 2763 1223 2844 λογιζόμενον
1252 2763 1326 2823 ἐδει-

15 2887 16 2926 i
53 2881 145 2946 λαίυετο
176 2884 224 2946 καί
254 2886 329 2966 παρὰ
361 2889 438 2947 τοῦτο
468 2853 576 2968 τῄιτοῦ
606 2887 722 2966 κρότους
750 2887 829 2962 ήμῶν
859 2885 1074 2966 προσεληλυθὼς
1103 2885 1268 2964 γαληνότητι
1298 2885 1328 2945 τό

54 3001 159 3084 ἀσφαλὲς
173 3009 299 3088 ἐζήτησε,
321 3007 360 3088 τῷ
375 3009 496 3088 θεοφιλεῖ
509 3006 582 3087 τῷδε
596 3009 851 3089 προσπεριγενέσθαι
866 3008 1060 3084 σπουδάσματι,
1080 3009 1099 3082 ἡ
1116 3007 1232 3083 εῦσεβής
1246 3009 1326 3085 ἡμῶν

55 3126 164 3198 βασιλεία
192 3133 349 3210 συμμερῖτις
379 3129 513 3192 ἐθέλουσα
542 3131 661 3210 γίνεσθαι
690 3135 736 3192 τοῦ
759 3131 856 3210 καλοῦ,
888 3133 937 3190 οῦκ
959 3127 999 3203 εἰς
1021 3129 1162 3204 ἀναβολὰς
1187 3125 1259 3205 ήλθε
1280 3133 1327 3190 τοῦ

55 3249 144 3330 τέλους,
176 3251 232 3312 τύδ’
245 3249 286 3324 εἰς
314 3252 464 3333 ὑπέρθεσιν,
499 3253 568 3312 ἀλλ’
581 3251 657 3324 εύθύς
687 3253 702 3309 ό
729 3271 759 3312 τε
767 3249 791 3334 ³)
822 3249 969 3333 μάγιστρος
998 3251 1116 3333 ᾐτήσατο
1147 3249 1195 3311 καί
1220 3249 1271 3328 ήδε
1298 3253 1328 3312 τό

57 3366 147 3447 αἰτηθὲν
175 3375 310 3452 φιλοθέως
341 3375 468 3454 ἐπέρανε,
498 3374 658 3446 θεσπίζουσα
687 3371 734 3434 καὶ
761 3372 931 3455 διοριζομένη
959 3373 1004 3433 διά
1025 3378 1070 3435 τοῦ
1092 3375 1223 3454 παρόντος
1246 3374 1328 3451 αύιής

57 3491 165 3568 εὐσεβοῦς
185 3495 393 3577 χρυσοβούλλου
415 3497 512 3576 λόγου,
535 3497 566 3556 τδ
587 3495 661 3576 παρὰ
683 3500 729 3556 τοῦ
751 3495 899 3576 μαγίστρου
922 3495 1040 3572 δσμηθέν
1056 3497 1229 3558 νεοσύστατον
1245 3517 1327 3577 φρον-

57 3617 167 3695 τιστήριον
196 3618 241 3678 ἐπ’
253 3617 364 3694 όνθματι
393 3623 439 3679 τοῦ
469 3620 594 3698 μεγάλου
622 3619 684 3678 θεοῦ
713 3617 760 3678 καί
787 3625 908 3699 σωτῆρος
930 3619 1009 3694 ήμῶν
1032 3619 1123 3696 Ἰησοῦ
1144 3619 1261 3700 Χριστοῦ
1282 3624 1329 3680 τοῦ

59 3733 267 3820 Πανοικτίρμσνος
288 3737 335 3799 καί
355 3742 387 3800 τδ
409 3740 578 3822 προσενωθὲν
600 3741 685 3820 τούτῳ
700 3745 917 3822 πτωχοτροφεῖον
940 3743 970 3802 τό
986 3741 1015 3801 ἐν
1030 3747 1063 3824 σή
1080 3740 1238 3822 Ῥαιδεστῷ,
1260 3744 1329 3823 πρός

59 3853 140 3919 δὲκαὶ
159 3861 191 3921 τά
212 3863 316 3934 τούτοις
338 3857 473 3938 ἀνήκοντα
495 3863 566 3922 κατὰ
588 3862 637 3938 τὴν
659 3863 751 3922 τούτου
773 3861 905 3940 διαταγήν
928 3865 1003 3942 μόνῳ
1024 3861 1063 3942 τῷ
1085 3863 1167 3944 κυρίῳ
1186 3865 1265 3940 ήμῶν
1280 3861 1328 3924 καί

58 3975 101 4056 θεῷ
119 3981 281 4063 ἀνακεῖσθαι,
304 3977 328 4062 ᾧ
348 3981 396 4043 καί
416 3984 491 4064 παρὰ
512 3987 558 4043 τοῦ
581 3983 727 4063 μαγίστρου
749 3985 995 4065 προοκαθιέρωνται
1010 3983 1056 4044 καὶ
1072 3987 1141 4061 μήτε
1157 3986 1230 4066 παρὰ
1245 3986 1327 4062 βασι-

59 4095 124 4175 λικῆς
142 4125 210 4177 τινος
234 4101 356 4177 ἐξουσίας
377 4107 395 4180 ἢ
418 4073 586 4185 σεκρετικήςι
600 4105 737 4186 ἐπιφοραῖς,
762 4109 831 4181 μήτε
854 4105 1047 4188 ἀρχιερατικῆς
1069 4106 1226 4187 προεδρίας,
1249 4107 1326 4169 ἀλλά

60 4219 117 4294 μηδὲ
146 4225 357 4286 δυναστευόντων
386 4232 464 4286 τινῶν
495 4225 617 4300 ἐξουσίας
647 4231 665 4302 ή
695 4229 780 4306 τύχης
809 4229 880 4300 τινός
909 4228 1151 4304 ἀντιμεθέλκεσθαι
1179 4200 1326 4311 ἰδιωτικῆς,

59 4343 144 4404 πάντων
170 4347 200 4408 δέ
222 4353 277 4408 τῶν
301 4343 399 4408 ἀλλων
426 4345 621 4421 ἀποξενοῦσθαι
643 4349 710 4409 αύτά
731 4348 778 4409 καί
802 4351 840 4422 ὡς
863 4350 891 4409 ἐν
915 4349 1026 4422 ἀσύλοις
1047 4350 1168 4426 ταμείοις
1191 4353 1266 4432 μόνῳ
1287 4350 1327 4431 τῷ

60 4467 94 4520 τεῦ
113 4465 281 4530 ἐνυποσισίτου
303 4471 366 4530 θεοῦ
387 4467 435 4529 καὶ
456 4471 559 4549 πατρός
581 4471 659 4550 λόγῳ
681 4471 854 4550 πεφυλάχθαι
876 4470 975 4532 τεκαὶ
997 4469 1036 4541 εἰς
1059 4474 1089 4531 τό
1104 4469 1146 4532 ἀεὶ
1162 4473 1325 4550 ἀποκεκλη-

62 4614 241 4636 κ..-

146 4727 163 4792 ι)
180 4725 257 4794 {maz
277 4726 302 4780 σε
320 4729 347 4781 s.
418 4729 439 4794 ι)
459 4727 537 4794 aaa&
556 4731 582 4782 s.
654 4731 676 4796 ε)
695 4725 780 4799 σεεμ]
800 4733 826 4783 s.
861 4663 865 4670 ι
