3194 5298
253 353 314 419 158

250 552 364 627 σαυρῶν,
388 549 427 618 ὡς
451 548 523 608 ἔοικε
534 544 566 630 1),
590 549 620 608 τό
641 550 733 607 πιστόν
754 549 868 624 ἔχοντα·
893 545 939 606 καί
955 544 1037 607 τᾶλλ’
1051 549 1119 622 όμοιῖ
1135 549 1255 608 καθόλου
1272 549 1407 626 συνελεῖν,
1433 549 1551 606 ἅπαντα.

251 669 321 750 ὡςέ)
344 669 474 748 μεγίστης
497 671 581 742 όντως
605 671 755 746 ἐκκλησίας
776 669 823 729 καὶ
845 671 1072 750 πολυθρέμμονος
1095 671 1218 750 ἀρχιερεῖ
1240 669 1287 729 καί
1301 671 1409 744 ποιμένι
1426 669 1484 738 δεῖ,
1509 667 1552 726 καὶ

252 791 321 852 ἐστίν
349 791 552 873 ἐργωδέστατον
575 792 642 866 όμοῦ
664 790 712 851 καί
734 792 836 872 σφόδρα
857 795 968 852 σπάνιον
992 790 1031 850 ἑνὶ
1054 789 1216 869 ξυλλαχεῖν,
1247 793 1339 870 ὥσπερ
1364 789 1409 850 ἐπ’
1422 789 1500 868 αύτῷ
1521 789 1551 861 δὴ

249 913 407 994 προδήλως,
430 913 491 994 περί
514 907 545 974 ού
567 918 612 974 νῦν
635 915 650 973 ό
670 913 758 992 λόγος.
772 914 856 974 ἐστίν·
880 913 927 974 καί
943 913 1081 993 μηκύνειν,
1105 916 1144 984 ὡς
1160 915 1258 994 ἔοικεν,
1282 915 1312 974 ού
1328 913 1371 972 δεῖ
1385 913 1551 992 περαιτέρω.

249 1036 323 1112 πλὴν
346 1039 412 1116 ὅπερ
437 1036 539 1096 ἀνωθεν
563 1037 577 1094 ό
600 1037 686 1114 λόγος
702 1033 908 1116 ξυνεωραμένσς
924 1033 1088 1114 ἀπεφήνατο.
1112 1041 1228 1096 τοσαῦτα
1244 1035 1278 1110 δὴ
1293 1038 1327 1095 τά
1342 1055 1373 1094 τε
1388 1039 1435 1093 τοῦ
1454 1033 1553 1112 ἀνδρός

250 1155 322 1218 κατά
344 1159 406 1218 θεόν
430 1157 636 1234 εύδοκιμήματα
658 1157 704 1218 καί
728 1161 758 1218 τό
781 1165 830 1234 τῆς
852 1158 993 1230 πολιτείας
1017 1156 1064 1218 καί
1085 1163 1131 1218 τού
1154 1157 1213 1232 βίου
1235 1157 1381 1238 περιφανὲς
1403 1155 1453 1215 καί
1469 1157 1552 1234 ὑπερ-

250 1281 367 1360 ηρμένσν
390 1279 438 1340 καί
460 1280 561 1358 σχεδόν
582 1279 785 1360 ἀπαράμιλλον.
809 1279 856 1340 καὶ
870 1285 916 1342 τού
932 1301 965 1359 γε
980 1287 1030 1356 τῆς
1045 1281 1088 1340 ἀπ’
1098 1281 1176 1339 αὐτόν
1193 1281 1344 1356 ἐκκλησίας
1360 1275 1462 1349 ἄστεος
1480 1275 1553 1346 αὖθις

251 1403 285 1462 τά
306 1406 441 1484 προσόντα
462 1405 577 1462 παντοῖα
598 1404 684 1482 καλά,
708 1404 778 1462 ὥστε
800 1406 852 1462 κάν
875 1406 946 1478 μόνα
967 1403 1026 1478 δῆτ’
1039 1403 1105 1473 ἴσως
1119 1409 1227 1478 κινῆσαι
1243 1407 1324 1462 ταῦτα
1338 1403 1389 1476 τῆν
1405 1399 1553 1476 βασιλείαν

252 1546 304 1601 μου
332 1527 400 1606 πρός
427 1527 457 1586 τό
484 1530 665 1602 μεταποιῆσαι
687 1523 733 1584 καί
756 1523 920 1604 προβιβάσαι
942 1525 991 1599 τἠν
1014 1525 1137 1601 τοιαύτην
1159 1524 1203 1584 ὑπ’
1217 1525 1294 1584 αύτόν
1319 1525 1480 1602 άγιωτάτην
1505 1521 1552 1580 ἐκ·
1582 1605 1583 1608 γ

250 1647 368 1724 κλησίαν
391 1646 431 1719 είς
453 1647 567 1728 κρείττω
589 1647 648 1706 τινά
670 1645 716 1707 καί
739 1647 910 1728 ὑψηλοτέραν
933 1650 1096 1708 κατάστασιν
1119 1645 1166 1707 καί
1186 1643 1264 1719 ἀξίαν
1279 1645 1326 1706 καί
1342 1645 1451 1720 βαθμόν
1468 1646 1551 1722 Ιἀπερ-

250 1769 387 1850 κείμενον,
410 1769 462 1828 κάν
485 1767 540 1846 εἰί)
564 1772 649 1845 μήπω
671 1771 812 1850 πρότερον,
836 1771 874 1841 ὡς
897 1769 1011 1850 εἴρηται,
1033 1773 1143 1829 τοιαῦτα
1157 1769 1335 1849 παραπλήσια
1351 1766 1399 1826 καί
1413 1769 1552 1845 γεγένητό

250 1890 298 1952 καί
318 1895 458 1968 νενόμιστο
480 1891 629 1970 γίγνεσθαι.
653 1890 700 1952 καί
722 1890 878 1972 ταῦτ’ίσως,
895 1885 973 1972 Ἰᾗπερ
998 1892 1073 1970 ἔφην,
1097 1891 1198 1963 ἱκανῶς
1222 1894 1254 1949 ἀν
1278 1885 1354 1968 εἶχεν
1378 1889 1509 1967 ἀφορμῆν
1524 1907 1550 1944 τε

251 2015 342 2074 δοῦναι
372 2013 418 2074 καί
446 2015 577 2094 ἀποφῆναι
609 2016 655 2074 τόν
683 2013 712 2073 ἐν
734 2015 836 2084 τούτοις
866 2015 947 2073 τύπον
969 2013 1016 2074 καί
1043 2015 1135 2094 νόμον,
1170 2015 1185 2071 δ
1209 2013 1278 2087 δῆτα
1299 2011 1346 2070 καὶ
1368 2012 1553 2092 παραπλήσια
1583 2055 1584 2058 .

251 2136 318 2196 άττα
347 2135 412 2208 ἴσως
442 2137 522 2216 ἕτερα
548 2137 687 2216 πρότερον,
722 2138 761 2208 ιὐς
788 2136 872 2214 ἔοικε,
905 2134 952 2194 καί
976 2135 1116 2215 εἴργασται
1139 2134 1185 2195 καί
1208 2136 1257 2209 τήν
1281 2134 1310 2193 έν
1332 2134 1437 2204 τούτοις
1461 2131 1551 2211 ἀρχὴν

251 2257 382 2318 δέδωκεν.
407 2255 466 2316 ἐπεί
490 2255 522 2316 δέ
544 2259 559 2317 ό
581 2278 610 2316 τε
632 2255 694 2338 περὶ
717 2257 815 2317 τούτων
840 2257 981 2330 βασίλειος
1003 2259 1087 2332 νόμος
1101 2257 1261 2336 προλαβών,
1286 2258 1324 2326 ὡς
1342 2257 1418 2334 ἔφην,
1444 2254 1550 2332 ἐπαίρει
1584 2315 1585 2320 1

250 2375 298 2438 καί
320 2378 415 2438 δίδωσι
437 2377 483 2440 καί
507 2379 574 2438 οιίιτά
598 2377 632 2454 δὴ
656 2381 730 2440 ταῦθ’
739 2377 774 2464 ⁴),
799 2381 868 2460 άπερ
893 2379 1006 2460 εἴρηται,
1029 2377 1230 2459 σφόδρακινεί,
1253 2379 1299 2438 σύν
1315 2377 1371 2455 θεῷ
1388 2377 1412 2436 δ’
1423 2375 1550 2457 εἰρήσθω,

251 2499 299 2560 καί
321 2502 352 2560 τό
367 2507 416 2578 τῆς
430 2503 568 2582 ἡμετέρας
585 2501 728 2576 βασιλείας
744 2503 897 2580 φιλόκαλον
912 2504 943 2562 τό
958 2501 1086 2562 πλεῖστον
1103 2503 1132 2560 ἐν
1147 2501 1232 2580 τούτῳ
1249 2501 1370 2576 μάλιστα
1385 2500 1549 2579 συναίρεται,

251 2621 298 2682 καί
321 2624 339 2698 ή
361 2621 423 2703 περὶ
444 2621 478 2684 τά
501 2623 640 2684 κάλλιστα
662 2623 708 2684 καὶ
731 2625 845 2703 θεοφιλῆ
868 2631 921 2684 τῶν
945 2625 1033 2704 ἔργων
1056 2627 1146 2703 χάριτι
1161 2627 1206 2684 τοῦ
1222 2624 1284 2684 θεοῦ
1299 2619 1346 2682 καὶ
1361 2620 1548 2700 προμήθειαί)

251 2746 349 2820 ταύτης
379 2745 507 2805 συνειδεῖν
536 2746 570 2806 τὰ
600 2745 697 2806 δέοντα
727 2743 774 2806 καὶ
805 2745 950 2818 βουλεῦσαι
981 2745 1027 2806 καὶ
1055 2745 1191 2826 προθυμία
1212 2765 1241 2804 τε
1269 2743 1315 2804 καί
1342 2743 1446 2818 σπουδὴ
1471 2743 1549 2817 μάλα

252 2869 362 2949 ἐνεργός
370 2867 394 2950 θ)
422 2869 565 2930 ἐκτελέσω
592 2889 622 2928 τε
648 2865 695 2928 καί
723 2871 847 2946 περάναι.
887 2869 920 2928 ἐκ
946 2871 1052 2928 πάντων
1081 2870 1134 2948 ἀρα
1161 2868 1260 2926 τούτων
1287 2869 1317 2926 τό
1343 2867 1463 2926 καινίσαι
1491 2863 1546 2941 11⁷)

249 2993 317 3072 πρὸς
343 2993 373 3050 τό
400 2993 521 3070 κρεῖττον
549 2989 596 3050 καί
622 2989 786 3070 προβιβάσαι
808 2990 843 3050 τά
864 2995 913 3064 τῆς
935 2991 1059 3064 τοιαύτης
1082 2991 1235 3068 ἁγιωτάτης
1258 2987 1409 3064 ἐκκλησίας
1433 2989 1547 3060 Μονεμ-

251 3112 349 3186 βασίας
379 3113 547 3190 ἐδοκιμάσθη
569 3119 603 3195 τῇ
627 3112 756 3194 βασιλείᾳ
778 3134 840 3188 μου.
880 3111 927 3172 καὶ
949 3111 1036 3172 τοίνυν
1059 3113 1152 3190 φθάνει
1175 3111 1225 3186 μέν
1247 3111 1301 3186 ἤδη
1325 3115 1456 3190 πρότερον
1479 3130 1546 3188 προ·

250 3235 399 3296 θεσπίσασα
420 3235 467 3296 καὶ
491 3235 596 3311 βαθμόν
619 3256 678 3296 τινα
700 3241 753 3296 τῶν
777 3235 953 3316 ὑψηλοτέρων
978 3236 1052 3312 ἔχειν
1075 3235 1173 3309 ταύτην
1197 3233 1231 3308 δὴ
1254 3235 1302 3308 τὴν
1319 3235 1474 3312 άγιωτσίτην
1491 3253 1544 3306 μη-

250 3358 378 3438 τρόπολιν
400 3355 448 3416 καί
469 3358 550 3418 τόπον
576 3357 635 3416 τινά
658 3356 809 3432 ἐκκλησίας
833 3358 928 3436 ἐτέρας
950 3355 996 3416 καί
1019 3353 1094 3428 τάξιν
1116 3356 1339 3435 προεσβεσμένης
1361 3355 1408 3416 καί
1432 3351 1544 3432 ὡσπερεὶ

251 3479 451 3560 παρελθούσης,
482 3481 512 3540 ού
536 3480 590 3554 μὴν
621 3480 698 3538 ἀλλά
732 3477 778 3538 καί
806 3479 938 3557 μεγίστης
962 3478 1099 3562 ἐνορίαςθ)
1124 3478 1255 3566 ἐξαρχίαν
1277 3501 1307 3538 τε
1329 3478 1377 3538 καί
1400 3478 1546 3545 έπισκοπός

252 3601 398 3680 ἀναλόγως
426 3599 612 3676 διαταξαμέιη
639 3621 669 3660 τε
693 3599 738 3660 καὶ
760 3603 961 3680 προσηκόντως.
1002 3601 1047 3662 ἐπὶ
1070 3603 1101 3662 δέ
1125 3603 1192 3662 αύτά
1215 3603 1249 3678 δή
1271 3607 1354 3662 τωῖτα
1376 3602 1423 3662 καὶ
1446 3621 1543 3681 χρυσο-

251 3723 365 3804 βούλλιρ
389 3725 573 3799 βεβαιωθῆναι
592 3721 639 3784 καί
654 3725 684 3783 τό
699 3725 790 3784 πιστόν
806 3725 905 3798 λαβεῖν
919 3723 966 3784 καὶ
982 3721 1111 3805 ἄτρεπτον
1129 3723 1279 3806 ἐξῃτήσατο
1296 3725 1310 3782 ό
1326 3723 1454 3804 ἀνωτέρω
1471 3723 1543 3802 εἴρη-

251 3849 333 3922 μένος
363 3847 509 3926 ἱερώτατος
539 3852 588 3920 τῆς
614 3846 739 3918 τοιαύτης
767 3847 920 3924 ἁγιωτάτης
948 3846 1098 3922 ἐκκλησίας
1126 3845 1302 3930 ἀρχιερεθςθ)
1330 3847 1446 3920 ἑτοίμως
1475 3867 1503 3904 τε
1528 3843 1543 3916 ἡ

251 3969 380 4044 βασιλεία
402 3989 454 4044 μου
477 3965 522 4028 καὶ
545 3968 577 4028 τόι
600 3974 649 4043 τῆς
672 3969 796 4043 τοιαύτης
819 3967 951 4043 αἰτήσεως
973 3967 1157 4049 προσεδέξατο
1181 3969 1227 4028 καὶ
1250 3970 1316 4047 πρός
1331 3971 1418 4048 πέρας
1434 3967 1543 4045 ἀγαγεῖν

250 4089 397 4167 ήυόόκησε.
436 4089 483 4150 καί
505 4089 591 4150 τοίνυν
613 4091 658 4148 τόν
681 4093 802 4169 παρόντα
825 4092 1030 4170 χρυσόβουλλον
1054 4091 1138 4170 λόγον
1162 4090 1290 4172 αύτῆςίθ)
1315 4087 1440 4164 ἀπολύει,
1472 4081 1543 4149 δῖοί

252 4212 297 4274 καὶ
321 4213 449 4289 βούλεται
473 4213 518 4272 σύν
541 4211 597 4290 θεῷ
619 4211 665 4272 καί
690 4213 797 4274 είιδοκεῖ
819 4212 866 4272 καί
889 4215 1015 4288 θεσπίζει,
1040 4216 1084 4272 τόν
1101 4235 1141 4295 τε,
1164 4217 1202 4285 ὡς
1219 4213 1332 4294 εἴρηται,
1356 4219 1401 4274 νῦν
1416 4212 1540 4292 προϊστά-

357 4429 378 4496 ¹)
398 4426 469 4478 αὐτοῦ
493 4443 543 4478 om.
563 4425 596 4485 ὡς
616 4425 677 4478 ίσυιε
695 4417 733 4478 Rs
748 4429 776 4478 Z.
796 4426 830 4487 ὡς
849 4427 946 4492 ἀληθῶς
960 4432 990 4480 Β.
1062 4429 1083 4496 ²)
1103 4419 1136 4477 ὧν
1156 4429 1183 4478 Ζ.
1256 4431 1277 4494 ³)
1297 4427 1317 4478 εἰ
1336 4431 1411 4481 dea-11
1429 4431 1460 4481 R.
1475 4433 1502 4482 Β.
1515 4429 1539 4478 Ζ.

251 4525 274 4592 ⁴)
292 4525 366 4576 ταῦτα
378 4526 405 4576 Ζ.
478 4523 500 4592 ⁵)
518 4522 694 4590 προμηθείαῦ.
766 4524 787 4590 ⁰)
808 4523 902 4591 ἐνεργόν
915 4525 945 4574 R.
965 4525 1006 4574 An
1026 4523 1150 4592 ἐνεργῶςῖ
1223 4524 1323 4588 7)τεΒ.
1396 4528 1418 4593 ⁸)
1433 4525 1539 4595 μεγίστην

254 4620 346 4690 ἐνορίαν
360 4621 493 4672 Pandora.
565 4620 586 4687 θ)
600 4617 774 4689 ἀρχιερατικῶς
791 4617 967 4688 προιστάμενος
980 4622 1027 4670 ιιίίί
1040 4622 1162 4684 editores,
1184 4622 1254 4686 εμιιιί
1267 4637 1334 4687 quos
1347 4623 1421 4673 deest
1434 4634 1540 4688 ευηιιειιιι

254 4714 357 4785 ἑτοίμως
376 4733 411 4783 γε.
485 4717 515 4781 ¹⁰)
536 4713 608 4778 αὑτῆς
627 4715 664 4780 Ζ.,
683 4717 713 4766 B.
730 4731 777 4782 pro
797 4713 869 4780 αὐτῆς
888 4716 968 4766 habet
987 4715 1013 4766 τό
1032 4733 1058 4784 γε
1077 4719 1125 4766 νῦν.
