3246 5288
258 361 323 426 404

257 558 347 630 πάσης
369 552 544 630 οἰκονομικῆς
566 554 714 632 ἀχλήσεώς
735 572 765 612 τε
788 551 835 611 καί
859 549 1009 623 διατάξεως
1036 548 1163 630 φροντίδα
1184 549 1318 610 ποιεῖσθαι
1342 547 1549 623 ἐπιμελεστίεην

257 681 304 737 τσῦ
326 677 475 757 ἀκροᾶσθαι
497 681 550 736 τῶν
581 675 759 751 βουλομένων
791 673 1022 752 ἐξομολογεῖσθαι
1042 671 1089 732 καὶ
1121 673 1228 752 ἑκάστῳ
1255 671 1388 751 ἀρμοδίαν
1412 669 1550 728 ἐπιτιθέναι

257 800 306 875 τὴν
329 798 485 878 θεραπείαν.
511 795 625 876 ἐφείσθω
649 796 680 856 δὲ
702 797 786 876 τούτῳ
810 797 848 870 μὴ
872 791 1024 866 ἀδειάζσντι
1046 793 1123 872 ἴσως,
1149 791 1208 853 ἐπεὶ
1225 791 1304 868 καὶὴ
1328 791 1474 870 ἀδελφότης
1492 809 1551 847 πε-

256 913 416 1000 πληθυνται,
446 921 608 999 προτρέπειν
634 917 681 978 καὶ
709 912 749 990 οἷς
775 920 808 976 ἀν
840 915 964 990 βσθλοιτο
992 921 1045 975 τῶν
1075 914 1171 995 ἱερέων
1194 917 1212 990 ἢ
1239 914 1286 974 καί
1308 935 1360 972 τισι
1381 917 1434 972 τῶν
1462 911 1549 969 εῦλα-

258 1041 393 1120 βεστέρων
416 1041 644 1120 μεγαλοσχήμων
667 1039 795 1118 ἀδελφῶν
818 1044 872 1098 τῶν
894 1039 1029 1098 πλειόνων
1043 1035 1091 1097 καὶ
1116 1037 1315 1116 ἀγροικοτέρων
1330 1031 1553 1111 τσῦςλογισμῦῦς

258 1163 396 1240 δέχεσθαι.
442 1161 593 1239 λογισμσίις
622 1159 654 1220 δὲ
684 1160 747 1232 τοὺς
776 1161 911 1240 ὁσημέραι
939 1158 987 1218 καὶ
1018 1154 1086 1238 ὧραι
1117 1157 1300 1236 ἐνοχλοῦντας
1329 1157 1414 1232 ἡμᾶς,
1443 1155 1486 1224 οῦς
1506 1152 1553 1210 δεῖ

256 1286 365 1354 πάντως
387 1287 441 1342 τῶν
460 1279 626 1342 εθδιαλθτων
650 1280 728 1353 όντας
750 1279 797 1340 καὶ
820 1281 859 1357 μὴ
881 1281 930 1356 τὴν
946 1280 1062 1359 όχλησιν
1086 1281 1263 1360 στερροτέραν
1286 1277 1482 1351 πεποιημένους
1501 1271 1552 1331 καί

257 1405 361 1484 ἀφιέναι
388 1403 490 1475 τούτοις
519 1402 565 1462 καί
592 1406 755 1482 συγχωρεῖν,
782 1401 845 1474 τοῦς
867 1401 897 1460 δέ
919 1421 954 1480 γε
982 1400 1102 1482 ἰατρείας
1123 1402 1194 1472 τινδς
1218 1400 1366 1476 δεομένους
1387 1397 1433 1457 καί
1456 1398 1552 1472 ἐτιμε-

195 1517 199 1524 ’
256 1524 337 1598 λείας
358 1527 425 1606 πρδς
447 1527 494 1586 τδν
515 1531 674 1606 προεστῶτα
695 1526 758 1597 τοὺς
781 1525 949 1604 δεχομένους
977 1521 1130 1604 ἀναφέρειν,
1153 1524 1280 1595 κάκεῖνος
1301 1522 1481 1597 κατάλληλον
1501 1521 1552 1592 τὴν

257 1647 403 1727 θεραπείαν
425 1650 575 1722 ποιήσεται.
608 1647 632 1708 σί
656 1646 741 1707 τοίνυν
765 1645 1016 1726 ἐξομολογούμενοι
1038 1645 1117 1736 οῦδὲν
1140 1646 1347 1726 ἀπσκρθψσυσιν,
1372 1643 1552 1712 ένδσιάζσντες

256 1769 369 1848 τούτοις,
400 1766 423 1828 εἰ
446 1769 507 1841 τοὺς
529 1775 602 1848 σφῶν
625 1768 776 1847 λσγισμοίνς
808 1769 971 1844 ἐπιμελείας
1002 1767 1149 1843 δεομένους
1180 1765 1277 1827 εἰδεῖεν
1287 1765 1320 1846 1),
1352 1765 1430 1824 ἀλλά
1450 1765 1552 1832 πάντας

256 1890 384 1970 καθαρῶς
405 1891 473 1970 πρδς
495 1890 541 1950 τόν
563 1891 688 1969 λαχόντα
713 1891 906 1968 έκκαλθψσυσι.
951 1890 1025 1965 πλὴν
1049 1890 1127 1950 ἀλλά
1148 1889 1196 1949 καί
1217 1891 1284 1970 πρδς
1308 1887 1403 1957 αἰετοὺς
1424 1887 1495 1960 ἡμᾶς
1516 1883 1551 1941 ti

257 2008 350 2071 εἰκότα
365 2009 449 2072 εἰπεῖν
464 2013 562 2074 καλόν.
593 2016 735 2093 τοιγαροῦν
754 2011 801 2072 καί
823 2012 910 2091 ὑμεῖς,
934 2011 1059 2092 ἀδελφοί,
1081 2013 1127 2072 τόν
1141 2017 1301 2092 προεστῶτα
1323 2008 1472 2084 βλέποντές
1485 2007 1552 2084 πρὶς

255 2135 286 2192 τό
312 2133 400 2192 καλδν
427 2138 503 2204 τοῦτο
530 2133 577 2195 καί
605 2135 669 2194 λίαν
695 2135 861 2214 ψυχωφελὲς
888 2135 1042 2210 διακόνημα
1068 2133 1219 2194 σπεύδοντα
1245 2133 1369 2213 τρέχσιτε
1396 2129 1442 2190 καί
1470 2129 1550 2193 άυτεῖ,

255 2254 378 2334 τρέχσιτε
401 2253 448 2314 καί
474 2256 521 2315 τδν
548 2256 736 2334 γαληνότατσν
763 2255 925 2316 τοῦτονκαὶ
953 2258 1129 2335 ψυχοσῶστην
1158 2256 1258 2330 λιμένα
1285 2253 1437 2323 σπουδαίως
1463 2271 1550 2309 κατα-

255 2373 426 2450 λαμβάνοιτε
453 2374 501 2436 καὶ
527 2382 580 2436 πᾶν
602 2382 648 2436 τσῦ
671 2380 733 2449 νοός
760 2379 834 2454 ὑμῶν
860 2378 962 2454 κίνημα
984 2376 1031 2438 καί
1061 2376 1241 2456 ψυχοβλαβές
1272 2375 1396 2450 ἐνθθμισν
1426 2375 1550 2452 καθαρῶς

254 2494 301 2555 καί
324 2496 552 2578 ἀπερικαλθπτως
575 2499 804 2578 ἀπσκαλῦπτοιτε,
827 2502 866 2573 ὡς
881 2498 922 2572 εἰς
945 2501 1060 2560 ένῶπισν
1082 2502 1145 2560 θεοῦ
1160 2499 1206 2560 καί
1223 2500 1273 2560 σῦκ
1295 2499 1437 2580 ἀνθρώπου
1458 2495 1549 2554 ποιοί-

255 2637 333 2692 μενσι
356 2619 404 2692 τὴν
428 2617 640 2697 ἐξομολόγησιν.
677 2619 733 2700 θεῷ
756 2619 787 2680 δέ
810 2623 919 2693 πάντως
941 2622 956 2680 ό
980 2621 1137 2693 σπουδάζων
1160 2621 1309 2698 ψεύσασθαι
1332 2619 1411 2696 δίκην
1435 2618 1548 2690 ἀπαιτη-

254 2739 379 2813 θόσεται·
410 2740 546 2822 ,ἀπολεῖς
576 2741 664 2822 γάρίί,
694 2739 773 2820 φησὶν
795 2742 810 2800 ό
832 2743 997 2823 ψαλμῳδός,
1021 2739 1148 2821 ,,πάντας
1169 2743 1231 2814 τοὺς
1252 2740 1410 2812 λαλοῦντας
1432 2741 1463 2799 τδ
1484 2742 1548 2816 ψεῦ-

254 2859 333 2931 δοςίί.
364 2859 476 2932 ἀδόλως
498 2861 583 2920 τοίνυν
607 2858 856 2942 ἐξομολογοῦμενσι
872 2862 919 2922 καί
933 2865 1023 2940 πάσης
1045 2863 1244 2942 γνωσιμαχίας,
1267 2865 1357 2936 πάσης
1372 2859 1546 2941 ἀκαθαρσίας,

252 2983 342 3056 πάσης
363 2988 488 3062 ταραχῆς
502 2981 549 3042 καί
570 2983 716 3062 ὀχλήσεως
730 2984 780 3056 τὰς
797 2985 898 3044 ἑαυτῶν
920 2985 1040 3057 διανοίας
1061 2986 1294 3062 ἀπαλλάττοντες,
1317 2983 1462 3062 χαίροντες
1478 2982 1546 3056 εῖητέ

253 3125 299 3178 μοι
321 3102 370 3164 καὶ
393 3104 595 3186 ἀγαλλόμενοι,
619 3107 657 3178 ῶς
679 3108 709 3166 τδ
733 3105 827 3167 εὔελπι
850 3109 1025 3183 κομιζόμενοι
1048 3113 1095 3168 τοῦ
1111 3109 1149 3184 μὴ
1177 3109 1327 3185 ἀστοχῆσαι
1341 3111 1391 3182 τῆς
1407 3101 1545 3183 σωτηρίας·

253 3222 497 3305 έξομσλογησασθε
520 3225 562 3306 δέ,
590 3229 628 3303 μὴ
656 3227 802 3304 ἀλλήλους
829 3227 983 3304 αἰτιώμενοι
1009 3227 1182 3310 παρσξυσμσῦ
1209 3231 1289 3307 τυχδν
1316 3227 1546 3307 παρεμπίπτοντος
1602 3279 1603 3284 ,

251 3345 269 3420 ἦ
292 3367 363 3418 τινος
391 3348 486 3427 ἐτέρας
513 3347 689 3427 ἀμφιβολίας,
720 3350 831 3422 ἑαυτοὺς
859 3350 890 3410 δὲ
918 3351 1052 3422 ἀναιτίους
1078 3351 1212 3426 τιθέμενοι
1238 3347 1285 3409 καί
1311 3349 1413 3429 κρίσεις
1440 3348 1546 3423 μάλλον

252 3468 403 3546 ζητοῦντες,
426 3469 476 3527 σθκ
498 3465 716 3548 ἐξαγορεύοντες.
752 3469 824 3546 μηδὲ
846 3469 908 3552 περί
930 3477 984 3542 τῶν
1006 3470 1210 3547 συμπιπτουσῶν
1232 3471 1293 3547 ὑμῖν
1315 3475 1418 3550 χρειῶν
1440 3469 1545 3546 λέγοιτε

250 3591 304 3646 τῶν
327 3593 503 3663 σωματικῶν·
526 3589 625 3648 τοῦτων
648 3590 702 3670 γάρ
726 3591 798 3662 ἅπας
820 3593 925 3673 καιρός,
948 3591 1003 3652 νυνί
1024 3592 1056 3652 δὲ
1078 3595 1253 3669 πταισμάτων
1263 3589 1482 3669 ’έξαγσρεθσεως
1502 3589 1545 3648 καί

252 3706 370 3789 ἰατρείας
393 3713 446 3768 τῶν
476 3713 598 3788 ψυχικῶν
627 3711 707 3786 ἡμῶν
737 3714 839 3773 παθῶν.
885 3712 978 3774 καὶεί
1002 3715 1053 3790 μέν
1076 3714 1138 3796 περί
1160 3696 1231 3786 τινος
1259 3711 1433 3794 παροδισμοῦ
1455 3713 1544 3791 λέγειν

251 3829 386 3910 ἀφειλετε,
417 3835 506 3890 πᾶσαν
528 3831 576 3905 τὴν
605 3834 709 3911 μέμψιν
731 3831 777 3892 καὶ
799 3835 849 3910 τὴν
877 3829 963 3894 αἰτίαν
985 3839 1032 3896 τσῦ
1054 3835 1224 3915 σφάλματος,
1254 3837 1346 3895 όποῖσν
1370 3837 1403 3893 ἀν
1426 3833 1472 3893 καί
1494 3834 1543 3909 εἴη.

250 3951 356 4023 ἑαυτοῖς
380 3951 537 4031 ἐπιγράφειν
560 3951 727 4024 σπουδάζετε
748 3952 795 4014 καί
819 3955 989 4036 ἐπιρρίπτειν.
1033 3955 1057 4015 εἰ
1081 3955 1112 4016 δέ
1136 3957 1197 4037 περί
1219 3978 1296 4016 τινων
1320 3957 1418 4016 ἀλλων
1445 3957 1542 4032 παθῶν,

249 4069 402 4131 καὶταῦτα
423 4073 553 4152 καθαρῶς
585 4073 792 4154 έκτσμπεάσιτε,
822 4075 856 4134 ἵν’
870 4077 961 4154 ἔχοιτε
984 4077 1150 4157 καρποῦσθαι
1172 4077 1219 4137 καί
1242 4079 1290 4152 τήν
1314 4079 1437 4136 ἐντεῦθεν
1460 4078 1542 4152 διττὴν

249 4192 396 4272 ὠφέλειαν,
418 4196 449 4254 τό
470 4215 501 4254 τε
515 4195 583 4275 πρδς
605 4197 727 4276 καθαράν
743 4203 792 4273 τῆς
814 4201 904 4276 ψυχῆς
927 4197 996 4258 ἰέναι
1011 4199 1104 4277 ὑγείαν
1118 4199 1165 4259 καὶ
1180 4201 1210 4259 τδ
1225 4201 1274 4276 την
1297 4201 1427 4277 ίιψσποιδν
1449 4201 1541 4260 τετεί-

249 4333 328 4372 νωσιν
350 4315 577 4396 περιβάλλεσθαι,
608 4319 641 4393 ἣν
665 4319 778 4396 ἔχοντες
808 4320 897 4394 όμσισι
926 4317 1035 4392 πάντως
1058 4321 1178 4397 ἐσόμεθα
1200 4320 1239 4399 τῷ
1261 4320 1317 4400 θεῷ
1338 4321 1392 4400 πῖν’
1425 4324 1540 4402 ,μάθετε

249 4433 296 4493 ἀπ’
312 4434 389 4514 ἐμοῦ,
419 4436 458 4496 ότι
480 4437 569 4518 πρᾷος
590 4435 637 4496 καί
664 4441 790 4511 ταπεινός
811 4445 844 4522 τῇ
867 4440 988 4522 καρδίη(ι
1011 4442 1132 4519 λέγοντι.
1177 4442 1202 4501 τί
1225 4442 1249 4502 δ’
1262 4446 1296 4501 ἀν
1319 4441 1393 4502 ἀλλο
1416 4443 1460 4520 είη
1480 4465 1539 4504 τεκ-

353 4697 373 4764 ¹)
392 4693 529 4764 ἐπιμέλειαν
548 4733 595 4750 ...
615 4695 684 4750 ίδεῖεν
701 4698 735 4750 Ε.
