<?xml version="1.0" encoding="UTF-8"?>
<!DOCTYPE html PUBLIC "-//W3C//DTD XHTML 1.0 Transitional//EN"
    "http://www.w3.org/TR/xhtml1/DTD/xhtml1-transitional.dtd">
<html xmlns="http://www.w3.org/1999/xhtml" xml:lang="en" lang="en">
 <head>
  <title>
</title>
<meta http-equiv="Content-Type" content="text/html;charset=utf-8" />
  <meta name='ocr-system' content='tesseract 3.04.00' />
  <meta name='ocr-capabilities' content='ocr_page ocr_carea ocr_par ocr_line ocrx_word'/>
</head>
<body>
  <div class='ocr_page' id='page_1' title='image "./actaetdiplomata00miklgoog_0037.png"; bbox 0 0 3208 5310; ppageno 0'>
   <div class='ocr_carea' id='block_1_1' title="bbox 247 349 289 413">
    <p class='ocr_par' dir='ltr' id='par_1_1' title="bbox 247 349 289 413">
     <span class='ocr_line' id='line_1_1' title="bbox 247 349 289 413; baseline 0.024 -1"><span class='ocrx_word' id='word_1_1' title='bbox 247 349 289 413; x_wconf 78' lang='lat'>26</span> 
     </span>
    </p>
   </div>
   <div class='ocr_carea' id='block_1_2' title="bbox 244 540 1552 1842">
    <p class='ocr_par' dir='ltr' id='par_1_2' title="bbox 244 540 1552 1842">
     <span class='ocr_line' id='line_1_2' title="bbox 246 540 1551 626; baseline 0.002 -25"><span class='ocrx_word' id='word_1_2' title='bbox 246 544 396 622; x_wconf 78' lang='grc' dir='ltr'>Λαγγούση</span> <span class='ocrx_word' id='word_1_3' title='bbox 423 541 470 603; x_wconf 80' lang='grc' dir='ltr'>ιιαί</span> <span class='ocrx_word' id='word_1_4' title='bbox 497 547 578 624; x_wconf 84' lang='grc' dir='ltr'>μέχρι</span> <span class='ocrx_word' id='word_1_5' title='bbox 605 551 651 604; x_wconf 80' lang='grc' dir='ltr'>τοῦ</span> <span class='ocrx_word' id='word_1_6' title='bbox 678 545 816 621; x_wconf 76' lang='grc' dir='ltr'>σπηλαίου</span> <span class='ocrx_word' id='word_1_7' title='bbox 844 540 945 620; x_wconf 75' lang='grc' dir='ltr'>μοδίων</span> <span class='ocrx_word' id='word_1_8' title='bbox 969 545 1004 605; x_wconf 82' lang='grc' dir='ltr'>δ’.</span> <span class='ocrx_word' id='word_1_9' title='bbox 1037 548 1129 625; x_wconf 81' lang='grc' dir='ltr'>ἕτερον</span> <span class='ocrx_word' id='word_1_10' title='bbox 1155 548 1294 626; x_wconf 83' lang='grc' dir='ltr'>χωροίριον</span> <span class='ocrx_word' id='word_1_11' title='bbox 1316 549 1347 606; x_wconf 85' lang='grc' dir='ltr'>τ“ο</span> <span class='ocrx_word' id='word_1_12' title='bbox 1368 547 1551 622; x_wconf 74' lang='grc' dir='ltr'>καλούμενον</span> 
     </span>
     <span class='ocr_line' id='line_1_3' title="bbox 246 665 1549 747; baseline 0.003 -23"><span class='ocrx_word' id='word_1_13' title='bbox 246 669 292 726; x_wconf 83' lang='grc' dir='ltr'>τοῦ</span> <span class='ocrx_word' id='word_1_14' title='bbox 315 667 416 747; x_wconf 84' lang='grc' dir='ltr'>Ἀγρᾶν</span> <span class='ocrx_word' id='word_1_15' title='bbox 445 665 561 742; x_wconf 78' lang='grc' dir='ltr'>πλησίον</span> <span class='ocrx_word' id='word_1_16' title='bbox 590 667 731 747; x_wconf 80' lang='grc' dir='ltr'>χωραφίου</span> <span class='ocrx_word' id='word_1_17' title='bbox 760 672 806 728; x_wconf 80' lang='grc' dir='ltr'>τοῦ</span> <span class='ocrx_word' id='word_1_18' title='bbox 830 668 957 742; x_wconf 81' lang='grc' dir='ltr'>Ἀμπελᾶ</span> <span class='ocrx_word' id='word_1_19' title='bbox 986 666 1033 726; x_wconf 74' lang='grc' dir='ltr'>καί</span> <span class='ocrx_word' id='word_1_20' title='bbox 1061 673 1107 728; x_wconf 84' lang='grc' dir='ltr'>τοῦ</span> <span class='ocrx_word' id='word_1_21' title='bbox 1130 669 1212 728; x_wconf 87' lang='grc' dir='ltr'>Κάπο</span> <span class='ocrx_word' id='word_1_22' title='bbox 1236 670 1362 728; x_wconf 81' lang='grc' dir='ltr'>Ἰωάννου</span> <span class='ocrx_word' id='word_1_23' title='bbox 1385 666 1485 744; x_wconf 77' lang='grc' dir='ltr'>μοδίου</span> <span class='ocrx_word' id='word_1_24' title='bbox 1510 668 1549 728; x_wconf 88' lang='grc' dir='ltr'>α’.</span> 
     </span>
     <span class='ocr_line' id='line_1_4' title="bbox 246 787 1552 870; baseline 0.003 -24"><span class='ocrx_word' id='word_1_25' title='bbox 246 788 339 868; x_wconf 79' lang='grc' dir='ltr'>ἕτερον</span> <span class='ocrx_word' id='word_1_26' title='bbox 366 789 574 866; x_wconf 68' lang='grc' dir='ltr'>τὸλεγόμενον</span> <span class='ocrx_word' id='word_1_27' title='bbox 605 795 658 848; x_wconf 83' lang='grc' dir='ltr'>τῶν</span> <span class='ocrx_word' id='word_1_28' title='bbox 681 791 794 870; x_wconf 87' lang='grc' dir='ltr'>Βαρέων</span> <span class='ocrx_word' id='word_1_29' title='bbox 825 789 941 864; x_wconf 80' lang='grc' dir='ltr'>πλησίον</span> <span class='ocrx_word' id='word_1_30' title='bbox 964 787 1011 849; x_wconf 79' lang='grc' dir='ltr'>καί</span> <span class='ocrx_word' id='word_1_31' title='bbox 1034 791 1163 869; x_wconf 81' lang='grc' dir='ltr'>σύνεγγυς</span> <span class='ocrx_word' id='word_1_32' title='bbox 1185 789 1323 870; x_wconf 83' lang='grc' dir='ltr'>χωραρίου</span> <span class='ocrx_word' id='word_1_33' title='bbox 1346 794 1392 850; x_wconf 82' lang='grc' dir='ltr'>τοῦ</span> <span class='ocrx_word' id='word_1_34' title='bbox 1416 788 1552 866; x_wconf 78' lang='grc' dir='ltr'>Ἄμπελαῑ</span> 
     </span>
     <span class='ocr_line' id='line_1_5' title="bbox 246 906 1551 992; baseline 0.002 -24"><span class='ocrx_word' id='word_1_35' title='bbox 246 906 293 968; x_wconf 75' lang='grc' dir='ltr'>καί</span> <span class='ocrx_word' id='word_1_36' title='bbox 314 914 360 969; x_wconf 82' lang='grc' dir='ltr'>τοῦ</span> <span class='ocrx_word' id='word_1_37' title='bbox 378 911 537 989; x_wconf 82' lang='grc' dir='ltr'>Ααγγοὺση,</span> <span class='ocrx_word' id='word_1_38' title='bbox 559 911 652 982; x_wconf 75' lang='grc' dir='ltr'>καθὼς</span> <span class='ocrx_word' id='word_1_39' title='bbox 675 911 820 992; x_wconf 80' lang='grc' dir='ltr'>ἀνέρχεται</span> <span class='ocrx_word' id='word_1_40' title='bbox 843 911 888 970; x_wconf 80' lang='grc' dir='ltr'>σὺν</span> <span class='ocrx_word' id='word_1_41' title='bbox 911 915 960 986; x_wconf 75' lang='grc' dir='ltr'>τῆς</span> <span class='ocrx_word' id='word_1_42' title='bbox 982 913 1086 992; x_wconf 79' lang='grc' dir='ltr'>παρέας</span> <span class='ocrx_word' id='word_1_43' title='bbox 1109 909 1154 970; x_wconf 76' lang='grc' dir='ltr'>καί</span> <span class='ocrx_word' id='word_1_44' title='bbox 1180 913 1262 990; x_wconf 85' lang='grc' dir='ltr'>μέχρι</span> <span class='ocrx_word' id='word_1_45' title='bbox 1276 915 1323 972; x_wconf 82' lang='grc' dir='ltr'>τοῦ</span> <span class='ocrx_word' id='word_1_46' title='bbox 1338 911 1481 991; x_wconf 80' lang='grc' dir='ltr'>χωραρίου</span> <span class='ocrx_word' id='word_1_47' title='bbox 1497 919 1551 988; x_wconf 80' lang='grc' dir='ltr'>τῆς</span> 
     </span>
     <span class='ocr_line' id='line_1_6' title="bbox 246 1029 1552 1114; baseline 0.004 -25"><span class='ocrx_word' id='word_1_48' title='bbox 246 1031 372 1108; x_wconf 76' lang='grc' dir='ltr'>Μορπῆς,</span> <span class='ocrx_word' id='word_1_49' title='bbox 395 1029 498 1106; x_wconf 77' lang='grc' dir='ltr'>μοδίων</span> <span class='ocrx_word' id='word_1_50' title='bbox 520 1031 546 1093; x_wconf 92' lang='grc' dir='ltr'>ι’.</span> <span class='ocrx_word' id='word_1_51' title='bbox 571 1033 664 1112; x_wconf 80' lang='grc' dir='ltr'>ἕτερον</span> <span class='ocrx_word' id='word_1_52' title='bbox 685 1037 732 1094; x_wconf 78' lang='grc' dir='ltr'>τοῦ</span> <span class='ocrx_word' id='word_1_53' title='bbox 754 1034 860 1093; x_wconf 77' lang='grc' dir='ltr'>Λευιιοῠ</span> <span class='ocrx_word' id='word_1_54' title='bbox 883 1033 1025 1110; x_wconf 64' lang='grc' dir='ltr'>Σπηλαίου</span> <span class='ocrx_word' id='word_1_55' title='bbox 1048 1031 1094 1093; x_wconf 78' lang='grc' dir='ltr'>καί</span> <span class='ocrx_word' id='word_1_56' title='bbox 1117 1042 1170 1092; x_wconf 82' lang='grc' dir='ltr'>τῶν</span> <span class='ocrx_word' id='word_1_57' title='bbox 1193 1034 1335 1112; x_wconf 78' lang='grc' dir='ltr'>ἁρμακίων</span> <span class='ocrx_word' id='word_1_58' title='bbox 1357 1031 1404 1092; x_wconf 80' lang='grc' dir='ltr'>παὶ</span> <span class='ocrx_word' id='word_1_59' title='bbox 1428 1033 1552 1114; x_wconf 72' lang='grc' dir='ltr'>βοοηνοῦ</span> 
     </span>
     <span class='ocr_line' id='line_1_7' title="bbox 245 1151 1551 1236; baseline 0.002 -24"><span class='ocrx_word' id='word_1_60' title='bbox 245 1151 292 1212; x_wconf 76' lang='grc' dir='ltr'>καί</span> <span class='ocrx_word' id='word_1_61' title='bbox 313 1159 363 1228; x_wconf 78' lang='grc' dir='ltr'>τῆς</span> <span class='ocrx_word' id='word_1_62' title='bbox 386 1153 483 1231; x_wconf 79' lang='grc' dir='ltr'>στἰλῆς,</span> <span class='ocrx_word' id='word_1_63' title='bbox 506 1153 537 1212; x_wconf 84' lang='grc' dir='ltr'>τ“ο</span> <span class='ocrx_word' id='word_1_64' title='bbox 560 1156 626 1234; x_wconf 83' lang='grc' dir='ltr'>ὅπερ</span> <span class='ocrx_word' id='word_1_65' title='bbox 649 1155 710 1233; x_wconf 85' lang='grc' dir='ltr'>ἔχει</span> <span class='ocrx_word' id='word_1_66' title='bbox 732 1155 884 1234; x_wconf 75' lang='grc' dir='ltr'>ἀγοραστον</span> <span class='ocrx_word' id='word_1_67' title='bbox 905 1156 1010 1230; x_wconf 84' lang='grc' dir='ltr'>ἠμονὴ</span> <span class='ocrx_word' id='word_1_68' title='bbox 1027 1155 1072 1214; x_wconf 79' lang='grc' dir='ltr'>σὺν</span> <span class='ocrx_word' id='word_1_69' title='bbox 1087 1160 1140 1214; x_wconf 85' lang='grc' dir='ltr'>τῶν</span> <span class='ocrx_word' id='word_1_70' title='bbox 1162 1155 1303 1234; x_wconf 77' lang='grc' dir='ltr'>ἁρμαπίων</span> <span class='ocrx_word' id='word_1_71' title='bbox 1317 1153 1365 1214; x_wconf 84' lang='grc' dir='ltr'>παί</span> <span class='ocrx_word' id='word_1_72' title='bbox 1379 1159 1426 1214; x_wconf 75' lang='grc' dir='ltr'>τοῦ</span> <span class='ocrx_word' id='word_1_73' title='bbox 1442 1177 1551 1236; x_wconf 85' lang='grc' dir='ltr'>στρογ-</span> 
     </span>
     <span class='ocr_line' id='line_1_8' title="bbox 245 1272 1551 1356; baseline 0.002 -23"><span class='ocrx_word' id='word_1_74' title='bbox 245 1275 330 1352; x_wconf 84' lang='grc' dir='ltr'>γυλαῡ</span> <span class='ocrx_word' id='word_1_75' title='bbox 360 1272 407 1333; x_wconf 83' lang='grc' dir='ltr'>καί</span> <span class='ocrx_word' id='word_1_76' title='bbox 435 1275 574 1355; x_wconf 80' lang='grc' dir='ltr'>χωροφίου</span> <span class='ocrx_word' id='word_1_77' title='bbox 596 1280 642 1335; x_wconf 77' lang='grc' dir='ltr'>τοῦ</span> <span class='ocrx_word' id='word_1_78' title='bbox 664 1275 819 1354; x_wconf 75' lang='grc' dir='ltr'>λεγομένου</span> <span class='ocrx_word' id='word_1_79' title='bbox 843 1277 967 1335; x_wconf 87' lang='grc' dir='ltr'>Γωναίτου</span> <span class='ocrx_word' id='word_1_80' title='bbox 989 1277 1020 1336; x_wconf 76' lang='grc' dir='ltr'>τ“ο</span> <span class='ocrx_word' id='word_1_81' title='bbox 1042 1275 1159 1351; x_wconf 81' lang='grc' dir='ltr'>πλησίον</span> <span class='ocrx_word' id='word_1_82' title='bbox 1182 1275 1228 1336; x_wconf 78' lang='grc' dir='ltr'>καί</span> <span class='ocrx_word' id='word_1_83' title='bbox 1251 1277 1380 1354; x_wconf 76' lang='grc' dir='ltr'>σύνεγγυς</span> <span class='ocrx_word' id='word_1_84' title='bbox 1402 1278 1551 1356; x_wconf 76' lang='grc' dir='ltr'>χωραρίου</span> 
     </span>
     <span class='ocr_line' id='line_1_9' title="bbox 244 1395 1549 1478; baseline 0.002 -23"><span class='ocrx_word' id='word_1_85' title='bbox 244 1399 291 1455; x_wconf 78' lang='grc' dir='ltr'>τοῦ</span> <span class='ocrx_word' id='word_1_86' title='bbox 313 1395 486 1477; x_wconf 75' lang='grc' dir='ltr'>Γουλολέων,</span> <span class='ocrx_word' id='word_1_87' title='bbox 509 1400 555 1456; x_wconf 76' lang='grc' dir='ltr'>τοῦ</span> <span class='ocrx_word' id='word_1_88' title='bbox 572 1397 737 1477; x_wconf 84' lang='grc' dir='ltr'>Μανιρυπόλι</span> <span class='ocrx_word' id='word_1_89' title='bbox 759 1396 805 1456; x_wconf 79' lang='grc' dir='ltr'>καί</span> <span class='ocrx_word' id='word_1_90' title='bbox 827 1399 919 1469; x_wconf 79' lang='grc' dir='ltr'>καθὼς</span> <span class='ocrx_word' id='word_1_91' title='bbox 942 1399 1102 1476; x_wconf 83' lang='grc' dir='ltr'>αἰνέρχονται</span> <span class='ocrx_word' id='word_1_92' title='bbox 1117 1401 1163 1457; x_wconf 81' lang='grc' dir='ltr'>τοῦ</span> <span class='ocrx_word' id='word_1_93' title='bbox 1177 1399 1385 1478; x_wconf 74' lang='grc' dir='ltr'>προρρηθέντος,</span> <span class='ocrx_word' id='word_1_94' title='bbox 1409 1398 1549 1477; x_wconf 80' lang='grc' dir='ltr'>ὅλαχός,</span> 
     </span>
     <span class='ocr_line' id='line_1_10' title="bbox 245 1515 1551 1600; baseline 0.003 -24"><span class='ocrx_word' id='word_1_95' title='bbox 245 1515 291 1576; x_wconf 78' lang='grc' dir='ltr'>καί</span> <span class='ocrx_word' id='word_1_96' title='bbox 320 1517 475 1596; x_wconf 76' lang='grc' dir='ltr'>συμπληροῖ</span> <span class='ocrx_word' id='word_1_97' title='bbox 502 1517 591 1577; x_wconf 76' lang='grc' dir='ltr'>πάλαι</span> <span class='ocrx_word' id='word_1_98' title='bbox 612 1520 627 1578; x_wconf 83' lang='grc' dir='ltr'>ὁ</span> <span class='ocrx_word' id='word_1_99' title='bbox 650 1520 824 1600; x_wconf 86' lang='grc' dir='ltr'>περιοριομίις</span> <span class='ocrx_word' id='word_1_100' title='bbox 855 1517 894 1591; x_wconf 82' lang='grc' dir='ltr'>εἰς</span> <span class='ocrx_word' id='word_1_101' title='bbox 916 1519 946 1577; x_wconf 78' lang='grc' dir='ltr'>τ“ο</span> <span class='ocrx_word' id='word_1_102' title='bbox 968 1520 1107 1598; x_wconf 81' lang='grc' dir='ltr'>χωρσίφιον</span> <span class='ocrx_word' id='word_1_103' title='bbox 1130 1525 1178 1593; x_wconf 74' lang='grc' dir='ltr'>της</span> <span class='ocrx_word' id='word_1_104' title='bbox 1202 1521 1328 1598; x_wconf 80' lang='grc' dir='ltr'>Μορπῆς,</span> <span class='ocrx_word' id='word_1_105' title='bbox 1352 1520 1402 1578; x_wconf 76' lang='grc' dir='ltr'>ὅσα</span> <span class='ocrx_word' id='word_1_106' title='bbox 1425 1518 1476 1579; x_wconf 80' lang='grc' dir='ltr'>καί</span> <span class='ocrx_word' id='word_1_107' title='bbox 1502 1516 1551 1580; x_wconf 83' lang='grc' dir='ltr'>οἷσί</span> 
     </span>
     <span class='ocr_line' id='line_1_11' title="bbox 245 1635 1551 1722; baseline 0.004 -25"><span class='ocrx_word' id='word_1_108' title='bbox 245 1636 304 1712; x_wconf 87' lang='grc' dir='ltr'>εἰσι,</span> <span class='ocrx_word' id='word_1_109' title='bbox 336 1635 439 1714; x_wconf 79' lang='grc' dir='ltr'>μοδίων</span> <span class='ocrx_word' id='word_1_110' title='bbox 461 1638 498 1700; x_wconf 82' lang='grc' dir='ltr'>π’.</span> <span class='ocrx_word' id='word_1_111' title='bbox 528 1639 648 1701; x_wconf 75' lang='grc' dir='ltr'>ἵστανται</span> <span class='ocrx_word' id='word_1_112' title='bbox 672 1641 701 1700; x_wconf 87' lang='grc' dir='ltr'>ἐν</span> <span class='ocrx_word' id='word_1_113' title='bbox 724 1643 814 1712; x_wconf 85' lang='grc' dir='ltr'>αίιτοϊς</span> <span class='ocrx_word' id='word_1_114' title='bbox 838 1642 929 1700; x_wconf 84' lang='grc' dir='ltr'>ἐλαῖαι</span> <span class='ocrx_word' id='word_1_115' title='bbox 953 1641 1011 1702; x_wconf 80' lang='grc' dir='ltr'>δύο.</span> <span class='ocrx_word' id='word_1_116' title='bbox 1043 1641 1089 1699; x_wconf 76' lang='grc' dir='ltr'>ἀπ’</span> <span class='ocrx_word' id='word_1_117' title='bbox 1103 1643 1195 1712; x_wconf 70' lang='grc' dir='ltr'>αὐτοῖς</span> <span class='ocrx_word' id='word_1_118' title='bbox 1219 1643 1313 1720; x_wconf 78' lang='grc' dir='ltr'>ἕτερον</span> <span class='ocrx_word' id='word_1_119' title='bbox 1335 1638 1475 1722; x_wconf 75' lang='grc' dir='ltr'>χωροίριον</span> <span class='ocrx_word' id='word_1_120' title='bbox 1501 1647 1551 1703; x_wconf 76' lang='grc' dir='ltr'>τοῦ</span> 
     </span>
     <span class='ocr_line' id='line_1_12' title="bbox 245 1757 1551 1842; baseline 0.004 -22"><span class='ocrx_word' id='word_1_121' title='bbox 245 1760 444 1840; x_wconf 85' lang='grc' dir='ltr'>Ἀγραμπέλσυ</span> <span class='ocrx_word' id='word_1_122' title='bbox 472 1761 503 1820; x_wconf 77' lang='grc' dir='ltr'>το</span> <span class='ocrx_word' id='word_1_123' title='bbox 532 1757 649 1836; x_wconf 82' lang='grc' dir='ltr'>πλησίον</span> <span class='ocrx_word' id='word_1_124' title='bbox 675 1761 814 1842; x_wconf 82' lang='grc' dir='ltr'>χωραφίου</span> <span class='ocrx_word' id='word_1_125' title='bbox 843 1766 890 1822; x_wconf 84' lang='grc' dir='ltr'>τοῦ</span> <span class='ocrx_word' id='word_1_126' title='bbox 916 1763 998 1821; x_wconf 64' lang='lat' dir='ltr'>mm</span> <span class='ocrx_word' id='word_1_127' title='bbox 1027 1763 1153 1822; x_wconf 81' lang='grc' dir='ltr'>Ἰωάννου</span> <span class='ocrx_word' id='word_1_128' title='bbox 1184 1762 1279 1837; x_wconf 81' lang='grc' dir='ltr'>μοδίου</span> <span class='ocrx_word' id='word_1_129' title='bbox 1302 1761 1345 1822; x_wconf 90' lang='grc' dir='ltr'>α’·</span> <span class='ocrx_word' id='word_1_130' title='bbox 1374 1763 1482 1824; x_wconf 78' lang='grc' dir='ltr'>ἵσταται</span> <span class='ocrx_word' id='word_1_131' title='bbox 1519 1768 1551 1825; x_wconf 86' lang='grc' dir='ltr'>ἐν</span> 
     </span>
    </p>
   </div>
   <div class='ocr_carea' id='block_1_3' title="bbox 246 1880 1550 1965">
    <p class='ocr_par' dir='ltr' id='par_1_3' title="bbox 246 1880 1550 1965">
     <span class='ocr_line' id='line_1_13' title="bbox 246 1880 1550 1965; baseline 0.002 -23"><span class='ocrx_word' id='word_1_132' title='bbox 246 1880 317 1960; x_wconf 78' lang='grc' dir='ltr'>αίιτῷ</span> <span class='ocrx_word' id='word_1_133' title='bbox 347 1883 430 1944; x_wconf 85' lang='grc' dir='ltr'>ἐλαία</span> <span class='ocrx_word' id='word_1_134' title='bbox 453 1884 511 1959; x_wconf 86' lang='grc' dir='ltr'>μία.</span> <span class='ocrx_word' id='word_1_135' title='bbox 543 1885 635 1965; x_wconf 82' lang='grc' dir='ltr'>ἕτερον</span> <span class='ocrx_word' id='word_1_136' title='bbox 661 1886 693 1944; x_wconf 80' lang='grc' dir='ltr'>τ“ο</span> <span class='ocrx_word' id='word_1_137' title='bbox 716 1885 894 1957; x_wconf 83' lang='grc' dir='ltr'>Ῥαζιιαίτικον</span> <span class='ocrx_word' id='word_1_138' title='bbox 916 1883 1032 1961; x_wconf 87' lang='grc' dir='ltr'>πλησίον</span> <span class='ocrx_word' id='word_1_139' title='bbox 1055 1884 1193 1964; x_wconf 79' lang='grc' dir='ltr'>χωραφίοιι</span> <span class='ocrx_word' id='word_1_140' title='bbox 1215 1888 1260 1944; x_wconf 78' lang='grc' dir='ltr'>τοῦ</span> <span class='ocrx_word' id='word_1_141' title='bbox 1282 1881 1379 1944; x_wconf 89' lang='grc' dir='ltr'>Χαλλί</span> <span class='ocrx_word' id='word_1_142' title='bbox 1402 1885 1450 1943; x_wconf 85' lang='grc' dir='ltr'>ἀπ’</span> <span class='ocrx_word' id='word_1_143' title='bbox 1463 1885 1550 1946; x_wconf 74' lang='grc' dir='ltr'>αυτοῦ</span> 
     </span>
    </p>
   </div>
   <div class='ocr_carea' id='block_1_4' title="bbox 206 1999 1551 2089">
    <p class='ocr_par' dir='ltr' id='par_1_4' title="bbox 206 1999 1551 2089">
     <span class='ocr_line' id='line_1_14' title="bbox 206 1999 1551 2089; baseline 0.002 -27"><span class='ocrx_word' id='word_1_144' title='bbox 206 2021 212 2032; x_wconf 84' lang='grc'><em>·</em></span> <span class='ocrx_word' id='word_1_145' title='bbox 243 1999 389 2089; x_wconf 66' lang='grc' dir='ltr'>τρ[ίτον]ί)</span> <span class='ocrx_word' id='word_1_146' title='bbox 413 2005 513 2080; x_wconf 87' lang='grc' dir='ltr'>μοδίων</span> <span class='ocrx_word' id='word_1_147' title='bbox 533 2005 569 2080; x_wconf 94' lang='grc' dir='ltr'>β’.</span> <span class='ocrx_word' id='word_1_148' title='bbox 601 2007 693 2085; x_wconf 81' lang='grc' dir='ltr'>ἕτερον</span> <span class='ocrx_word' id='word_1_149' title='bbox 722 2008 753 2066; x_wconf 75' lang='grc' dir='ltr'>τὸ</span> <span class='ocrx_word' id='word_1_150' title='bbox 780 2007 952 2082; x_wconf 74' lang='grc' dir='ltr'>καλούμενον</span> <span class='ocrx_word' id='word_1_151' title='bbox 975 2010 1021 2065; x_wconf 80' lang='grc' dir='ltr'>τοῦ</span> <span class='ocrx_word' id='word_1_152' title='bbox 1045 2005 1237 2086; x_wconf 83' lang='grc' dir='ltr'>Ἀσπροπώλου</span> <span class='ocrx_word' id='word_1_153' title='bbox 1264 2004 1379 2078; x_wconf 88' lang='grc' dir='ltr'>πλησίον</span> <span class='ocrx_word' id='word_1_154' title='bbox 1401 2007 1551 2086; x_wconf 80' lang='grc' dir='ltr'>χωραφίου</span> 
     </span>
    </p>
   </div>
   <div class='ocr_carea' id='block_1_5' title="bbox 239 2125 1551 4516">
    <p class='ocr_par' dir='ltr' id='par_1_5' title="bbox 239 2125 1551 4516">
     <span class='ocr_line' id='line_1_15' title="bbox 244 2125 1551 2206; baseline 0.001 -20"><span class='ocrx_word' id='word_1_155' title='bbox 244 2130 290 2186; x_wconf 83' lang='grc' dir='ltr'>τοῦ</span> <span class='ocrx_word' id='word_1_156' title='bbox 320 2126 496 2205; x_wconf 77' lang='grc' dir='ltr'>Μανδρανιίου</span> <span class='ocrx_word' id='word_1_157' title='bbox 530 2127 578 2188; x_wconf 77' lang='grc' dir='ltr'>καί</span> <span class='ocrx_word' id='word_1_158' title='bbox 612 2133 657 2188; x_wconf 85' lang='grc' dir='ltr'>τοῦ</span> <span class='ocrx_word' id='word_1_159' title='bbox 687 2127 792 2203; x_wconf 81' lang='grc' dir='ltr'>Χαλλῆ</span> <span class='ocrx_word' id='word_1_160' title='bbox 828 2127 929 2204; x_wconf 82' lang='grc' dir='ltr'>μτὸίων</span> <span class='ocrx_word' id='word_1_161' title='bbox 961 2127 997 2203; x_wconf 89' lang='grc' dir='ltr'>β’.</span> <span class='ocrx_word' id='word_1_162' title='bbox 1034 2129 1125 2206; x_wconf 84' lang='grc' dir='ltr'>ἕτερον</span> <span class='ocrx_word' id='word_1_163' title='bbox 1161 2132 1210 2201; x_wconf 83' lang='grc' dir='ltr'>τῆς</span> <span class='ocrx_word' id='word_1_164' title='bbox 1246 2125 1374 2196; x_wconf 84' lang='grc' dir='ltr'>Παλαιᾶς</span> <span class='ocrx_word' id='word_1_165' title='bbox 1409 2127 1551 2201; x_wconf 78' lang='grc' dir='ltr'>Ἀπιδὲας</span> 
     </span>
     <span class='ocr_line' id='line_1_16' title="bbox 243 2247 1550 2328; baseline 0.001 -22"><span class='ocrx_word' id='word_1_166' title='bbox 243 2247 358 2321; x_wconf 88' lang='grc' dir='ltr'>πλησίον</span> <span class='ocrx_word' id='word_1_167' title='bbox 387 2247 525 2328; x_wconf 80' lang='grc' dir='ltr'>χωραρίου</span> <span class='ocrx_word' id='word_1_168' title='bbox 554 2255 600 2310; x_wconf 79' lang='grc' dir='ltr'>τοῦ</span> <span class='ocrx_word' id='word_1_169' title='bbox 628 2247 792 2328; x_wconf 82' lang='grc' dir='ltr'>Ἀγαλιανοΰ</span> <span class='ocrx_word' id='word_1_170' title='bbox 820 2247 922 2323; x_wconf 78' lang='grc' dir='ltr'>μοδίων</span> <span class='ocrx_word' id='word_1_171' title='bbox 947 2247 982 2324; x_wconf 88' lang='grc' dir='ltr'>β’.</span> <span class='ocrx_word' id='word_1_172' title='bbox 1015 2250 1107 2327; x_wconf 79' lang='grc' dir='ltr'>ἕτερον</span> <span class='ocrx_word' id='word_1_173' title='bbox 1140 2252 1186 2307; x_wconf 87' lang='grc' dir='ltr'>τοῦ</span> <span class='ocrx_word' id='word_1_174' title='bbox 1215 2247 1378 2326; x_wconf 73' lang='grc' dir='ltr'>Λαγσδιὸντι</span> <span class='ocrx_word' id='word_1_175' title='bbox 1408 2249 1462 2318; x_wconf 84' lang='grc' dir='ltr'>ἕως</span> <span class='ocrx_word' id='word_1_176' title='bbox 1495 2256 1550 2325; x_wconf 79' lang='grc' dir='ltr'>τῆς</span> 
     </span>
     <span class='ocr_line' id='line_1_17' title="bbox 242 2367 1547 2450; baseline 0 -22"><span class='ocrx_word' id='word_1_177' title='bbox 242 2389 308 2428; x_wconf 90' lang='grc' dir='ltr'>ποτε</span> <span class='ocrx_word' id='word_1_178' title='bbox 331 2367 435 2441; x_wconf 83' lang='grc' dir='ltr'>οἰκείας</span> <span class='ocrx_word' id='word_1_179' title='bbox 455 2374 502 2430; x_wconf 84' lang='grc' dir='ltr'>τοῦ</span> <span class='ocrx_word' id='word_1_180' title='bbox 525 2371 721 2449; x_wconf 83' lang='grc' dir='ltr'>Κουτζαριιοίδη</span> <span class='ocrx_word' id='word_1_181' title='bbox 744 2369 791 2429; x_wconf 79' lang='grc' dir='ltr'>καί</span> <span class='ocrx_word' id='word_1_182' title='bbox 812 2370 928 2446; x_wconf 87' lang='grc' dir='ltr'>πλησίον</span> <span class='ocrx_word' id='word_1_183' title='bbox 950 2368 1089 2450; x_wconf 77' lang='grc' dir='ltr'>χωραρίου</span> <span class='ocrx_word' id='word_1_184' title='bbox 1115 2371 1161 2429; x_wconf 81' lang='grc' dir='ltr'>τοῦ</span> <span class='ocrx_word' id='word_1_185' title='bbox 1185 2369 1350 2448; x_wconf 85' lang='grc' dir='ltr'>Ἀγαλιανοίι</span> <span class='ocrx_word' id='word_1_186' title='bbox 1373 2369 1476 2444; x_wconf 83' lang='grc' dir='ltr'>μοδίων</span> <span class='ocrx_word' id='word_1_187' title='bbox 1503 2371 1547 2444; x_wconf 90' lang='grc' dir='ltr'>β’·</span> 
     </span>
     <span class='ocr_line' id='line_1_18' title="bbox 242 2489 1549 2572; baseline 0.003 -24"><span class='ocrx_word' id='word_1_188' title='bbox 242 2490 346 2548; x_wconf 80' lang='grc' dir='ltr'>ἵσταται</span> <span class='ocrx_word' id='word_1_189' title='bbox 378 2489 407 2549; x_wconf 87' lang='grc' dir='ltr'>ἐν</span> <span class='ocrx_word' id='word_1_190' title='bbox 438 2491 509 2572; x_wconf 74' lang='grc' dir='ltr'>αὐτῷ</span> <span class='ocrx_word' id='word_1_191' title='bbox 537 2491 621 2552; x_wconf 83' lang='grc' dir='ltr'>ἐλαία</span> <span class='ocrx_word' id='word_1_192' title='bbox 650 2491 700 2567; x_wconf 88' lang='grc' dir='ltr'>μία</span> <span class='ocrx_word' id='word_1_193' title='bbox 728 2492 775 2552; x_wconf 80' lang='grc' dir='ltr'>ἀπ’</span> <span class='ocrx_word' id='word_1_194' title='bbox 788 2493 870 2567; x_wconf 76' lang='grc' dir='ltr'>αὐτῆς</span> <span class='ocrx_word' id='word_1_195' title='bbox 899 2490 995 2571; x_wconf 89' lang='grc' dir='ltr'>τρίτον.</span> <span class='ocrx_word' id='word_1_196' title='bbox 1028 2493 1119 2571; x_wconf 84' lang='grc' dir='ltr'>ἕτερον</span> <span class='ocrx_word' id='word_1_197' title='bbox 1148 2495 1287 2570; x_wconf 78' lang='grc' dir='ltr'>χωράφιον</span> <span class='ocrx_word' id='word_1_198' title='bbox 1316 2493 1363 2550; x_wconf 85' lang='grc' dir='ltr'>τοῦ</span> <span class='ocrx_word' id='word_1_199' title='bbox 1386 2489 1483 2570; x_wconf 79' lang='grc' dir='ltr'>Μανιρί</span> <span class='ocrx_word' id='word_1_200' title='bbox 1517 2495 1549 2552; x_wconf 82' lang='grc' dir='ltr'>τίι</span> 
     </span>
     <span class='ocr_line' id='line_1_19' title="bbox 243 2610 1549 2692; baseline 0.002 -22"><span class='ocrx_word' id='word_1_201' title='bbox 243 2613 373 2691; x_wconf 84' lang='grc' dir='ltr'>σύνεγγυς</span> <span class='ocrx_word' id='word_1_202' title='bbox 394 2617 440 2672; x_wconf 82' lang='grc' dir='ltr'>τοῦ</span> <span class='ocrx_word' id='word_1_203' title='bbox 462 2619 527 2675; x_wconf 80' lang='grc' dir='ltr'>ναοῦ</span> <span class='ocrx_word' id='word_1_204' title='bbox 549 2620 598 2689; x_wconf 78' lang='grc' dir='ltr'>τῆς</span> <span class='ocrx_word' id='word_1_205' title='bbox 620 2615 701 2692; x_wconf 83' lang='grc' dir='ltr'>ἁγίας</span> <span class='ocrx_word' id='word_1_206' title='bbox 717 2613 854 2674; x_wconf 85' lang='grc' dir='ltr'>Θεστόπου</span> <span class='ocrx_word' id='word_1_207' title='bbox 878 2613 973 2687; x_wconf 78' lang='grc' dir='ltr'>μοδίου</span> <span class='ocrx_word' id='word_1_208' title='bbox 997 2613 1032 2672; x_wconf 84' lang='grc' dir='ltr'>σι’.</span> <span class='ocrx_word' id='word_1_209' title='bbox 1061 2615 1198 2692; x_wconf 78' lang='grc' dir='ltr'>χωρσίριον</span> <span class='ocrx_word' id='word_1_210' title='bbox 1220 2613 1250 2670; x_wconf 74' lang='grc' dir='ltr'>τί)</span> <span class='ocrx_word' id='word_1_211' title='bbox 1270 2610 1481 2672; x_wconf 77' lang='grc' dir='ltr'>Ἐπισπαπιανον</span> <span class='ocrx_word' id='word_1_212' title='bbox 1499 2615 1549 2673; x_wconf 79' lang='grc' dir='ltr'>σὺν</span> 
     </span>
     <span class='ocr_line' id='line_1_20' title="bbox 241 2729 1546 2815; baseline 0.003 -25"><span class='ocrx_word' id='word_1_213' title='bbox 241 2737 288 2794; x_wconf 84' lang='grc' dir='ltr'>τοῦ</span> <span class='ocrx_word' id='word_1_214' title='bbox 318 2729 500 2814; x_wconf 77' lang='grc' dir='ltr'>ἀγραμπίλου</span> <span class='ocrx_word' id='word_1_215' title='bbox 529 2734 645 2810; x_wconf 89' lang='grc' dir='ltr'>πλησίον</span> <span class='ocrx_word' id='word_1_216' title='bbox 674 2735 814 2815; x_wconf 77' lang='grc' dir='ltr'>χωραφίου</span> <span class='ocrx_word' id='word_1_217' title='bbox 840 2739 886 2794; x_wconf 82' lang='grc' dir='ltr'>τοῦ</span> <span class='ocrx_word' id='word_1_218' title='bbox 909 2735 1072 2794; x_wconf 82' lang='grc' dir='ltr'>Γουλολέων</span> <span class='ocrx_word' id='word_1_219' title='bbox 1094 2731 1210 2793; x_wconf 77' lang='grc' dir='ltr'>καὶτοῦ</span> <span class='ocrx_word' id='word_1_220' title='bbox 1233 2733 1350 2792; x_wconf 87' lang='grc' dir='ltr'>Γαϊτανᾱ</span> <span class='ocrx_word' id='word_1_221' title='bbox 1373 2733 1476 2808; x_wconf 83' lang='grc' dir='ltr'>μοδίων</span> <span class='ocrx_word' id='word_1_222' title='bbox 1504 2735 1546 2794; x_wconf 82' lang='grc' dir='ltr'>δ’·</span> 
     </span>
     <span class='ocr_line' id='line_1_21' title="bbox 241 2853 1549 2935; baseline -0.003 -21"><span class='ocrx_word' id='word_1_223' title='bbox 241 2855 360 2915; x_wconf 87' lang='grc' dir='ltr'>ίστανται</span> <span class='ocrx_word' id='word_1_224' title='bbox 391 2856 419 2915; x_wconf 88' lang='grc' dir='ltr'>ἐν</span> <span class='ocrx_word' id='word_1_225' title='bbox 450 2853 522 2930; x_wconf 73' lang='grc' dir='ltr'>αὐτῷ</span> <span class='ocrx_word' id='word_1_226' title='bbox 551 2853 729 2934; x_wconf 81' lang='grc' dir='ltr'>γλυιισξυλὲα</span> <span class='ocrx_word' id='word_1_227' title='bbox 758 2855 808 2932; x_wconf 88' lang='grc' dir='ltr'>μία</span> <span class='ocrx_word' id='word_1_228' title='bbox 837 2854 884 2916; x_wconf 71' lang='grc' dir='ltr'>καί</span> <span class='ocrx_word' id='word_1_229' title='bbox 907 2855 989 2915; x_wconf 85' lang='grc' dir='ltr'>ἐλαία</span> <span class='ocrx_word' id='word_1_230' title='bbox 1012 2855 1061 2930; x_wconf 88' lang='grc' dir='ltr'>μία</span> <span class='ocrx_word' id='word_1_231' title='bbox 1083 2853 1129 2914; x_wconf 72' lang='grc' dir='ltr'>καί</span> <span class='ocrx_word' id='word_1_232' title='bbox 1152 2855 1262 2917; x_wconf 83' lang='grc' dir='ltr'>ἀπιδέα.</span> <span class='ocrx_word' id='word_1_233' title='bbox 1287 2857 1379 2935; x_wconf 82' lang='grc' dir='ltr'>ἕτερον</span> <span class='ocrx_word' id='word_1_234' title='bbox 1401 2857 1549 2934; x_wconf 82' lang='grc' dir='ltr'>χωρσίφιον</span> 
     </span>
     <span class='ocr_line' id='line_1_22' title="bbox 241 2975 1548 3056; baseline -0.001 -21"><span class='ocrx_word' id='word_1_235' title='bbox 241 2981 287 3036; x_wconf 85' lang='grc' dir='ltr'>τοῦ</span> <span class='ocrx_word' id='word_1_236' title='bbox 310 2977 418 3038; x_wconf 85' lang='grc' dir='ltr'>Σταλοῦ</span> <span class='ocrx_word' id='word_1_237' title='bbox 446 2975 564 3053; x_wconf 87' lang='grc' dir='ltr'>πλησίον</span> <span class='ocrx_word' id='word_1_238' title='bbox 592 2976 731 3056; x_wconf 76' lang='grc' dir='ltr'>χωραρίου</span> <span class='ocrx_word' id='word_1_239' title='bbox 759 2983 807 3036; x_wconf 84' lang='grc' dir='ltr'>τοῦ</span> <span class='ocrx_word' id='word_1_240' title='bbox 830 2976 993 3036; x_wconf 83' lang='grc' dir='ltr'>Γουλολέων</span> <span class='ocrx_word' id='word_1_241' title='bbox 1022 2975 1124 3052; x_wconf 76' lang='grc' dir='ltr'>μοδίων</span> <span class='ocrx_word' id='word_1_242' title='bbox 1148 2975 1183 3049; x_wconf 91' lang='grc' dir='ltr'>β’.</span> <span class='ocrx_word' id='word_1_243' title='bbox 1215 2977 1307 3056; x_wconf 81' lang='grc' dir='ltr'>ἕτερον</span> <span class='ocrx_word' id='word_1_244' title='bbox 1329 2979 1469 3056; x_wconf 79' lang='grc' dir='ltr'>χωράφιον</span> <span class='ocrx_word' id='word_1_245' title='bbox 1492 2983 1548 3054; x_wconf 82' lang='grc' dir='ltr'>τῆς</span> 
     </span>
     <span class='ocr_line' id='line_1_23' title="bbox 242 3097 1547 3178; baseline -0.003 -18"><span class='ocrx_word' id='word_1_246' title='bbox 242 3098 380 3160; x_wconf 75' lang='grc' dir='ltr'>Θεστὲπου</span> <span class='ocrx_word' id='word_1_247' title='bbox 409 3101 440 3159; x_wconf 76' lang='grc' dir='ltr'>τ“ο</span> <span class='ocrx_word' id='word_1_248' title='bbox 462 3097 578 3174; x_wconf 87' lang='grc' dir='ltr'>πλησίον</span> <span class='ocrx_word' id='word_1_249' title='bbox 609 3099 735 3174; x_wconf 84' lang='grc' dir='ltr'>ἀμπέλου</span> <span class='ocrx_word' id='word_1_250' title='bbox 757 3105 803 3158; x_wconf 79' lang='grc' dir='ltr'>τοῦ</span> <span class='ocrx_word' id='word_1_251' title='bbox 827 3099 972 3172; x_wconf 79' lang='grc' dir='ltr'>Κατζήιιου</span> <span class='ocrx_word' id='word_1_252' title='bbox 995 3097 1090 3172; x_wconf 75' lang='grc' dir='ltr'>μσδίσυ</span> <span class='ocrx_word' id='word_1_253' title='bbox 1114 3097 1150 3156; x_wconf 91' lang='grc' dir='ltr'>α’.</span> <span class='ocrx_word' id='word_1_254' title='bbox 1183 3099 1274 3176; x_wconf 78' lang='grc' dir='ltr'>ἕτερον</span> <span class='ocrx_word' id='word_1_255' title='bbox 1296 3101 1342 3156; x_wconf 86' lang='grc' dir='ltr'>τοῦ</span> <span class='ocrx_word' id='word_1_256' title='bbox 1365 3097 1547 3178; x_wconf 77' lang='grc' dir='ltr'>Χαιριδαιιίσυ</span> 
     </span>
     <span class='ocr_line' id='line_1_24' title="bbox 240 3217 1546 3300; baseline 0.002 -22"><span class='ocrx_word' id='word_1_257' title='bbox 240 3221 271 3278; x_wconf 79' lang='grc' dir='ltr'>το</span> <span class='ocrx_word' id='word_1_258' title='bbox 300 3221 417 3296; x_wconf 89' lang='grc' dir='ltr'>πλησίον</span> <span class='ocrx_word' id='word_1_259' title='bbox 447 3221 585 3300; x_wconf 78' lang='grc' dir='ltr'>χωραρίου</span> <span class='ocrx_word' id='word_1_260' title='bbox 614 3225 660 3280; x_wconf 73' lang='grc' dir='ltr'>τοῦ</span> <span class='ocrx_word' id='word_1_261' title='bbox 683 3221 822 3300; x_wconf 72' lang='grc' dir='ltr'>Δρεπάνσυ</span> <span class='ocrx_word' id='word_1_262' title='bbox 851 3219 898 3278; x_wconf 83' lang='grc' dir='ltr'>παὶ</span> <span class='ocrx_word' id='word_1_263' title='bbox 920 3224 966 3278; x_wconf 82' lang='grc' dir='ltr'>τοῦ</span> <span class='ocrx_word' id='word_1_264' title='bbox 994 3219 1227 3293; x_wconf 84' lang='grc' dir='ltr'>Κλωστομσίλλου</span> <span class='ocrx_word' id='word_1_265' title='bbox 1251 3218 1345 3294; x_wconf 79' lang='grc' dir='ltr'>μσδίου</span> <span class='ocrx_word' id='word_1_266' title='bbox 1369 3217 1413 3276; x_wconf 88' lang='grc' dir='ltr'>α’·</span> <span class='ocrx_word' id='word_1_267' title='bbox 1436 3219 1546 3280; x_wconf 85' lang='grc' dir='ltr'>ἵσταται</span> 
     </span>
     <span class='ocr_line' id='line_1_25' title="bbox 243 3337 1543 3420; baseline 0.002 -22"><span class='ocrx_word' id='word_1_268' title='bbox 243 3341 270 3398; x_wconf 87' lang='grc' dir='ltr'>ἐν</span> <span class='ocrx_word' id='word_1_269' title='bbox 302 3339 374 3420; x_wconf 75' lang='grc' dir='ltr'>αὐτῷ</span> <span class='ocrx_word' id='word_1_270' title='bbox 407 3341 489 3400; x_wconf 83' lang='grc' dir='ltr'>ἐλαία</span> <span class='ocrx_word' id='word_1_271' title='bbox 520 3337 569 3418; x_wconf 80' lang='grc' dir='ltr'>μία</span> <span class='ocrx_word' id='word_1_272' title='bbox 598 3341 644 3401; x_wconf 85' lang='grc' dir='ltr'>παί</span> <span class='ocrx_word' id='word_1_273' title='bbox 666 3338 843 3420; x_wconf 78' lang='grc' dir='ltr'>γλυποξυλέαι</span> <span class='ocrx_word' id='word_1_274' title='bbox 866 3341 914 3415; x_wconf 91' lang='grc' dir='ltr'>μία</span> <span class='ocrx_word' id='word_1_275' title='bbox 937 3339 983 3398; x_wconf 82' lang='grc' dir='ltr'>σίιν</span> <span class='ocrx_word' id='word_1_276' title='bbox 1007 3340 1171 3419; x_wconf 76' lang='grc' dir='ltr'>ἀμυγδάλας</span> <span class='ocrx_word' id='word_1_277' title='bbox 1195 3339 1241 3398; x_wconf 77' lang='grc' dir='ltr'>δύο</span> <span class='ocrx_word' id='word_1_278' title='bbox 1263 3339 1309 3399; x_wconf 75' lang='grc' dir='ltr'>καί</span> <span class='ocrx_word' id='word_1_279' title='bbox 1332 3339 1458 3412; x_wconf 81' lang='grc' dir='ltr'>ἀπιδέαις</span> <span class='ocrx_word' id='word_1_280' title='bbox 1482 3339 1543 3400; x_wconf 81' lang='grc' dir='ltr'>δύο.</span> 
     </span>
     <span class='ocr_line' id='line_1_26' title="bbox 241 3459 1545 3542; baseline 0.002 -22"><span class='ocrx_word' id='word_1_281' title='bbox 241 3463 378 3542; x_wconf 79' lang='grc' dir='ltr'>χωρσίριον</span> <span class='ocrx_word' id='word_1_282' title='bbox 410 3465 456 3522; x_wconf 82' lang='grc' dir='ltr'>τοῦ</span> <span class='ocrx_word' id='word_1_283' title='bbox 486 3464 604 3536; x_wconf 87' lang='grc' dir='ltr'>Κσίμπου</span> <span class='ocrx_word' id='word_1_284' title='bbox 637 3464 667 3521; x_wconf 87' lang='grc' dir='ltr'>π“ο</span> <span class='ocrx_word' id='word_1_285' title='bbox 696 3462 812 3535; x_wconf 84' lang='grc' dir='ltr'>πλησίον</span> <span class='ocrx_word' id='word_1_286' title='bbox 844 3461 983 3540; x_wconf 77' lang='grc' dir='ltr'>χωραφίου</span> <span class='ocrx_word' id='word_1_287' title='bbox 1012 3466 1059 3520; x_wconf 79' lang='grc' dir='ltr'>τοῦ</span> <span class='ocrx_word' id='word_1_288' title='bbox 1089 3461 1250 3520; x_wconf 78' lang='grc' dir='ltr'>Μανδαπίσυ</span> <span class='ocrx_word' id='word_1_289' title='bbox 1281 3459 1328 3520; x_wconf 83' lang='grc' dir='ltr'>καί</span> <span class='ocrx_word' id='word_1_290' title='bbox 1358 3461 1464 3535; x_wconf 84' lang='grc' dir='ltr'>ἀμπὲλι</span> <span class='ocrx_word' id='word_1_291' title='bbox 1494 3469 1545 3523; x_wconf 72' lang='grc' dir='ltr'>τοῦ</span> 
     </span>
     <span class='ocr_line' id='line_1_27' title="bbox 242 3581 1545 3663; baseline 0.004 -23"><span class='ocrx_word' id='word_1_292' title='bbox 242 3583 356 3656; x_wconf 81' lang='grc' dir='ltr'>Μοσηου</span> <span class='ocrx_word' id='word_1_293' title='bbox 386 3583 490 3644; x_wconf 76' lang='grc' dir='ltr'>ἐκείνου</span> <span class='ocrx_word' id='word_1_294' title='bbox 520 3581 622 3658; x_wconf 70' lang='grc' dir='ltr'>μοδίων</span> <span class='ocrx_word' id='word_1_295' title='bbox 644 3582 681 3660; x_wconf 91' lang='grc' dir='ltr'>γ’.</span> <span class='ocrx_word' id='word_1_296' title='bbox 716 3584 854 3663; x_wconf 80' lang='grc' dir='ltr'>χωροίμον</span> <span class='ocrx_word' id='word_1_297' title='bbox 884 3586 930 3641; x_wconf 78' lang='grc' dir='ltr'>τοῦ</span> <span class='ocrx_word' id='word_1_298' title='bbox 954 3581 1154 3661; x_wconf 82' lang='grc' dir='ltr'>Μανιρσπολίτη</span> <span class='ocrx_word' id='word_1_299' title='bbox 1184 3582 1301 3657; x_wconf 86' lang='grc' dir='ltr'>πλησίον</span> <span class='ocrx_word' id='word_1_300' title='bbox 1330 3583 1471 3663; x_wconf 77' lang='grc' dir='ltr'>χωραρίου</span> <span class='ocrx_word' id='word_1_301' title='bbox 1494 3591 1545 3645; x_wconf 79' lang='grc' dir='ltr'>τοῦ</span> 
     </span>
     <span class='ocr_line' id='line_1_28' title="bbox 241 3699 1544 3788; baseline 0.005 -27"><span class='ocrx_word' id='word_1_302' title='bbox 241 3699 421 3788; x_wconf 77' lang='grc' dir='ltr'>Καρυδ[οίπη]</span> <span class='ocrx_word' id='word_1_303' title='bbox 451 3703 553 3780; x_wconf 74' lang='grc' dir='ltr'>μοδίων</span> <span class='ocrx_word' id='word_1_304' title='bbox 577 3702 612 3779; x_wconf 90' lang='grc' dir='ltr'>β’.</span> <span class='ocrx_word' id='word_1_305' title='bbox 644 3703 788 3784; x_wconf 70' lang='grc' dir='ltr'>ἕτεροντὸ</span> <span class='ocrx_word' id='word_1_306' title='bbox 811 3703 993 3782; x_wconf 79' lang='grc' dir='ltr'>ἀγράμτελον</span> <span class='ocrx_word' id='word_1_307' title='bbox 1015 3703 1132 3779; x_wconf 85' lang='grc' dir='ltr'>πλησίον</span> <span class='ocrx_word' id='word_1_308' title='bbox 1154 3702 1294 3784; x_wconf 80' lang='grc' dir='ltr'>χωραφίου</span> <span class='ocrx_word' id='word_1_309' title='bbox 1316 3709 1362 3764; x_wconf 79' lang='grc' dir='ltr'>τοῦ</span> <span class='ocrx_word' id='word_1_310' title='bbox 1385 3703 1544 3780; x_wconf 78' lang='grc' dir='ltr'>Καμπανοῦ</span> 
     </span>
     <span class='ocr_line' id='line_1_29' title="bbox 242 3823 1542 3905; baseline 0.003 -21"><span class='ocrx_word' id='word_1_311' title='bbox 242 3823 336 3899; x_wconf 80' lang='grc' dir='ltr'>μοδίου</span> <span class='ocrx_word' id='word_1_312' title='bbox 358 3823 395 3884; x_wconf 87' lang='grc' dir='ltr'>α’.</span> <span class='ocrx_word' id='word_1_313' title='bbox 429 3828 567 3904; x_wconf 83' lang='grc' dir='ltr'>χωρσίρισν</span> <span class='ocrx_word' id='word_1_314' title='bbox 596 3830 642 3885; x_wconf 79' lang='grc' dir='ltr'>τοῦ</span> <span class='ocrx_word' id='word_1_315' title='bbox 665 3825 794 3904; x_wconf 66' lang='grc' dir='ltr'>Νυμυρὲσυ</span> <span class='ocrx_word' id='word_1_316' title='bbox 824 3824 940 3900; x_wconf 86' lang='grc' dir='ltr'>πλησίον</span> <span class='ocrx_word' id='word_1_317' title='bbox 968 3824 1107 3905; x_wconf 74' lang='grc' dir='ltr'>χωραφίου</span> <span class='ocrx_word' id='word_1_318' title='bbox 1134 3829 1181 3884; x_wconf 85' lang='grc' dir='ltr'>τοῦ</span> <span class='ocrx_word' id='word_1_319' title='bbox 1203 3825 1349 3885; x_wconf 79' lang='grc' dir='ltr'>Σταδιότου</span> <span class='ocrx_word' id='word_1_320' title='bbox 1374 3823 1478 3900; x_wconf 85' lang='grc' dir='ltr'>μοδίων</span> <span class='ocrx_word' id='word_1_321' title='bbox 1503 3827 1542 3902; x_wconf 90' lang='grc' dir='ltr'>β’.</span> 
     </span>
     <span class='ocr_line' id='line_1_30' title="bbox 241 3946 1542 4028; baseline 0.001 -23"><span class='ocrx_word' id='word_1_322' title='bbox 241 3947 334 4026; x_wconf 80' lang='grc' dir='ltr'>ἕτερον</span> <span class='ocrx_word' id='word_1_323' title='bbox 366 3948 506 4026; x_wconf 79' lang='grc' dir='ltr'>χωρσίριον</span> <span class='ocrx_word' id='word_1_324' title='bbox 539 3951 585 4006; x_wconf 78' lang='grc' dir='ltr'>τοῦ</span> <span class='ocrx_word' id='word_1_325' title='bbox 618 3946 698 4023; x_wconf 80' lang='grc' dir='ltr'>ἁγίου</span> <span class='ocrx_word' id='word_1_326' title='bbox 728 3947 883 4028; x_wconf 85' lang='grc' dir='ltr'>Δημητρίου</span> <span class='ocrx_word' id='word_1_327' title='bbox 916 3949 946 4006; x_wconf 67' lang='lat' dir='ltr'>‘cb</span> <span class='ocrx_word' id='word_1_328' title='bbox 979 3947 1096 4022; x_wconf 87' lang='grc' dir='ltr'>πλησίον</span> <span class='ocrx_word' id='word_1_329' title='bbox 1129 3947 1268 4027; x_wconf 80' lang='grc' dir='ltr'>χωραρίου</span> <span class='ocrx_word' id='word_1_330' title='bbox 1298 3951 1344 4008; x_wconf 77' lang='grc' dir='ltr'>τοῦ</span> <span class='ocrx_word' id='word_1_331' title='bbox 1376 3947 1542 4007; x_wconf 85' lang='grc' dir='ltr'>Γουλαλὲων</span> 
     </span>
     <span class='ocr_line' id='line_1_31' title="bbox 241 4067 1541 4150; baseline 0.001 -22"><span class='ocrx_word' id='word_1_332' title='bbox 241 4069 344 4144; x_wconf 81' lang='grc' dir='ltr'>μοδίων</span> <span class='ocrx_word' id='word_1_333' title='bbox 368 4068 403 4142; x_wconf 88' lang='grc' dir='ltr'>β’.</span> <span class='ocrx_word' id='word_1_334' title='bbox 437 4071 528 4150; x_wconf 81' lang='grc' dir='ltr'>ἕτερον</span> <span class='ocrx_word' id='word_1_335' title='bbox 557 4075 608 4146; x_wconf 75' lang='grc' dir='ltr'>τῆς</span> <span class='ocrx_word' id='word_1_336' title='bbox 631 4067 769 4129; x_wconf 81' lang='grc' dir='ltr'>Θεοτόκου</span> <span class='ocrx_word' id='word_1_337' title='bbox 799 4071 829 4128; x_wconf 79' lang='grc' dir='ltr'>τ’σ</span> <span class='ocrx_word' id='word_1_338' title='bbox 856 4067 972 4143; x_wconf 89' lang='grc' dir='ltr'>πλησίον</span> <span class='ocrx_word' id='word_1_339' title='bbox 1002 4067 1048 4128; x_wconf 75' lang='grc' dir='ltr'>καί</span> <span class='ocrx_word' id='word_1_340' title='bbox 1080 4070 1211 4148; x_wconf 82' lang='grc' dir='ltr'>σύνεγγυς</span> <span class='ocrx_word' id='word_1_341' title='bbox 1233 4069 1372 4149; x_wconf 79' lang='grc' dir='ltr'>χωραφίου</span> <span class='ocrx_word' id='word_1_342' title='bbox 1401 4073 1447 4128; x_wconf 82' lang='grc' dir='ltr'>τοῦ</span> <span class='ocrx_word' id='word_1_343' title='bbox 1471 4071 1541 4129; x_wconf 89' lang='grc' dir='ltr'>Μα-</span> 
     </span>
     <span class='ocr_line' id='line_1_32' title="bbox 241 4189 1541 4271; baseline 0.002 -21"><span class='ocrx_word' id='word_1_344' title='bbox 241 4191 338 4271; x_wconf 81' lang='grc' dir='ltr'>ροῦλλι</span> <span class='ocrx_word' id='word_1_345' title='bbox 367 4189 414 4249; x_wconf 79' lang='grc' dir='ltr'>καί</span> <span class='ocrx_word' id='word_1_346' title='bbox 443 4195 489 4250; x_wconf 76' lang='grc' dir='ltr'>τοῦ</span> <span class='ocrx_word' id='word_1_347' title='bbox 519 4191 711 4267; x_wconf 84' lang='grc' dir='ltr'>Κοντοσημέλι</span> <span class='ocrx_word' id='word_1_348' title='bbox 743 4189 845 4265; x_wconf 84' lang='grc' dir='ltr'>μοδίων</span> <span class='ocrx_word' id='word_1_349' title='bbox 862 4189 889 4250; x_wconf 85' lang='grc' dir='ltr'>ι’.</span> <span class='ocrx_word' id='word_1_350' title='bbox 923 4193 1061 4270; x_wconf 75' lang='grc' dir='ltr'>χωροίφιον</span> <span class='ocrx_word' id='word_1_351' title='bbox 1091 4191 1255 4262; x_wconf 81' lang='grc' dir='ltr'>Μελισσέως</span> <span class='ocrx_word' id='word_1_352' title='bbox 1283 4192 1315 4250; x_wconf 76' lang='grc' dir='ltr'>τ“ο</span> <span class='ocrx_word' id='word_1_353' title='bbox 1344 4190 1461 4265; x_wconf 91' lang='grc' dir='ltr'>πλησίον</span> <span class='ocrx_word' id='word_1_354' title='bbox 1492 4197 1541 4252; x_wconf 79' lang='grc' dir='ltr'>τοῦ</span> 
     </span>
     <span class='ocr_line' id='line_1_33' title="bbox 241 4309 1539 4392; baseline 0 -21"><span class='ocrx_word' id='word_1_355' title='bbox 241 4313 419 4392; x_wconf 78' lang='grc' dir='ltr'>διερχομένου</span> <span class='ocrx_word' id='word_1_356' title='bbox 441 4317 564 4388; x_wconf 83' lang='grc' dir='ltr'>ποταμοῦ</span> <span class='ocrx_word' id='word_1_357' title='bbox 586 4313 670 4390; x_wconf 85' lang='grc' dir='ltr'>ἤγουν</span> <span class='ocrx_word' id='word_1_358' title='bbox 692 4314 723 4372; x_wconf 72' lang='grc' dir='ltr'>τὸ</span> <span class='ocrx_word' id='word_1_359' title='bbox 746 4313 955 4371; x_wconf 75' lang='grc' dir='ltr'>Ἐπιονιοπιανον</span> <span class='ocrx_word' id='word_1_360' title='bbox 976 4313 1008 4372; x_wconf 76' lang='grc' dir='ltr'>τα</span> <span class='ocrx_word' id='word_1_361' title='bbox 1029 4311 1077 4371; x_wconf 79' lang='grc' dir='ltr'>καὶ</span> <span class='ocrx_word' id='word_1_362' title='bbox 1099 4309 1216 4386; x_wconf 88' lang='grc' dir='ltr'>πλησίον</span> <span class='ocrx_word' id='word_1_363' title='bbox 1237 4311 1376 4392; x_wconf 79' lang='grc' dir='ltr'>χωραφίου</span> <span class='ocrx_word' id='word_1_364' title='bbox 1398 4317 1444 4371; x_wconf 82' lang='grc' dir='ltr'>τοῦ</span> <span class='ocrx_word' id='word_1_365' title='bbox 1467 4313 1539 4372; x_wconf 87' lang='grc' dir='ltr'>Γου-</span> 
     </span>
     <span class='ocr_line' id='line_1_34' title="bbox 239 4432 1540 4516; baseline -0.001 -23"><span class='ocrx_word' id='word_1_366' title='bbox 239 4435 351 4494; x_wconf 86' lang='grc' dir='ltr'>λολέων</span> <span class='ocrx_word' id='word_1_367' title='bbox 382 4433 484 4508; x_wconf 82' lang='grc' dir='ltr'>μοδίων</span> <span class='ocrx_word' id='word_1_368' title='bbox 508 4432 542 4496; x_wconf 82' lang='grc' dir='ltr'>δ’.</span> <span class='ocrx_word' id='word_1_369' title='bbox 573 4436 666 4514; x_wconf 81' lang='grc' dir='ltr'>ἕτερον</span> <span class='ocrx_word' id='word_1_370' title='bbox 688 4438 733 4494; x_wconf 82' lang='grc' dir='ltr'>τοῦ</span> <span class='ocrx_word' id='word_1_371' title='bbox 757 4434 835 4510; x_wconf 80' lang='grc' dir='ltr'>αἰγίου</span> <span class='ocrx_word' id='word_1_372' title='bbox 857 4433 1006 4513; x_wconf 86' lang='grc' dir='ltr'>Γρηγορίου</span> <span class='ocrx_word' id='word_1_373' title='bbox 1038 4434 1155 4508; x_wconf 86' lang='grc' dir='ltr'>πλησίον</span> <span class='ocrx_word' id='word_1_374' title='bbox 1187 4433 1326 4516; x_wconf 76' lang='grc' dir='ltr'>χωραρίου</span> <span class='ocrx_word' id='word_1_375' title='bbox 1348 4439 1394 4493; x_wconf 83' lang='grc' dir='ltr'>τοίι</span> <span class='ocrx_word' id='word_1_376' title='bbox 1417 4435 1540 4514; x_wconf 87' lang='grc' dir='ltr'>Βορσίτου</span> 
     </span>
    </p>
   </div>
   <div class='ocr_carea' id='block_1_6' title="bbox 240 4593 446 4600">
    <p class='ocr_par' dir='ltr' id='par_1_6' title="bbox 240 4593 446 4600">
     <span class='ocr_line' id='line_1_35' title="bbox 240 4593 446 4600; baseline -0.01 0"><span class='ocrx_word' id='word_1_377' title='bbox 240 4593 404 4600; x_wconf 76' lang='lat'>...—--—.-—</span> <span class='ocrx_word' id='word_1_378' title='bbox 425 4593 446 4600; x_wconf 75' lang='grc'>....</span> 
     </span>
    </p>
   </div>
   <div class='ocr_carea' id='block_1_7' title="bbox 347 4690 784 4760">
    <p class='ocr_par' dir='ltr' id='par_1_7' title="bbox 347 4690 784 4760">
     <span class='ocr_line' id='line_1_36' title="bbox 347 4690 784 4760; baseline -0.005 -16"><span class='ocrx_word' id='word_1_379' title='bbox 347 4695 366 4760; x_wconf 88' lang='lat'>¹)</span> <span class='ocrx_word' id='word_1_380' title='bbox 385 4695 483 4760; x_wconf 79' lang='lat' dir='ltr'>Apogr.</span> <span class='ocrx_word' id='word_1_381' title='bbox 503 4690 627 4743; x_wconf 77' lang='grc' dir='ltr'>ὑπἀὐτοῦ</span> <span class='ocrx_word' id='word_1_382' title='bbox 647 4690 697 4756; x_wconf 86' lang='grc' dir='ltr'>τρ”</span> <span class='ocrx_word' id='word_1_383' title='bbox 716 4691 784 4758; x_wconf 82' lang='lat' dir='ltr'>(sic).</span> 
     </span>
    </p>
   </div>
   <div class='ocr_carea' id='block_1_8' title="bbox 0 0 1608 5310">
    <p class='ocr_par' dir='ltr' id='par_1_8' title="bbox 0 0 1608 5310">
     <span class='ocr_line' id='line_1_37' title="bbox 0 0 1608 5310; baseline 0 3"><span class='ocrx_word' id='word_1_384' title='bbox 0 0 1608 5310; x_wconf 95' lang='lat' dir='ltr'> </span> 
     </span>
    </p>
   </div>
  </div>
 </body>
</html>
