3246 5288
217 356 280 422 398

218 549 261 609 ἐπὶ
283 552 344 622 ταῖς
365 551 427 609 καθ’
445 551 561 626 ἑκάστην
585 548 761 629 δσξολογίαις
780 548 827 609 καὶ
849 551 948 621 πάσαις
971 545 1111 621 συνόξεσιν
1133 550 1258 628 τέσσαρσι
1269 546 1291 630 1)
1307 548 1479 623 λαμπάσιν,
1516 545 1564 613 ὡς

216 672 341 752 σύνηθες,
372 671 597 751 αὐγασθῆσονται,
629 674 659 732 οά
687 673 741 747 μὴν
763 670 803 750 δέ,
835 671 902 731 ἀλλ’
916 668 1072 752 ἰσαρίθμους
1093 669 1139 730 καί
1171 670 1335 745 ἀκοιμήτους
1363 671 1493 747 νίικτωρ
1523 685 1561 723 τε

215 791 262 852 καὶ
286 793 347 868 μεθ’
363 795 470 874 ἡμέραν
501 793 645 868 κανδήλας
675 794 823 872 έφτίψονται
846 793 875 853 ἐν
899 794 1039 872 ἑκατέροις
1062 795 1117 864 τοῖς
1140 793 1228 870 άγίοις
1254 789 1464 872 θυσιαστηρίοις
1496 785 1559 846 καὶ

216 917 272 986 τοῖς
294 914 378 1002 ἱεροῖς
400 914 446 974 καὶ
477 913 559 985 θείοις
588 917 792 996 προσκυνήμασι
815 915 861 974 σὺν
884 915 976 997 ταϊςῖ)
997 919 1044 974 τοῦ
1065 917 1150 993 χοροῦ
1177 912 1287 973 δῶδεκα
1308 912 1441 984 καὶτοῖς
1477 908 1556 970 δυσὶ

215 1041 262 1096 τοῦ
284 1037 430 1116 νάρθηκος,
455 1037 485 1096 αἳ
503 1034 593 1109 ἕξουσι
608 1037 638 1096 τό
662 1036 780 1117 ἐπάρδον
804 1037 896 1108 αθπαῑς
919 1037 1014 1096 ἔλαιον
1037 1037 1233 1116 ἀνυστερήτως,
1256 1037 1294 1107 ὡς
1318 1035 1440 1110 σύνηθες.
1487 1032 1556 1103 τὰς

216 1158 248 1218 δέ
272 1159 405 1234 εὐσήμους
426 1155 474 1218 καί
496 1157 627 1237 λαμπράς
651 1158 746 1238 ἑορτὰς
769 1157 905 1238 λαμπρῶς
929 1158 1097 1237 ἑορταοτέον,
1121 1157 1183 1217 κατ’
1198 1154 1338 1235 ἐξαίρετον
1354 1155 1385 1216 δέ
1398 1157 1452 1230 τήν
1476 1160 1552 1213 τῶν

217 1276 316 1358 Ἀγίων
340 1277 486 1340 Είσοδίων·
516 1283 566 1354 τῆς
587 1279 641 1358 γάρ
664 1280 754 1354 πύλης
784 1279 966 1358 ἀνοιγομένης
995 1281 1099 1350 πάντας
1121 1279 1183 1351 τοὺς
1209 1276 1424 1358 παραβαλόντας
1446 1275 1549 1352 μετὰ

216 1407 306 1483 χαράς
334 1401 527 1480 δεχθηοόμεθα
548 1399 596 1460 καί
617 1401 786 1480 φιλοφρόνως
808 1400 904 1472 αθτοθς
932 1399 1123 1475 ἀναπαυσαμεν
1147 1397 1193 1460 καί
1217 1399 1343 1478 δαψιλῶς
1366 1399 1545 1478 εδφρανθή-

217 1543 320 1584 σονται·
345 1523 413 1583 οίπω
428 1522 483 1604 γάρ
504 1515 642 1594 ποιοῦντες
659 1521 735 1595 έξετε
750 1523 780 1581 τδ
797 1523 868 1581 θεῖον
893 1521 1020 1600 δαψιλῶς
1043 1519 1257 1603 ἐπιχορηγοῦνθ)
1273 1523 1339 1596 ἡμῖν
1361 1521 1410 1596 τὴν
1433 1521 1543 1580 είιλο-

216 1645 280 1722 γίαν
303 1643 572 1706 ἑκατονταπλασίονα
594 1643 665 1703 κατά
686 1643 734 1718 τὴν
758 1643 863 1722 ἀψευδῆ
887 1646 967 1704 αὺτοῦ
988 1641 1035 1703 καί
1059 1643 1134 1702 θείαν
1157 1645 1257 1722 φωνήν.
1295 1642 1346 1714 τάς
1370 1641 1400 1702 δέ
1422 1643 1543 1722 ἑτέρας

216 1765 263 1827 καὶ
286 1765 362 1838 θείας
393 1766 489 1846 ἑορτὰς
511 1771 561 1842 τῆς
583 1766 664 1845 άγίας
696 1765 840 1841 δεσποίνης
870 1766 949 1840 ήμῶν
980 1767 1118 1846 θεοτόκου,
1149 1764 1207 1839 ἤτοι
1230 1766 1260 1824 τδ
1284 1763 1439 1842 Γενέθλιον,
1470 1765 1539 1838 τὴν

217 1885 343 1966 Σθναξιν,
365 1889 415 1963 τὴν
432 1887 606 1962 ’Υπαπαντὴν
629 1885 676 1946 καὶ
698 1888 747 1961 τὴν
769 1891 816 1946 τοῦ
839 1886 1060 1966 Εθαγγελισμοῶ,
1084 1885 1176 1958 καθὼς
1199 1885 1327 1966 ἀνωτέρω
1351 1883 1535 1962 δεδήλωται,

216 2010 242 2070 οί
265 2007 379 2088 ἀδελφοὶ
410 2009 479 2084 μετὰ
502 2012 548 2068 τοῦ
577 2015 747 2089 προεστῶτος
769 2009 815 2068 καὶ
848 2009 1003 2086 ἑορτάσουσι
1029 2006 1076 2066 καὶ
1107 2007 1368 2086 παρακληθήσονται
1398 2005 1533 2066 οἴκοθεν·

216 2129 312 2209 ίχθιίας
334 2131 387 2210 γδιρ
411 2131 500 2203 αὐτοῖς
531 2127 736 2209 δψωνιστέονέ),
766 2128 813 2188 καὶ
845 2129 958 2207 εὐλσγία
989 2129 1132 2204 δοθήσεται
1163 2127 1235 2188 οἴνου
1261 2127 1332 2188 κατὰ
1354 2130 1385 2187 τδ
1407 2129 1533 2202 σίνηθες

105 2249 108 2258 ¹
216 2250 263 2312 καὶ
286 2251 411 2328 δαψιλῶς
442 2252 676 2331 εθφρανθήσονται.
722 2248 869 2311 ἀλλὰκαὶ
891 2251 939 2324 τήν
961 2251 1133 2328 παγκόσμιον
1163 2249 1258 2330 ἑορτὴν
1280 2255 1330 2324 τῆς
1355 2251 1530 2325 Κοιμήσεως

217 2375 376 2454 ἑορταστέον
392 2373 538 2454 λαμπρῶς,
561 2372 636 2447 πλὴν
652 2373 703 2450 οθχ
718 2373 757 2444 ὡς
771 2371 805 2431 τά
820 2367 904 2450 Ἅγια
918 2377 971 2431 τῶν
988 2372 1098 2453 Ἁγίων,
1114 2371 1193 2431 ἀλλά
1203 2371 1319 2431 ’δώδεκα
1335 2372 1417 2446 μόνον
1432 2369 1525 2452 ἱερεῖς

216 2495 406 2576 προσκλητέον
433 2493 480 2555 καὶ
503 2495 551 2569 τῆν
579 2491 674 2566 ἔξοδον
696 2499 747 2570 τῆς
772 2495 867 2574 κυρίας
893 2492 972 2571 ἡμῶν
1001 2495 1160 2574 έορταστὲον
1182 2493 1308 2564 καὶτοῖς
1335 2495 1432 2569 πένησι
1456 2494 1524 2552 ἐπι-

218 2618 356 2694 μελητέον
371 2619 401 2678 τδ
416 2616 487 2677 κατὰ
511 2616 630 2692 δθναμιν.
661 2617 708 2676 καὶ
723 2617 761 2692 μὴ
786 2617 892 2676 ἔνδειαν
907 2616 1075 2696 προβαλεῖτε
1090 2615 1136 2676 καί
1151 2615 1269 2691 τὴντῶν
1293 2613 1522 2689 είσοδιαζομὲνων

217 2742 327 2800 σπάνιν·
351 2739 553 2818 ἀφθονωτέροις
577 2737 630 2817 γάρ
652 2737 701 2810 τάς
725 2738 878 2813 ἐπικτήσεις
899 2738 967 2816 πρός
986 2737 1035 2809 τάς
1058 2737 1248 2815 ἀναλογοίσας
1272 2732 1384 2809 ἐξόδους
1398 2742 1431 2818 τῇ
1447 2742 1520 2818 μονῆ

216 2864 407 2938 πεποιήκαμεν
429 2859 475 2920 καί
500 2860 674 2940 άφιερῶματα
698 2859 743 2919 διά
767 2859 916 2940 πρεσβειῶν
938 2865 987 2935 τῆς
1009 2859 1162 2939 ὐττεροίγνου
1184 2859 1321 2918 θεσπόκσυ.
1355 2857 1386 2918 έν
1401 2858 1519 2938 αθτῇτῇ

218 2984 298 3066 ἑορτῇ
321 2981 368 3043 οὖν
396 2981 572 3057 καταλίιομεν
602 2981 749 3061 σταφυλάς,
780 2981 853 3040 καθὰ
875 2979 921 3040 καὶ
944 2981 975 3040 τδ
997 2985 1047 3056 τῆς
1077 2979 1228 3055 ἐκκλησίας
1259 2976 1371 3052 διέξεισι
1397 2969 1515 3038 τυπικόν.

322 3103 356 3164 δ’.
382 3103 495 3180 Ἐπειδῆ
513 3104 545 3164 δὲ
560 3105 608 3179 τήν
625 3104 707 3182 ἁγίαν
722 3103 821 3177 ταύτην
844 3105 938 3181 μονήν,
963 3100 1044 3179 πῆξιν
1060 3102 1200 3177 λαβοῦσαν
1216 3099 1347 3182 αἰσίαν-δ),
1371 3101 1456 3180 ἐχρῆν
1471 3099 1518 3160 καὶ

217 3227 297 3286 τόπον
325 3226 400 3304 ἔχειν
430 3223 477 3286 καί
504 3227 606 3285 κανόνα
634 3225 824 3304 ήκριβωμένον
846 3231 895 3300 τῆς
923 3224 1153 3299 έκκλησιαστικῆς
1179 3225 1373 3294 καταστάσεως
1399 3220 1446 3320 κφὶ
1470 3228 1517 3296 τῆς

219 3347 310 3423 ἀλλης
332 3351 379 3406 τοῦ
393 3345 529 3420 κοινοβίου
546 3345 696 3426 διαγωγῆς,
719 3345 753 3405 τά
776 3345 827 3421 μὲν
846 3352 895 3421 τῆς
919 3345 1147 3420 ἑκκλησιαστικῆς
1170 3343 1335 3415 ἀκολουθίας
1350 3343 1397 3402 καὶ
1412 3341 1518 3414 τάξεως

219 3467 375 3540 ἰδιαζόντως
398 3467 624 3548 ἀνεγραψάμεθα,
648 3468 796 3546 ἀναγκαῖον
812 3465 905 3527 δὲκαὶ
921 3469 972 3526 ὅσα
988 3467 1039 3542 μὲν
1062 3466 1159 3545 έκείνῳ
1180 3465 1348 3546 παρελείφθη
1371 3463 1412 3544 τῷ
1431 3467 1517 3544 τόμῳ,

222 3590 254 3648 ἐκ
268 3588 449 3669 παραδόσεως
465 3587 495 3648 δὲ
511 3585 558 3648 καί
578 3587 617 3660 είς
638 3589 712 3664 ἡμᾶς
736 3589 892 3666 μετηνέχθη
915 3586 1081 3668 παραδοῦναι
1104 3592 1204 3669 γραφῇ,
1227 3591 1306 3646 τοῦτο
1329 3587 1392 3666 μέν,
1415 3581 1518 3644 ίνέίεν

216 3715 297 3771 πᾶσιν
320 3711 476 3789 εθσίινοπτα,
504 3713 580 3769 τοῦτο
604 3707 645 3788 δέ,
673 3709 717 3769 ἵνα
740 3709 778 3785 μή
801 3707 994 3783 ἀπονοθείηταί
1015 3730 1039 3768 τι
1062 3707 1137 3787 παρὰ
1159 3709 1241 3778 τινός·
1270 3708 1437 3786 προσεκτέον
1459 3727 1517 3766 τοι-

218 3835 319 3914 γαροῦν
351 3831 532 3912 ἀκριβέστατα
561 3835 617 3904 τοῖς
647 3831 854 3911 ῥηθησομένοις,
886 3825 924 3890 ὧν
951 3827 1084 3911 ἄρξασθαι
1107 3829 1275 3907 βουλόμεθα,
1308 3829 1370 3888 ὅθεν
1395 3824 1517 3903 ἀμεινσν,

220 3956 330 4030 ἄμεινον
355 3953 386 4014 δὲ
408 3954 461 4014 ἀπό
483 3959 533 4029 τῆς
555 3954 585 4012 τδ
607 3959 664 4031 φῶς
686 3954 751 4028 ήμῖν
783 3953 955 4032 έφαπλοθσης
987 3953 1071 4032 ὥρας,
1101 3953 1160 4026 ῆτις
1182 3952 1199 4024 ή
1222 3953 1316 4030 πρώτη
1338 3955 1388 4024 τῆς
1411 3950 1517 4029 ἡμέρας

218 4075 288 4137 ἐστί·
317 4077 373 4137 δεῖν
396 4077 428 4137 δὲ
452 4071 528 4153 οίμαι
550 4073 658 4148 πάντως
679 4075 741 4147 τοθς
763 4075 905 4156 περίεργον
928 4076 1017 4152 φωτδς
1038 4075 1087 4148 πἠν
1111 4071 1240 4150 ἐξήγησιν
1262 4073 1442 4146 ποιουμένους
1466 4070 1517 4130 ἀπό

218 4199 306 4277 φωτός
322 4196 463 4279 ἄρξασθαι.
494 4199 549 4279 χρὴ
564 4197 651 4258 τοίνυν
675 4197 745 4273 μετά
759 4197 808 4271 τὴν
824 4196 948 4276 όρθρινὴν
969 4193 1134 4272 δοξολογίαν
1157 4195 1339 4269 συνημμένως.
1359 4193 1518 4270 ψάλλεσθιιι

218 4321 262 4399 ἀφ’
275 4321 354 4395 ήμῶν
376 4321 425 4396 τήν
447 4321 556 4402 πρώτην
579 4321 663 4400 ῶραν,
687 4320 726 4390 ῶς
749 4319 871 4396 σύνηθες,
894 4315 941 4377 καί
964 4317 1034 4392 μετά
1057 4318 1086 4376 τό
1107 4316 1190 4386 τέλος
1214 4317 1297 4390 αἰιτῆς
1319 4317 1365 4373 τοῦ
1389 4312 1517 4385 εἰωθότος

324 4607 342 4673 ¹)
365 4604 463 4674 τέτρασι
482 4605 513 4656 Ε.
587 4605 608 4670 ²)
629 4605 680 4662 τοῖς
698 4603 729 4654 Ε.
801 4603 822 4669 ³)
841 4601 986 4673 έπιχορηγιίν
1005 4601 1036 4654 E.
1108 4604 1128 4667 ⁴)
1148 4600 1290 4669 ψωνιστέων
1308 4601 1339 4650 Ε.
1413 4601 1433 4666 ⁵)
1452 4597 1518 4664 πῆξιν

218 4697 340 4770 λαβοῦσαν
358 4700 400 4766 τῆν
420 4697 489 4771 ἁγίαν
508 4699 594 4764 ταίιτην
614 4699 688 4766 μονήν
706 4701 737 4750 Ε.
