3222 5284
236 339 301 404 376

238 533 393 616 έκδημὴοη,
416 533 464 593 καί
478 535 594 614 γινέσθω
614 534 740 614 φωταψία
761 533 881 611 δαψιλὴς
896 531 943 594 καί
958 531 1090 615 διάκρισις
1107 532 1209 606 εἰςτὰς
1225 537 1363 613 μοναχάς,
1386 534 1543 609 διδομένων
1596 497 1597 528 ³

238 657 266 716 έν
282 655 320 736 τῷ
340 657 445 716 πυλῶνι
468 657 562 734 ψωμία
584 655 686 731 μοδίων
707 657 788 716 πέντε
810 654 857 716 καὶ
879 655 999 732 νουμμία
1021 658 1195 732 νομισμάτων
1217 659 1344 737 τραχέων
1368 653 1410 730 έξ.
1441 655 1541 716 τελεί-
1596 713 1597 746 γ

235 779 341 838 σθωσαν
356 778 390 838 τὰ
413 779 571 856 μνημόσυνα
590 784 640 854 τῆς
662 779 842 858 περιποθήτου
864 777 997 858 θυγατρδς
1018 782 1068 853 τῆς
1091 777 1235 852 βασιλείας
1257 799 1310 853 μου
1329 776 1377 837 καί
1397 798 1541 859 πορρυρο-
1596 783 1597 788 ’

234 903 374 984 γεννήτου,
397 907 482 980 κυρᾶς
505 899 626 981 Μαρίας,
651 897 713 959 καθ’
724 903 758 975 ἡν
782 903 814 958 ἂν
836 901 942 980 ἡμέραν
966 899 1121 981 έκδημήσρ,
1146 897 1257 974 ὁμοίως.
1293 897 1484 960 τελείσθωσαν
1507 901 1544 959 τίι

235 1025 396 1098 μνημάαυνα
422 1027 473 1097 τὴς
502 1023 682 1102 περιποθήτου
711 1021 844 1102 θυγατρδς
873 1026 924 1096 τής
954 1019 1098 1097 βασιλείας
1128 1041 1180 1096 μου
1202 1019 1250 1081 καὶ
1270 1025 1539 1103 πορριρογεννήτου,

234 1150 319 1224 κυράς
334 1141 481 1224 Εὔδοκίας,
504 1144 566 1204 καθ’
578 1147 612 1220 ἡν
628 1143 661 1203 διν
683 1145 790 1224 ἡμέραν
806 1141 961 1226 ἐκδὴμὴσῃ,
985 1141 1096 1218 ὁμοίως.
1127 1142 1310 1203 τελείσθωσαν
1325 1143 1359 1203 τὰ
1376 1147 1541 1220 μνημόσυνα

233 1272 283 1341 τῆς
297 1267 477 1346 περιποθήτου
492 1267 596 1344 νύμφης
612 1271 660 1342 τῆς
677 1265 820 1340 βασιλείας
835 1285 897 1346 μου,
917 1271 967 1342 πὴς
983 1264 1287 1346 σεβαστοκρατορίσσης,
1303 1271 1389 1346 κυράς
1403 1265 1538 1347 Εἰρήνης,

233 1389 295 1447 καθ’
311 1391 345 1462 ἡν
368 1390 401 1446 άν
423 1389 529 1469 ἡμέραν
553 1387 709 1470 έκδημὴοη,
733 1387 845 1466 ὁμοίως,
869 1387 962 1464 ψωμία
986 1385 1017 1446 δέ
1040 1384 1142 1462 μοδίων
1165 1392 1256 1467 τριῶν.
1291 1388 1480 1448 τελείσθωσαν
1503 1389 1539 1447 τίι

233 1511 393 1585 μνημόσυνα
406 1517 456 1586 πής
471 1509 650 1590 περιποθήτου
672 1509 777 1588 νίμρης
798 1515 848 1586 τῆς
871 1507 1014 1584 βασιλείας
1037 1529 1098 1588 μου,
1121 1513 1205 1589 κυράς
1220 1506 1339 1588 Εἰρήνης
1360 1515 1410 1585 πής
1431 1531 1536 1570 καιοα·

232 1625 334 1710 ρίοοης,
365 1632 427 1691 καθ’
443 1633 477 1707 ἡν
507 1634 540 1690 άν
566 1632 672 1712 ἡμέραν
697 1629 852 1712 ἐκδημήσῃ,
884 1630 994 1704 ὁμοίως.
1039 1629 1224 1690 τελείσθωσαν
1245 1631 1280 1689 τίι
1302 1633 1461 1706 μνημόσυνα
1485 1638 1537 1707 τῆς

230 1754 410 1833 περιποθήτου
440 1753 571 1834 θυρατρδς
593 1758 641 1829 τὴς
665 1752 810 1827 βασιλείας
832 1773 884 1828 μου
906 1750 954 1812 καί
974 1755 1234 1834 πορρυρογεννήτου,
1262 1759 1346 1832 κυράς
1369 1751 1535 1834 θεοδὼρας,

230 1875 293 1935 καθ’
305 1878 338 1950 ἡν
355 1878 387 1934 ἂν
403 1877 510 1955 ἡμέραν
527 1873 682 1956 έκδημὴοη,
698 1874 808 1950 ὁμοίως.
834 1871 899 1950 μηνὶ
914 1873 1057 1956 δκτωβρίῳ
1074 1872 1107 1934 ιδ’
1122 1873 1308 1935 τελείσθωσαν
1322 1875 1357 1934 τὰ
1372 1877 1535 1951 μνημίὲυνα

230 2001 276 2056 τοῦ
307 1995 465 2076 μακαρίτου,
497 1996 574 2075 ἁγίου
604 1997 733 2056 αὺθέυτου
755 1994 802 2056 καὶ
822 1997 1002 2076 περιποθήτου
1024 1997 1126 2075 πατρδς
1147 2002 1197 2071 τῆς
1225 1995 1369 2071 βασιλείας
1392 2017 1455 2076 μου,
1486 2001 1534 2056 τοῦ

230 2119 455 2200 πρωτοπροέδρου
471 2118 517 2179 καί
532 2118 775 2200 πρωτοβεστιαρίου
790 2117 836 2178 καὶ
852 2119 978 2196 μεγάλου
995 2117 1093 2191 δουκδς
1107 2117 1161 2178 τῶν
1177 2119 1289 2198 σχολῶν
1303 2124 1353 2193 τής
1366 2120 1531 2198 Ἀνατολῆς,

230 2245 311 2322 κυροίι
328 2241 496 2322 Ἀνδρονίκου
511 2245 557 2302 τοῦ
572 2242 672 2321 Δοίκα,
696 2244 742 2302 τοῦ
765 2241 1013 2316 μετονομασθέντος
1032 2237 1071 2319 τῷ
1087 2240 1157 2320 ἁγίῳ
1172 2238 1219 2300 καὶ
1243 2240 1388 2322 ἀγγελικῷ
1412 2243 1531 2322 μεγάλω

230 2365 353 2440 σχήματι
374 2367 455 2442 κυροί
477 2363 630 2442 Ἀντωνίου,
660 2361 707 2423 καί
730 2361 845 2422 διδόσθω
869 2362 898 2421 έν
920 2361 959 2442 τῷ
988 2359 1093 2422 πυλῶνι
1120 2361 1215 2440 ψωμία
1245 2361 1349 2437 μοδίων
1378 2365 1460 2424 πέντε
1481 2363 1530 2422 καί

229 2483 348 2559 νουμμία
378 2486 551 2560 νομισμάτων
581 2487 706 2564 τραχέων
734 2481 774 2563 έξ,
804 2485 921 2562 γινέσθω
943 2483 990 2544 καί
1020 2483 1146 2562 ρωταψία
1177 2483 1297 2561 δαψιλὴς
1327 2483 1375 2544 καὶ
1399 2485 1529 2566 διάκρισις
1596 2479 1597 2486 '

230 2603 341 2677 εἰςτὰς
364 2602 496 2683 μοναχάς.
530 2605 593 2680 μηνί
616 2606 753 2687 νοεμβρίῳ
776 2604 822 2665 κε’
841 2605 1026 2666 τελείσθωσαν
1048 2605 1082 2666 τὰ
1105 2607 1263 2681 μνημόσυνα
1285 2611 1334 2682 τῆς
1356 2608 1527 2687 ἡγιασμένης

231 2725 387 2808 αίιθεντρίας
409 2726 455 2786 καί
479 2728 582 2808 μητρδς
603 2733 653 2803 τής
676 2727 819 2801 βασιλείας
842 2749 903 2808 μου,
926 2733 1011 2808 κυράς
1026 2727 1148 2808 Μαρίας,
1170 2733 1220 2802 τῆς
1244 2727 1289 2786 διὰ
1308 2732 1355 2788 τοῦ
1378 2729 1459 2807 ἁγίου
1480 2729 1526 2788 καί

229 2849 381 2928 ἀγγελικοῡ
404 2851 530 2929 μεγάλου
554 2852 698 2928 σχήματος
720 2849 968 2926 μετονομασθείσης
990 2857 1075 2930 κυρᾶς
1098 2847 1198 2928 Ξένης,
1222 2849 1332 2924 ὁμοίως.
1380 2849 1447 2926 μηνί
1468 2849 1524 2910 ἰσυ·

229 2969 283 3050 λίῳ
300 2971 335 3046 ιβ’
351 2971 534 3048 τελείσθωσαν
550 2974 584 3032 τά
607 2975 828 3049 μνημόσυνατοῦ
850 2971 1000 3052 μακαρίτου
1015 2975 1097 3050 κυροΰ
1114 2971 1252 3050 Ἰωάννου,
1275 2975 1322 3030 τοῦ
1344 2975 1525 3052 περιποθήτου

227 3095 363 3174 πενθεροῦ,
373 3100 423 3170 τῆς
446 3093 590 3170 βασιλείας
605 3113 666 3175 μου,
690 3095 801 3170 ὁμοίως.
833 3092 898 3170 μηνί
921 3092 1058 3173 νοεμβρίῳ
1075 3091 1101 3152 α’
1117 3092 1301 3153 τελείσθωσαν
1316 3093 1351 3152 τὰ
1367 3097 1525 3170 μνημόσυνα

195 3195 199 3202 ⁴
228 3220 276 3290 τῆς
298 3217 469 3295 ἡγιασμένης
499 3237 551 3292 μου
574 3217 717 3292 δεσποίνης
740 3214 786 3275 καὶ
808 3217 942 3296 πενθερᾶς
964 3220 1014 3290 τῆς
1041 3213 1187 3290 βασιλείας
1209 3233 1270 3293 μου,
1302 3213 1416 3289 ὁμοίως.
1464 3214 1525 3292 μηνί

229 3335 388 3418 ἰαννουαρίῳ
404 3336 427 3397 θ’
444 3338 629 3398 τελείσθωσαν
644 3339 677 3398 τὰ
695 3339 854 3414 μνημόσυνα
868 3341 914 3397 τοί
929 3338 1110 3418 περιποθήτου
1127 3335 1298 3415 αὺταδέλρου
1314 3342 1363 3412 τὴς
1380 3336 1525 3410 βασιλείας

228 3479 280 3534 μου
296 3458 343 3520 καί
360 3463 609 3541 πρωτοστράτορος,
632 3465 714 3541 κυροί
729 3461 849 3538 Μιχαὴλ
865 3463 910 3519 τοῦ
925 3460 1026 3538 Δοθκα,
1049 3455 1097 3518 καί
1118 3457 1235 3536 γινέσθω
1258 3458 1383 3537 ρωταψίοι
1407 3459 1526 3538 δαψιλής

227 3579 274 3641 καὶ
297 3579 430 3660 διάκρισις
452 3580 493 3654 εἰς
517 3583 567 3653 τὰς
590 3585 725 3660 μοναχάς.
772 3581 836 3658 μηνὶ
859 3581 1027 3662 ρεβρουαρίῳ
1050 3579 1078 3642 κ’
1099 3580 1284 3640 τελείσθωσαν
1307 3581 1340 3639 τὰ
1363 3584 1524 3658 μνημόσυνα

226 3707 276 3778 τῆς
291 3703 472 3783 περιποθήτου
488 3702 662 3783 αἰιταδέλρης
676 3709 727 3780 τῆς
739 3703 883 3780 βασιλείας
899 3725 961 3784 μου,
976 3708 1026 3779 τὴς
1041 3701 1213 3780 πανεντίμου,
1231 3700 1337 3778 ἐντίμου
1352 3709 1437 3782 κυράς
1450 3703 1524 3766 Θεο-

228 3823 330 3904 δώρας,
352 3830 402 3900 τῆς
418 3823 464 3884 διὰ
478 3829 524 3884 τοί
540 3823 618 3905 άγίου
637 3824 684 3886 καί
700 3823 851 3906 ἀγγελικοῡ
868 3825 993 3904 μεγάλου
1009 3826 1152 3902 σχήματος
1172 3821 1422 3901 μετονομασθείσης
1441 3831 1525 3908 κυράς

225 3943 355 4026 Εἰρήνης,
385 3943 433 4006 καί
455 3948 571 4026 γινέσθω
594 3947 704 4023 ὁμοίως.
743 3947 927 4008 τελείσθωσαν
949 3947 983 4005 τὰ
1006 3948 1164 4021 μνημόσυνα
1186 3949 1232 4006 τοῦ
1254 3947 1436 4026 περιποθήτου
1460 3949 1523 4007 τιλτ-

224 4065 345 4147 αδέλρου
367 4074 416 4143 τῆς
432 4067 575 4144 βασιλείας
598 4089 659 4148 μου,
683 4073 730 4130 τοῦ
751 4068 938 4143 πανσεβάστου
961 4067 1094 4141 σεβαστοῦ
1116 4071 1197 4148 κυροῦ
1213 4068 1341 4126 Ἰωάννου
1356 4071 1403 4126 τοῦ
1418 4070 1520 4146 λοίκα,

222 4193 269 4248 τοῦ
285 4188 330 4248 διὰ
344 4194 390 4249 τοῦ
406 4189 484 4268 άγίου
499 4189 546 4250 καὶ
561 4191 683 4270 ἀγγελικ
707 4190 864 4270 οῦμεγοίλου
887 4193 1030 4268 σχήματος
1053 4189 1302 4264 μετονομασθέντος
1317 4193 1399 4269 κυροίί
1415 4188 1522 4251 ’Am-

222 4309 288 4390 νίου,
304 4311 367 4370 καθ’
382 4314 416 4387 ἡν
433 4314 464 4370 ἂν
479 4313 586 4393 ἡμέραν
603 4311 758 4395 έκδὴμήοη,
775 4310 822 4372 καὶ
836 4312 952 4390 γινέσθω
968 4309 1078 4386 ὁμοίως.
1112 4309 1295 4370 τελείσθωσαν
1311 4311 1345 4368 τὰ
1361 4315 1521 4386 μνημὲσυνα

221 4438 271 4508 τῆς
285 4435 464 4511 περιποθήτου
481 4433 655 4514 αὺταδέλθης
677 4442 726 4512 τὴς
749 4433 894 4508 βασιλείας
916 4453 978 4513 μου,
1001 4437 1050 4510 τής
1072 4430 1259 4505 πανσεβάστον
1276 4431 1413 4508 οεβαστὴς
1435 4441 1519 4514 κυράς

222 4549 321 4628 Ἄννης
351 4560 401 4630 τῆς
423 4557 584 4636 Δουκαίνης,
614 4555 677 4616 καθ’
692 4559 726 4632 ήν
758 4559 790 4614 δν
819 4557 926 4636 ἡμέραν
949 4553 1093 4630 ἐκδημήση
1117 4553 1185 4633 προς
1206 4552 1307 4632 κύριον,
1334 4551 1381 4612 καί
1404 4557 1520 4632 γινέσθω

220 4675 330 4750 ίμοίως.
376 4677 401 4737 οἱ
422 4679 521 4751 παῖδες
542 4681 631 4760 ἡμῶν,
663 4679 708 4738 ὅτε
731 4679 800 4760 πρδς
821 4679 911 4760 κίριον
936 4675 1145 4754 έκδημὴσουσιν,
1171 4673 1389 4753 ἐγγραρὴσονται
1414 4675 1519 4748 ἐντοῖς
