3222 5284
222 239 287 304 328

223 433 287 502 θεός
311 431 434 510 ἀρχηγδς
457 428 503 489 καὶ
527 430 609 510 δοτὴρ
633 430 826 510 ἐχρημάτισεν,
850 430 865 488 ό
888 430 977 508 σωτήρ
999 432 1078 505 ήμῶν
1095 430 1133 500 ῶς
1148 428 1262 506 ἀληθῶς
1278 431 1385 506 Ἰησοῦς
1400 428 1449 489 καὶ
1466 431 1536 488 02²·

223 555 284 628 μεθ’
296 555 385 631 ήμῶν,
408 552 438 611 τδ
461 553 535 631 μέγα
556 556 634 611 τούτο
657 551 728 610 κατὰ
750 552 795 610 τδν
819 552 897 628 ἅγιον
919 545 1033 609 Ἠσαίαν
1055 553 1101 610 τού
1117 551 1299 626 Ἐμμανουήλ
1321 552 1521 628 σημαινόμενα

222 673 271 734 καὶ
293 675 450 751 σεβάσμιον,
475 674 559 732 ἔκιε
581 677 627 732 τού
651 674 689 748 μὴ
713 671 790 744 όντος
812 671 851 744 εἰς
873 673 903 730 τδ
927 667 997 731 εἶναι
1018 671 1190 752 παραγαγὼν
1212 671 1258 732 καί
1280 673 1311 732 τδ
1335 670 1365 732 εὖ
1390 668 1463 732 εἶναι
1490 672 1529 730 δι’

221 799 328 856 πάντων
351 797 416 870 ημῖν
438 796 624 873 χαρισάμενος
645 792 693 854 καί
714 793 794 874 λόγῳ
816 793 970 869 τετιμηκὼς
992 791 1039 853 καὶ
1062 796 1186 873 κριτήρια
1205 799 1258 853 τῶν
1282 793 1377 875 όντων,
1403 793 1535 867 αἴσθησίν

155 918 161 930 ’
221 937 252 978 τε
275 915 322 978 καὶ
344 921 403 976 νούν
427 917 632 996 δωρησάμενος,
655 915 702 974 καὶ
725 916 827 986 τούτοις
849 919 903 974 τῶν
927 915 972 974 ἐπὶ
995 921 1048 992 γῆς
1071 914 1221 990 διαστήσας
1244 917 1320 986 ζώων
1336 915 1384 974 καὶ
1402 916 1536 991 βασιλέα

222 1039 325 1110 τούτοις
349 1039 494 1112 ἐπιστήσας
516 1039 562 1096 τδν
586 1037 727 1118 ἄνθρωπον
751 1036 965 1111 βασιλευόμενοι
990 1037 1102 1096 άνωθεν.
1148 1035 1216 1114 „mi
1237 1035 1263 1095 τί
1285 1039 1318 1094 ἂν
1341 1035 1535 1110 ἀποδώσομεν

223 1159 261 1237 τῷ
284 1157 368 1240 κυρίῳ
384 1157 445 1240 περὶ
463 1161 570 1218 πάντων
587 1153 624 1218 ῶν
648 1157 841 1218 ἀνταπέδωκεν
856 1157 957 1233 ήμῖνίί·
981 1163 1014 1239 τῇ
1038 1157 1211 1238 διημιουργίρι
1234 1157 1464 1238 συμπαραζεύξας
1482 1155 1534 1215 καί

223 1281 351 1360 πρόνοιαν
367 1278 413 1340 καὶ
429 1279 534 1339 οὐδέπω
551 1281 633 1358 μέχρι
648 1279 695 1338 καί
712 1279 790 1359 δεῦρο
806 1279 854 1349 τὰς
869 1284 923 1338 τῶν
939 1279 1050 1356 ἀγαθῶν
1065 1280 1130 1353 ἡμῖν
1148 1279 1269 1356 δαψιλὰς
1280 1279 1373 1356 πηγὰς
1387 1279 1533 1356 ἐπισχών·
1554 1295 1557 1360 γ

225 1397 256 1474 ἐξ
280 1394 310 1461 ού
335 1401 369 1476 δὴ
392 1401 438 1462 καὶ
462 1401 575 1481 οὐρανόν
599 1401 720 1480 ἐγύρωσε
742 1398 789 1460 καὶ
811 1403 909 1480 χρόνον
926 1399 1048 1476 διέστησε
1066 1398 1112 1460 καὶ
1129 1398 1228 1478 ἐξέχεε
1243 1399 1289 1460 καὶ
1306 1401 1456 1478 ύρήιτλωοε
1473 1405 1532 1478 γῆν
1557 1378 1558 1440 ί

224 1522 345 1582 καὶτῶν
369 1524 515 1602 δρωμένων
540 1523 658 1605 ἑπόπτην
681 1523 727 1582 τόν
750 1522 891 1602 ἄνθρωπον
914 1523 1108 1597 κατεστήσατο.
1141 1521 1256 1600 μεγάλα
1278 1521 1329 1597 μέν
1353 1519 1398 1580 σύν
1424 1519 1533 1596 δήκαὶ

224 1647 308 1703 ταῦτα
329 1641 377 1702 καὶ
398 1649 448 1719 πής
469 1644 695 1722 πρακτικωτάιης
717 1643 817 1702 τούτων
831 1641 878 1701 καὶ
900 1645 1132 1719 συνεκτικωτάτης
1156 1641 1298 1716 δυνάμεως
1314 1639 1377 1714 ἄξια
1392 1642 1466 1701 κατὰ
1481 1643 1531 1700 τὀν
1561 1687 1562 1690 ι

225 1765 314 1842 μέγαν
337 1767 416 1844 ράναι
439 1763 540 1838 Δαβίδ·
566 1765 669 1844 ,,ἐλεον
685 1764 765 1823 αὐτού
779 1763 820 1835 τίς
841 1765 983 1839 ἐκζητήσει
997 1764 1063 1824 τοτὲ
1079 1763 1126 1824 καί
1141 1763 1311 1854 ἀλήθειανύξρ
1335 1763 1403 1823 ἀλλ’
1417 1757 1473 1823 οἷον
1494 1763 1529 1837 δή

224 1906 256 1944 σε
270 1886 336 1960 ἡμῖν
353 1885 455 1962 ἀγαθον
471 1887 486 1943 ό
502 1885 702 1965 μεγαλόδωρος
719 1885 887 1966 ἐδωρήσατο,
903 1887 1056 1960 πνεύματός
1067 1907 1097 1945 τε
1110 1881 1188 1963 ἁγίου
1204 1885 1345 1956 ἐτέλευσις
1357 1883 1404 1945 καὶ
1416 1885 1531 1962 ὑψίστου

226 2007 406 2066 ἐπισκιάοασα
435 2005 548 2082 δύναμις
570 2004 617 2065 καὶ
638 2007 704 2065 ναδν
728 2005 816 2085 ἑαυτῷ
838 2008 953 2086 λογικόν
974 2029 1005 2067 τε
1027 2005 1074 2067 καὶ
1098 2008 1230 2086 ἔμψυχον,
1258 2006 1404 2086 άχράντως
1425 2025 1456 2064 τε
1479 2005 1530 2065 καὶ

225 2125 410 2202 ἀμεταβόλως
434 2128 542 2187 ἐκτῶν
566 2133 619 2187 σῶν
647 2129 816 2208 ταρθενικῶν
842 2131 989 2206 πανάγνων
1017 2127 1138 2203 αἱμάτων
1161 2128 1382 2204 ὑποστησάμενος
1404 2125 1452 2187 καὶ
1475 2129 1527 2186 ύπέ

224 2251 334 2328 χρόνον,
359 2249 424 2328 ἄτερ
447 2249 548 2329 πατρδς
572 2249 605 2310 ἐκ
627 2253 674 2308 σού
695 2247 836 2326 γεννηθείς
853 2249 867 2307 ό
886 2251 937 2329 πρδ
959 2247 1064 2310 αἰώνων
1088 2245 1153 2330 οίτερ
1175 2251 1277 2330 μητρός
1297 2250 1345 2330 ρύς
1362 2249 1394 2310 ἐκ
1412 2251 1527 2330 πατρός.

227 2368 294 2429 ἀλλ’
307 2363 362 2428 οἷον
386 2369 420 2444 δή
443 2390 474 2427 σε
497 2371 562 2445 ήμῑν
586 2370 698 2449 ἀγαθόν,
723 2371 790 2449 όπερ
813 2370 890 2450 ἔφην,
917 2369 1000 2430 ὁκαὶ
1022 2376 1076 2429 τῶν
1100 2370 1195 2430 ἀλλων
1217 2373 1283 2446 ήμῖν
1306 2371 1419 2450 ἀγαθῶν
1443 2369 1528 2448 δοτὴρ

228 2488 396 2569 ἐδωρήσατο,
424 2491 550 2566 κλίμακα
572 2511 603 2550 τε
631 2491 735 2570 ἐπάρας
757 2489 804 2550 καὶ
831 2491 998 2570 ύραπλῶσας
1021 2513 1052 2552 σε
1078 2495 1197 2572 γέφυραν
1224 2494 1292 2572 τρδς
1320 2495 1431 2571 ούρανδν
1455 2493 1527 2552 ἀνά-

227 2615 369 2690 γουσανή
397 2613 569 2690 μετάγουσαν
591 2612 622 2671 τό
650 2612 826 2692 ἀνθρώπινον,
854 2613 911 2672 οὔδ’
925 2612 949 2672 εἰ
975 2610 1117 2687 ξύμπαντα
1138 2615 1183 2673 ’.δν
1211 2615 1322 2694 ούρανδν
1344 2615 1413 2692 πρδς
1435 2615 1527 2692 ρωνὴν

228 2733 395 2809 ἁναλυθῆναι
423 2733 487 2808 μίαν
512 2735 631 2814 ἐγένετο,
660 2732 745 2807 ἀξίως
767 2737 800 2794 ἐν
828 2730 905 2810 οἶμαι
926 2738 1096 2814 ήρμήνευσεν
1118 2739 1136 2810 ή
1162 2733 1297 2810 ἐξύμνησε
1319 2737 1350 2794 τό
1374 2736 1526 2813 μεγαλεῖον

227 2859 273 2915 τού
297 2851 385 2935 δώρου
411 2856 503 2915 τούτου
525 2856 556 2915 τό
584 2853 716 2929 ἀξιόθεον,
763 2857 824 2935 ,,τίς
846 2856 899 2936 γὰρ
928 2857 1051 2930 λαλήσει
1072 2857 1122 2928 τὰς
1145 2853 1303 2928 δυναστείας
1325 2860 1372 2918 τοῦ
1394 2856 1484 2938 κυρίου
1507 2859 1526 2928 ή

227 2977 268 3048 τίς
291 2977 425 3048 ἀκουστὰς
446 2981 554 3052 ποιήσει
576 2981 667 3050 πάσας
689 2978 738 3050 τὰς
761 2977 878 3050 αἰνέοεις
901 2979 1001 3038 αίιτούιι
1024 2979 1121 3053 ῆποία
1135 2977 1251 3056 γλῶσσα
1265 2977 1314 3050 τὰς
1335 2978 1465 3038 ἑκάστοτε
1481 2976 1526 3036 διὰ

228 3103 274 3159 σού
302 3097 461 3180 θεοσημίας,
494 3097 516 3159 ῶ
543 3103 752 3180 κεχαριτωμένη
775 3105 821 3160 τοῦ
848 3100 1023 3180 θεοῦλόγου
1052 3073 1147 3180 μῆτερ,
1180 3100 1382 3180 ἐκδιηγήσεται,
1415 3091 1457 3172 αἷς
1478 3095 1525 3157 καί

228 3221 258 3280 τδ
280 3227 329 3296 τῆς
352 3223 414 3281 θέον
438 3223 579 3301 στερέωμα
601 3221 717 3293 πίστεως
741 3223 817 3296 μένει
833 3222 1003 3302 ἀκράδαντον
1019 3220 1065 3281 καὶ
1081 3221 1209 3296 ἀσεβείας
1224 3223 1393 3301 καθαιρεῖται
1408 3221 1442 3280 τίι
1457 3220 1523 3298 ἐκχυ-

230 3343 343 3421 ρῶματα
366 3341 412 3402 καὶ
434 3344 452 3416 ή
476 3341 536 3421 ἱερὰ
558 3343 688 3422 θρησκεία
710 3344 781 3403 κατὰ
796 3345 911 3424 Χριστόν
935 3344 979 3403 ἐπὶ
1001 3342 1039 3423 τῷ
1062 3343 1185 3423 θεμελίῳ
1208 3349 1260 3403 τῶν
1278 3343 1438 3403 ἀποστόλων
1455 3343 1524 3422 ἐρα-

229 3464 316 3542 ρότως
349 3463 515 3543 ἐστήρικται·
546 3463 585 3535 τίς
617 3461 716 3536 ἐξείποι
747 3466 796 3537 τὰς
825 3471 878 3525 τῶν
910 3471 963 3526 σῶν
992 3467 1134 3542 θαυμάτων
1166 3464 1397 3544 μεγαλειότητος,
1425 3465 1463 3536 τίς
1491 3464 1523 3522 τὰ

228 3583 300 3642 κατὰ
323 3581 464 3663 διαρόρσυς
487 3585 596 3664 καιρούς
620 3583 783 3664 ἐξηγήσεται
806 3589 922 3667 τέρατα;
950 3587 989 3658 τίς
1014 3584 1165 3666 ἐξαγγελεῖ
1186 3607 1233 3645 σου
1242 3583 1265 3668 ¹)
1288 3585 1321 3646 τὰ
1345 3586 1484 3666 μεγαλεῖα
1506 3588 1523 3658 ή

229 3703 263 3764 τὰ
288 3702 432 3784 παράδοξα
461 3702 644 3781 ἐξυμνήσειεν,
673 3699 713 3779 οἷς
736 3707 782 3767 καὶ
810 3707 951 3781 βασιλείαν
975 3709 1116 3788 κρατύνεις
1138 3707 1185 3767 καὶ
1207 3707 1347 3787 καθαιρεῖς
1369 3705 1523 3788 τυραννίδας

228 3825 276 3887 καί
300 3827 343 3886 ἐπ’
358 3825 449 3886 ἑλπίδι
480 3826 592 3899 εύζωίας
623 3829 782 3905 μελλούσης
804 3832 834 3888 τδ
864 3831 978 3909 ρῦλονί)
1002 3833 1183 3906 κατασκηνοίς
1205 3831 1235 3888 τδ
1258 3832 1520 3908 χριστιανικῶτατονγ

231 3947 292 4023 ἐμοὶ
315 3947 346 4007 δὲ
370 3949 402 4024 δὴ
426 3949 466 4020 τίς
489 3953 522 4008 ἂν
544 3952 650 4028 γένοιτο
673 3952 771 4030 λόγος,
796 3947 818 4010 ῶ
840 3956 893 4011 τῶν
910 3951 1097 4032 ύπερκοσμίων
1114 3954 1238 4011 ἁπάντων
1253 3951 1455 4030 θεογεννήτρια,
1476 3949 1521 4022 τὴν

229 4077 282 4129 τῶν
304 4070 365 4151 περὶ
391 4071 440 4147 ἐμέ
464 4091 511 4130 σου
534 4073 690 4145 θαυμασίων
715 4071 745 4146 ἐξ
773 4074 889 4133 ἁπαλῶν
913 4073 1017 4151 όνύχων
1041 4071 1080 4142 είς
1102 4073 1165 4133 τόδε
1188 4072 1298 4146 ἡλικίας
1322 4073 1521 4148 μεγαλειότητα

229 4197 247 4267 ή
272 4194 367 4266 ἁπλῶς
392 4191 576 4271 ἐξηγούμενος
598 4198 616 4267 ἢ
639 4197 809 4276 πειρώμενος
833 4191 955 4269 ἐξυμνεῖν
978 4195 1025 4254 καὶ
1048 4197 1078 4254 τδ
1100 4201 1149 4270 της
1171 4193 1233 4274 περὶ
1256 4194 1308 4269 ἐμέ
1323 4215 1370 4252 σου
1387 4193 1420 4251 ἐκ
1442 4212 1520 4270 σπαρ-

230 4317 321 4392 γάνων
345 4316 383 4375 ἐτι
412 4318 596 4395 χρηστότητος
628 4313 813 4393 ἐξηγήσασθαι
843 4316 981 4396 πέλαγοςγ
1013 4321 1046 4375 τά
1068 4337 1098 4376 τε
1120 4319 1174 4396 γάρ
1198 4336 1244 4390 μοι
1266 4317 1333 4396 πρός
1355 4315 1470 4392 γένεσιν,
1500 4307 1520 4370 ὧ

337 4574 355 4638 ¹)
376 4589 414 4622 σοι
433 4575 468 4622 Μ.
540 4575 561 4636 ²)
581 4572 674 4638 φύλλον
693 4575 721 4624 C.
741 4575 846 4624 emend.
865 4575 899 4622 Μ.
