3194 5298
1258 371 1316 435 121

22 571 176 628 ιανσέπτου
202 573 300 628 σεπτοῡ
322 566 422 628 οἰκείου
443 573 477 648 τῇ
500 566 627 648 βασιλείᾳ
650 587 710 644 μου,
733 569 783 646 κῦρ
806 565 959 646 Νικηρδρου
980 571 1027 626 τοῦ
1049 565 1195 646 Μαρτίνου,
1236 565 1264 624 ἐν
1287 563 1318 624 δέ

22 690 52 768 ιζ)
79 688 172 770 καιρῷ
194 696 247 766 τίς
269 690 425 768 συγχύσεως
448 688 584 770 ἐκρατήθη
606 688 690 748 πάλιν
714 689 777 748 αθτδ
799 687 846 748 καὶ
870 688 952 763 ἐδόθη
974 689 1041 768 πρδς
1055 689 1100 748 τδν
1115 693 1232 748 τοιοῦτον
1247 690 1318 747 ποίν-

22 835 118 874 ιεπτον
143 815 243 873 σεπτὸν
259 813 394 893 Μαρτίνον
417 812 462 872 διὰ
484 813 646 891 γράμματος
667 814 712 870 τοῦ
735 809 807 870 θείου
829 816 878 887 τῆς
901 809 1043 886 βασιλείας
1066 831 1126 888 μου,
1149 813 1195 869 τοῦ
1219 809 1317 884 ἐνμο-

22 939 119 1014 ιαχοίς
143 935 237 1016 κυρίου
260 935 418 995 Καλλίστου
440 938 486 1032 τοῦ
510 935 716 1013 Παλαιολὸγου,
741 934 775 994 δι’
790 935 891 1010 ἄμυναν
914 931 961 993 καί
982 933 1090 1012 κακίαν,
1112 935 1146 1007 ἣν
1170 927 1231 1010 εἶχε
1252 932 1338 1011 πρδς

22 1059 62 1116 ι’τν
89 1057 303 1136 θεοφιλέστατον
327 1057 471 1117 ἐπίσκοπον
486 1059 602 1134 Ζιχνῶν,
628 1059 666 1128 ὡς
689 1057 726 1132 μὴ
752 1053 943 1131 ἐνδειξάμενον
960 1053 999 1126 εἰς
1013 1055 1062 1129 τήν
1078 1054 1160 1128 αὐτήν
1177 1052 1319 1126 βασιλείαν

22 1201 72 1256 μου
97 1181 309 1257 εὐγνωμοσύνην
331 1179 389 1238 τινὰ
412 1179 441 1237 ἐν
463 1177 501 1257 τῷ
523 1179 633 1256 τοιούτῳ
655 1177 750 1257 καιρῷ.
776 1173 835 1236 εἶτα
858 1176 953 1250 λαβὼν
975 1179 1054 1248 αίιτδς
1069 1171 1107 1260 [δ]
1122 1176 1219 1247 σεπτδς
1234 1175 1318 1254 Μαρ-

22 1305 93 1374 τίνος
109 1301 157 1361 καί
173 1302 334 1381 ἀποκρύψας
347 1301 378 1360 τδ
393 1303 509 1360 τοιοῦτον
525 1297 655 1378 αγρίδισν,
673 1299 764 1378 ἐδόθη,
788 1301 826 1369 ὡς
842 1297 954 1378 εἴρηται,
979 1298 1024 1358 διὰ
1035 1297 1241 1388 χρυσοβούλλου
1252 1298 1320 1376 προς

22 1427 69 1497 τήν
94 1422 245 1503 εἰρημένην
268 1422 417 1498 σεβασμίου
440 1424 535 1502 μονήν,
560 1417 640 1508 [ἥτις]
661 1420 803 1500 ἐπορίσατο
826 1423 988 1501 πρόσταγμα
1010 1418 1056 1479 καί
1077 1419 1152 1500 παρὰ
1172 1421 1219 1478 τοῦ
1242 1418 1320 1496 ἁγίου

24 1547 152 1605 αὐθέντου
176 1543 224 1605 καί
244 1544 393 1622 βασιλέως,
416 1547 462 1604 τοῦ
480 1546 590 1604 πάππου
604 1548 655 1618 τῆς
670 1540 812 1616 βασιλείας
828 1561 888 1622 μου,
912 1540 958 1602 καί
974 1541 1074 1616 ἐδεήθη
1091 1539 1152 1620 περὶ
1166 1541 1258 1600 τοίιτου
1273 1537 1320 1600 καί

25 1669 269 1746 ταρεκλητείισατο
291 1667 339 1740 τὴν
363 1665 504 1739 βασιλείαν
527 1687 579 1740 μου
594 1665 608 1724 δ
625 1662 782 1744 διαληφθεὶς
798 1665 1004 1742 θεοφιλέστατος
1022 1665 1175 1744 ἐπίσκοπος,
1199 1665 1258 1739 ἥτις
1272 1661 1321 1724 καί

25 1797 74 1864 τής
95 1791 222 1865 δεήσεως
237 1791 316 1849 αὑτοῦ
332 1788 506 1848 ἐπακούσασα
522 1789 580 1865 ἔχει
596 1788 708 1862 θέλημα
721 1785 768 1847 καί
785 1785 927 1866 διορίζεταί
941 1807 993 1866 σοι,
1017 1788 1055 1856 ὡς
1071 1785 1145 1857 αὖθις
1160 1788 1320 1866 ήγουμένως

29 1912 188 1993 ἀποστάσης
210 1909 264 1970 ἀπὸ
286 1913 332 1969 τοῦ
354 1911 471 1970 τοιούτου
492 1911 642 1969 πανσέπτου
665 1913 761 1968 σεπτοῦ
782 1913 828 1968 τοῦ
844 1907 980 1988 Μαρτίνου
1003 1909 1034 1968 τδ
1054 1909 1117 1968 αθτδ
1138 1907 1258 1988 ἀγρίδιον
1273 1905 1320 1967 καί

27 2033 194 2115 ταραδώσῃς
224 2035 301 2092 τοῦτο
330 2031 413 2091 πάλιν
442 2033 510 2111 πρὸς
531 2031 563 2091 τδ
586 2033 669 2110 μέρος
690 2035 740 2108 τῆς
762 2029 954 2110 διαληρθείσης
977 2030 1128 2105 σεβασμίας
1150 2034 1244 2108 μονῆς,
1273 2027 1320 2090 καί

30 2158 134 2239 κατέχῃ
156 2153 205 2215 καί
227 2157 345 2230 νέμηταί
366 2157 443 2214 τοῦτο
466 2153 659 2232 δνενσχλήτως
681 2150 727 2212 καί
750 2151 925 2224 ἀδιατείστως
947 2151 994 2211 καί
1016 2153 1087 2211 κατὰ
1108 2152 1157 2226 τήν
1174 2150 1319 2232 περίληψιν
1352 2183 1355 2188 ,

30 2283 73 2336 τοῦ
100 2277 349 2356 ἐπιχορηγηθέντος
377 2273 448 2354 αὑτῷ
475 2273 683 2355 χρυσοβοθλλου
710 2278 755 2334 τοῦ
778 2273 856 2354 ἁγίου
880 2295 930 2349 μου
954 2275 1078 2334 αίνθέντου
1101 2273 1148 2333 καὶ
1172 2273 1320 2352 βασιλέως,

30 2403 73 2457 τοῦ
94 2401 205 2458 ποίππου
227 2403 276 2474 τῆς
299 2397 443 2472 βασιλείας
465 2419 526 2478 μου,
549 2395 596 2457 καί
620 2396 697 2458 οὺδέν
721 2397 829 2480 εὑρίσκῃ
851 2397 881 2456 τδ
902 2397 986 2478 μέρος
1008 2398 1090 2482 αὑτῆς
1106 2395 1149 2456 ἐπί
1164 2401 1198 2478 τῇ
1215 2400 1320 2476 μετοχῇ

31 2520 76 2578 καί
103 2525 175 2602 νομῇ
205 2518 252 2579 καί
281 2525 346 2579 πᾶσι
375 2522 431 2591 τοῖς
461 2517 573 2591 δικαίοις
604 2520 683 2578 αὐτοῦ
711 2516 771 2578 οὔτε
798 2518 872 2598 παρὰ
897 2523 944 2578 τοῦ
971 2505 1143 2594 δηλωθέντος
1169 2519 1320 2578 πανσέπτου

33 2647 124 2702 σεπτοί
146 2646 193 2702 τοῦ
209 2641 355 2722 Μαρτίνου,
380 2639 439 2701 οὔτε
462 2641 526 2722 παρ’
535 2641 624 2700 ἄλλου
647 2643 717 2712 τινὀς
736 2646 789 2700 τῶν
806 2642 929 2700 ἁπάντων
946 2628 985 2712 είς
1000 2644 1077 2701 τοῦτο
1092 2639 1319 2700 καταδυναστείαν

33 2767 52 2837 ἢ
79 2763 248 2842 διενόχλησίν
278 2783 337 2823 τινα
367 2763 413 2822 καί
444 2763 570 2842 ἐπίθεσιν,
603 2765 670 2843 πρδς
702 2762 733 2822 δὲ
762 2765 807 2822 τδν
833 2765 952 2823 τοιοῦτον
978 2765 1128 2822 πάνσεπτον
1156 2763 1251 2822 σεπτδν
1274 2763 1320 2820 τὀν

37 2886 167 2964 λίαρτῖνσν
182 2885 365 2968 οἰκονομήσης
380 2884 425 2945 καί
442 2885 508 2966 δοθῇ
524 2886 576 2945 ἀπδ
594 2884 834 2962 ἐξαλειμματικῶν
849 2884 895 2945 καί
911 2884 1063 2964 ἐλευθέρων
1078 2890 1156 2944 τινῶν
1175 2879 1318 2968 [στάσεων]
1394 2905 1399 2916 ·

38 3006 162 3070 ίτὲτοσον.
187 3010 231 3069 τὀν
253 3006 315 3090 περὶ
337 3008 428 3068 τούτου
452 3003 496 3068 οὖν
519 3010 618 3068 σκοτδν
640 3005 687 3068 καί
708 3009 738 3067 τδ
754 3008 865 3084 θέλημα
879 3013 929 3083 τῆς
945 3005 1087 3081 βασιλείας
1103 3027 1154 3081 μου
1169 3006 1318 3081 καταλαμ-

40 3129 122 3202 βάνεις
143 3128 190 3190 καὶ
213 3130 398 3206 ἐπεμελήθητι
421 3127 468 3189 καί
490 3129 688 3210 ἀποπλήρωσον
711 3129 782 3189 κατὰ
801 3131 846 3189 τδν
860 3131 981 3209 παρόντα
996 3129 1113 3208 ὁρισμόν,
1137 3129 1166 3186 δν
1181 3125 1228 3187 καί
1244 3127 1318 3186 οίντί-

42 3256 142 3330 πρειξιον
164 3253 232 3333 πρδς
254 3253 284 3311 τδ
309 3253 392 3332 μέρος
413 3258 462 3328 τής
485 3251 678 3332 διαληφθείσης
701 3253 851 3340 σεβασμίας
875 3257 960 3328 μονῆς
983 3251 1026 3312 ἐπὶ
1048 3249 1087 3330 τῷ
1101 3252 1236 3331 προσεῖναι
1253 3251 1319 3332 αὐτῇ

43 3370 225 3452 δι’ίσριίλειαν
247 3378 273 3450 ή.

134 3501 150 3571 †
164 3491 249 3573 Εἶχε
263 3495 319 3555 καί
336 3495 523 3578 δι’ἐρυθρῶν
539 3499 742 3576 γραμμάτων
758 3503 817 3574 τῆς
832 3497 1011 3572 βασιλικῆς
1025 3493 1081 3556 καί
1096 3495 1188 3567 θείας
1203 3495 1320 3575 χειρδς

45 3617 84 3688 τῇο·
115 3619 280 3697 Στέφανος
301 3618 446 3699 κρσίλης,
471 3617 548 3694 μηνί
570 3620 740 3698 αθγοίιστῳ
762 3615 789 3694 η’
813 3623 839 3695 ή.

136 3748 278 3802 Ioannides
293 3747 344 3802 Nr.
365 3751 391 3802 8.

293 3982 421 4047 XXIII.
446 3983 521 4048 Sine
544 4005 638 4064 anns,
661 3984 691 4046 4.
715 3983 835 4046 mensis
858 3981 1057 4066 septembris.

53 4141 99 4196 Ῑίωι
112 4145 258 4217 Stephanus
274 4147 374 4202 Dusan
392 4149 527 4203 ιιιοαααίιίσ
550 4149 707 4202 monasten'i
722 4147 750 4202 S.
769 4149 880 4202 Ioannis
899 4149 928 4201 in
947 4154 1032 4202 monte
1049 4148 1188 4201 Menoeceo
1203 4147 1321 4200 concedit

136 4304 138 4308 Α
191 4251 357 4321 facultatem
372 4253 522 4307 collocandi
534 4253 650 4306 homines
666 4253 761 4306 liberos
777 4255 806 4306 ιἰι
821 4253 1034 4322 possessionibus
1050 4269 1149 4305 comm.

287 4437 444 4517 Ὁρισμδς
466 4442 522 4498 τοῦ
544 4437 655 4517 κρσίλη
679 4438 732 4496 διὰ
753 4438 829 4510 τους
853 4438 1061 4516 ἐλευθέρους.

85 4595 87 4600 ’
137 4593 242 4670 ήἘπεί
268 4595 293 4654 οί
316 4592 433 4673 μοναχοί
455 4600 505 4670 τῆς
528 4593 677 4670 σεβασμίας
701 4600 787 4670 μονῆς
805 4597 851 4653 τοῦ
866 4595 953 4668 τιμίου
969 4590 1079 4666 ἐνδόξου
1094 4593 1229 4673 προφήτου
1244 4593 1320 4671 Προ-

57 4705 134 4784 ἒρόμου
158 4709 203 4776 καί
225 4719 375 4776 Βαττιστοίι
399 4717 525 4774 Ἰωάννου
551 4721 601 4789 τῆς
628 4715 657 4774 ἐν
685 4713 722 4793 τῷ
746 4716 890 4792 Μενοικέῳ
913 4715 1086 4790 διακειμένης
1110 4715 1248 4794 ἀνέφερον,
1280 4715 1319 4772 ὅτι
