3240 5286
246 273 309 338 288

245 467 322 543 λαβῆ
347 467 484 542 διδόμενοι
506 467 600 528 ἄδειαν
622 473 669 528 τοῦ
692 469 832 538 δεσπόζειν
855 466 902 528 καὶ
924 469 1055 549 κυριεθειν
1077 469 1219 529 πάντατὰ
1241 473 1287 529 τοῶ
1302 473 1367 529 ναοῦ
1382 471 1534 550 πράγματα,

246 592 284 662 ώς
308 589 412 649 ἀνωθεν
436 588 548 670 εἴρηται,
578 589 758 667 ἐργαζόμενοι
779 590 813 648 τά
834 593 1007 670 προσήκοντα
1028 589 1075 650 καὶ
1097 594 1235 662 ποιοῦντες
1257 590 1291 650 τά
1313 591 1458 650 κάλλιστα.
1491 591 1535 650 καὶ

246 711 317 788 μετὰ
339 712 454 772 θάνατον
476 711 551 786 ὑμῶν
574 711 680 770 ἔσονται
703 711 827 790 διάδοχοι
849 710 876 770 οί
896 713 1047 793 καλόγεραι
1070 712 1145 787 ὑμῶν
1167 713 1330 792 πράττοντες
1352 710 1400 772 καὶ
1422 706 1536 772 οὗτοιτά

246 835 386 914 εθάρεστα,
407 833 500 904 καθώς
523 831 736 912 δεδηλώκαμεν,
759 832 805 893 καὶ
829 831 927 909 μηδεὶς
950 834 1024 894 ἐσται
1046 834 1061 892 θ
1081 833 1232 913 ἀντιλέγων
1248 835 1341 910 όμῖνῆ
1358 834 1536 914 παρενοχλῶν

245 958 263 1030 ἡ
286 957 420 1036 πειράζων
442 959 460 1030 θ,
484 955 587 1015 ἀθετῶν
610 957 640 1014 τό
669 957 755 1036 παρόν
786 953 940 1035 διαθηκῷον
969 955 1103 1036 ἡμέτερον
1132 957 1258 1036 γράμμα.
1303 953 1326 1014 εἰ
1350 955 1382 1015 δέ
1404 975 1444 1028 τις
1465 955 1536 1015 ἀντι-

245 1077 339 1137 τείνων
369 1073 416 1136 κοά
446 1075 564 1136 ἀπειθῶν
592 1075 734 1136 ἐπὶτοῦτο
757 1077 913 1156 φανήσεται,
944 1075 1040 1147 ὁποίας
1063 1075 1087 1136 δ’
1100 1078 1133 1136 ἀν
1157 1076 1254 1156 μοίρας
1276 1075 1328 1152 είη,
1352 1075 1535 1156 ίερωμένοςῆ

246 1197 355 1274 λαϊκός,
379 1195 435 1271 ἕξει
458 1197 507 1269 τὰς
530 1196 597 1278 ἀρὰς
620 1205 673 1258 τῶν
695 1195 729 1256 σι’
744 1197 790 1256 καὶ
813 1195 841 1272 η’
864 1199 1000 1276 θεοφόρων
1022 1199 1147 1278 πατέρων
1168 1203 1223 1257 τῶν
1239 1197 1267 1257 έν
1283 1197 1387 1280 Νικαίᾳ
1401 1199 1533 1275 συναθροι-

247 1321 362 1380 σθέντων
389 1319 436 1380 καὶ
463 1322 571 1380 πάντων
598 1326 651 1379 τῶν
674 1319 760 1398 ἁγίων
783 1317 830 1379 καί
851 1321 931 1395 ἡμῶν
953 1325 1006 1380 τῶν
1030 1319 1195 1400 ἐλαχίστων,
1226 1319 1294 1394 όμοθ
1317 1321 1349 1380 δέ
1372 1341 1406 1400 γε
1427 1320 1472 1380 καί
1493 1323 1534 1379 τὀν

247 1436 397 1527 μεγ[άλον]
408 1442 548 1502 Νικόλαον
565 1440 697 1502 ἀντίδικον
715 1439 743 1500 ἐν
759 1441 798 1519 τῷ
812 1445 857 1500 νῦν
869 1437 945 1501 αἰῶνι
956 1439 1003 1501 καὶ
1016 1441 1045 1501 ἐν
1057 1442 1095 1520 τῷ
1105 1443 1247 1521 μέλλοντι,
1263 1443 1278 1500 δ
1291 1443 1328 1518 μὴ
1340 1444 1533 1523 παραχωρῆσαι

246 1563 335 1643 κίνριος
362 1564 377 1622 ό
400 1565 462 1636 θεός
484 1584 533 1624 τινι
554 1569 608 1623 τῶν
630 1569 791 1644 χριστιανῶν
813 1564 977 1624 πεπονθέναι
999 1561 1045 1622 καὶ
1067 1565 1176 1646 τοιαύτη
1200 1564 1254 1646 ἀρᾷ
1275 1567 1440 1644 περιπεσεῖν,
1473 1561 1533 1623 ἀλλ’

246 1687 338 1766 ῶσπερ
359 1689 443 1745 ταῦτα
466 1683 658 1761 διεταξάμεθα,
683 1687 752 1746 οθτω
774 1683 821 1746 καὶ
843 1686 963 1761 θέλομεν
986 1687 1076 1762 μένειν
1100 1685 1221 1760 βεβαίως
1243 1685 1278 1746 τά
1295 1688 1479 1766 γεγραμμένα
1492 1687 1534 1744 καὶ

247 1805 459 1888 ἀπαρασσίλευτα
490 1807 529 1880 εἰς
560 1806 646 1868 αἰῶνα
675 1811 720 1868 τόν
751 1809 866 1888 ἅπαντα,
898 1807 1011 1868 ἐνώπιον
1035 1809 1135 1879 παντός
1156 1827 1187 1867 τε
1210 1808 1365 1868 δικαστικοῦ
1387 1809 1533 1888 προσώπου,

247 1929 388 2010 ἀρχόντων
417 1929 464 1990 καί
494 1926 666 2011 ἀρχομένων,
697 1929 852 2010 ἱερωμένων
884 1927 931 1989 καί
962 1930 1082 1990 λαϊκῶν·
1113 1930 1205 1990 τοὺτου
1228 1930 1281 2010 γὰρ
1311 1932 1392 2010 χάριν
1417 1931 1532 2008 ἐγεγόνει

245 2050 292 2111 καί
313 2053 344 2112 τ“ο
367 2053 454 2133 παρὀν
477 2054 610 2133 ἡμέτερον
631 2053 819 2133 διατακτηριον
835 2054 952 2132 γράμμα
966 2051 1013 2112 καὶ
1029 2052 1146 2130 ἐπεδόθη
1162 2051 1201 2133 τῷ
1218 2051 1354 2132 εἰρημένῳ
1369 2051 1532 2127 πνευματικῷ

245 2173 335 2255 πατρί,
364 2173 437 2254 κυρῷ
461 2174 599 2254 Νεορθτῳ,
629 2145 732 2256 καίτῇ
755 2172 864 2256 συνοδίᾳ
888 2175 966 2234 αὐτοῦ
989 2173 1027 2247 εἰς
1050 2175 1210 2254 ἀσφάλειαν,
1243 2175 1276 2234 ἐν
1299 2173 1378 2250 μηνὶ
1401 2195 1532 2248 σεπτεμ-

246 2293 330 2374 βρίῳ
351 2293 410 2376 κε’,
435 2294 487 2356 ἐπὶ
510 2297 604 2368 έτους
628 2294 703 2377 ,ζνη’
726 2293 784 2355 ἰνδ.
808 2294 835 2372 η’
859 2300 884 2373 †.

350 2425 456 2480 Ατσίιεί.
477 2423 563 2478 chart.
580 2425 610 2478 άα
628 2425 790 2478 monasterio
806 2423 944 2478 Βατίιιαιιι
962 2421 1153 2478 Μείεοσοιταιι.
1186 2424 1342 2479 Εάίάοταιιί
1361 2425 1532 2480 Ducite-mee!

246 2531 345 2601 Βαμιί,
361 2527 491 2586 Μώκοίτσ
505 2547 555 2584 σαι
568 2547 621 2584 une
636 2529 746 2584 ιπῶιίυιι
761 2545 799 2582 au
815 2535 887 2584 mont
901 2527 993 2584 Λώου.
1011 2529 1104 2583 Paria.
1124 2529 1216 2584 1876.
1228 2547 1260 2598 p.
1280 2531 1353 2584 234.

490 2815 565 2881 XV.
599 2814 822 2892 7305-1797,
848 2836 958 2879 mense
981 2817 1104 2900 martio,
1128 2813 1194 2880 ind.
1219 2815 1294 2881 XV.

247 2983 414 3040 Ραίσίατσίια
434 2982 583 3054 δαιμονίαν
606 2982 636 3036 V.
658 2983 820 3037 monasterio
845 2981 972 3051 Vivificae
989 2979 1082 3036 θ’ωιίίυ
1103 2983 1239 3036 ininsula
1254 2983 1327 3036 Ροτο
1343 2982 1479 3052 confirmat
1486 2982 1526 3050 ρὐι

786 3087 998 3158 σίαατορερίιιιιι.

350 3279 366 3350 †
397 3273 591 3354 Γρηγόριος,
623 3274 709 3352 ἐλέῳ
740 3273 817 3333 θεοῦ
848 3273 1111 3352 ἀρχιεττίσκοπος
1141 3273 1523 3346 Κωνσταντινουττόλεως,
1581 3249 1583 3333 ί

247 3395 338 3467 Νέας
362 3396 502 3474 Ῥώμης,
524 3393 580 3454 καὶ
603 3392 838 3469 οίκουμενικδς
859 3396 1070 3475 πατριάρχης
1093 3399 1119 3472 †.

350 3522 366 3592 †
389 3513 465 3576 Ὀσα
495 3517 547 3591 μὲν
575 3517 646 3575 κατὰ
674 3515 735 3589 τοθς
765 3514 854 3589 θείους
876 3516 993 3590 θεσμοὺς
1015 3515 1144 3589 καὶτοὺς
1166 3516 1254 3597 ίεροίις
1277 3517 1469 3588 ἀποοτολτκοθς
1487 3512 1523 3575 καί

246 3637 400 3709 ουνοδικοθς
422 3639 540 3708 κανόνας
562 3633 691 3717 τυγχάνει
715 3636 965 3719 διακυβερνώμενα,
987 3638 1098 3713 πολλὴν
1123 3639 1215 3717 ἔχουσι
1236 3639 1285 3715 ’τήν
1299 3637 1382 3718 χάριν
1397 3639 1468 3720 παρά
1481 3635 1523 3713 θεῷ

246 3753 293 3820 καί
315 3760 345 3818 τδ
367 3758 452 3831 κλέος
475 3760 612 3838 μέγιστον,
637 3760 687 3818 όσα
710 3758 742 3819 δὲ
763 3759 914 3820 τοθναντίον
936 3759 1101 3840 παραβαίνει
1122 3765 1175 3820 τῶν
1199 3759 1268 3841 ἀρων
1292 3761 1482 3841 ἐκτρεπόμενοι,
1502 3759 1523 3817 έν
1572 3733 1575 3849 ί

245 3883 348 3954 τοότοις
369 3881 508 3964 προφανὴς
530 3879 577 3941 καί
598 3883 616 3956 ἡ
639 3881 767 3962 ἀκοσμία,
790 3882 950 3958 κατάδηλος
972 3884 989 3958 ἡ
1013 3883 1098 3963 ρθορά
1120 3881 1166 3942 καὶ
1191 3881 1235 3942 ἐπὶ
1250 3888 1330 3943 πᾶσιν
1345 3885 1362 3959 ἡ
1378 3887 1432 3943 τῶν
1446 3885 1523 3960 ψυχῶν

246 4001 386 4066 ἀπώλεια·
418 4003 443 4064 εί
464 4007 528 4086 γάρ,
552 4005 675 4086 καθάπερ
698 4007 723 4064 οἱ
745 4003 807 4086 περὶ
829 4012 882 4065 τῶν
905 4006 967 4065 καθ’
981 4007 1081 4066 ἕκαστα
1105 4003 1261 4082 ἐκκλησιῶν
1283 4009 1373 4088 νόμοι,
1405 4007 1469 4065 οίιτω
1488 3999 1523 4063 καί

246 4125 271 4186 οί
293 4125 355 4207 περὶ
376 4133 430 4187 τῶν
453 4132 695 4208 σταυροπηγιακῶν
718 4125 904 4207 μονοιστηρίων
927 4133 980 4186 τῶν
1003 4127 1053 4186 θπδ
1075 4127 1113 4206 τῷ
1135 4128 1198 4187 καθ’
1211 4129 1284 4202 ἡμᾶς
1304 4125 1475 4204 ἀποστολικῷ
1488 4121 1522 4184 καὶ

246 4247 425 4328 οἰκουμενικῷ
448 4250 534 4330 θρόνῳ
558 4249 772 4330 ἀπαρατρέπρως
795 4249 1000 4328 διεφυλάττοντο
1023 4248 1070 4308 καὶ
1093 4257 1141 4326 τῆς
1163 4244 1234 4308 κατὰ
1257 4251 1357 4324 νόμους
1380 4243 1521 4325 ἐπιμελείας
1565 4307 1566 4363 γ

245 4369 291 4430 καὶ
313 4371 478 4452 προστασίας
500 4371 615 4430 κάκεῖνα
637 4367 760 4446 ἠξιοῦντο
783 4370 857 4452 παρὰ
878 4375 932 4430 τῶν
956 4370 999 4431 ἀεὶ
1020 4373 1282 4452 πατριαρχευόντων,
1305 4371 1355 4431 οθκ
1374 4373 1408 4430 ἀν
1427 4375 1520 4431 τοσαῦτα
1563 4371 1565 4427 ί

245 4491 292 4553 καὶ
313 4493 464 4569 τηλικαῦτα
486 4493 519 4551 τὰ
542 4492 618 4552 δεινὰ
640 4494 696 4563 τοῖς
720 4492 908 4572 μοναστηρίοις
931 4493 1097 4562 συνέβαινεν.
1143 4491 1211 4552 ἀλλ’
1224 4490 1330 4572 ἐπειδή,
1355 4491 1406 4552 οθκ
1427 4491 1519 4566 οἴδαμεν

246 4618 329 4696 όττως,
352 4621 404 4675 τῶν
429 4615 508 4694 ἱερῶν
530 4615 772 4695 παρημελημένων
795 4617 886 4689 νόμων
910 4612 950 4687 είς
971 4615 1100 4690 τοσαθτην
1121 4615 1260 4696 προῆλθον
1277 4613 1471 4674 ἀκαταστασίαι
1483 4610 1516 4670 καί
