3194 5298
170 331 173 336 ’
230 363 291 428 158

228 563 342 636 σαυρῶν,
366 559 405 628 ὡς
428 557 501 618 ἔοικε
511 554 544 641 ¹),
568 559 597 618 τό
619 560 710 617 πιστόν
732 559 845 635 ἔχοντα·
870 555 916 616 καί
932 553 1015 616 τᾶλλ’
1028 559 1097 630 όμού
1112 559 1233 617 καθόλου
1249 559 1384 635 συνελεῖν,
1417 559 1545 625 ἅπαντας

229 679 298 761 ὡςῖ)
322 679 452 759 μεγίστης
475 681 559 752 όντως
582 680 733 754 ἐκκλησίας
754 679 801 738 καὶ
823 682 1050 761 πολυθρέμμονος
1072 681 1196 760 ἀρχιερεῖ
1218 679 1265 739 καί
1279 681 1386 752 ποιμένι
1407 677 1471 747 δεῖ,
1498 675 1547 734 καὶ

229 801 298 862 ἐστίν
327 802 529 882 ἐργωδέστατον
553 803 619 876 όμού
642 799 689 861 καί
712 802 813 881 σφόδρα
835 804 946 861 σπάνιον
970 799 1008 860 ἑνί
1031 799 1193 879 ξυλλαχεῖν,
1225 802 1317 880 ὥσπερ
1341 799 1385 860 ἐπ’
1401 799 1488 878 αὐτῷ
1511 798 1546 870 δή

227 923 385 1004 προδήλως,
408 923 469 1004 περὶ
492 917 522 984 ού
545 928 590 984 νύν
613 926 628 983 ό
647 923 735 1002 λόγος
750 924 834 984 ἐστίν·
858 923 904 984 καὶ
920 923 1058 1003 μηκύνειν,
1083 925 1121 995 ὡς
1138 925 1236 1003 ἔοικεν,
1260 925 1290 983 ού
1306 923 1349 982 δεῖ
1362 923 1545 1002 περαιτέρω,

227 1046 301 1122 πλὴν
324 1048 390 1126 ὅπερ
415 1046 517 1106 άνωθεν
540 1047 555 1104 ό
578 1047 664 1124 λόγος
680 1043 885 1126 Ευνεωραμένος
902 1042 1066 1124 ἀπεφήνατο.
1090 1050 1206 1106 τοσαύτα
1221 1044 1255 1119 δὴ
1271 1047 1305 1105 τά
1320 1065 1350 1103 τε
1366 1048 1416 1103 τού
1437 1042 1548 1122 ἀνδρός

228 1163 299 1228 κατὰ
321 1169 384 1228 θεόν
408 1166 613 1243 εύδοκιμήματα
635 1167 682 1228 καί
705 1170 735 1228 τό
759 1175 808 1244 τῆς
830 1167 971 1239 πολιτείας
994 1166 1108 1228 καὶτοῦ
1132 1167 1191 1242 βίου
1212 1167 1358 1247 περιφανὲς
1380 1164 1435 1224 καὶ
1453 1165 1545 1244 ὑπερ-

227 1291 346 1371 ηρμένον
368 1289 416 1350 καί
438 1290 539 1369 σχεδον
560 1289 762 1370 ἀπαράμιλλον.
786 1289 833 1350 καὶ
848 1295 894 1351 τού
909 1310 942 1368 γε
958 1296 1008 1365 τῆς
1022 1291 1065 1350 ὑπ’
1076 1291 1154 1349 αύτθν
1170 1290 1322 1366 ἐκκλησίας
1337 1285 1445 1359 ἄστεος
1465 1283 1547 1356 αὖθις

228 1413 262 1472 τὰ
283 1416 418 1494 προσόντα
439 1415 555 1472 παντοῖα
576 1413 662 1492 καλά,
686 1414 756 1472 ὥστε
778 1417 829 1472 κᾶν
853 1415 923 1487 μόνα
945 1413 1003 1488 δῆτ’
1016 1412 1082 1483 ἴσως
1097 1419 1205 1488 κινῆσαι
1220 1417 1302 1472 ταῦτα
1316 1413 1366 1486 τῆν
1383 1409 1546 1486 βασιλείαν

229 1556 281 1611 μου
310 1536 378 1616 πρδς
405 1537 435 1594 τό
462 1540 643 1612 μεταποιῆσαι
664 1533 711 1594 καὶ
734 1534 897 1615 προβιβάσαι
919 1535 968 1609 τὴν
991 1535 1115 1610 τοιαύτην
1137 1535 1180 1594 ὑπ’
1194 1535 1272 1594 αύτδν
1296 1535 1463 1612 άγιωτάτην
1491 1532 1545 1590 ἐκ·

228 1656 346 1733 κλησίαν
369 1655 409 1729 εἰς
431 1657 545 1738 κρείττω
567 1654 694 1718 τινὰκαὶ
717 1657 888 1736 ὑψηλοτέραν
911 1659 1074 1717 κατάστασιν
1097 1655 1144 1717 καί
1164 1653 1241 1728 ἀξίαν
1256 1654 1303 1715 καί
1320 1655 1430 1731 βαθμδν
1450 1656 1543 1733 ύπερ-

228 1778 364 1860 κείμενον,
387 1779 439 1839 κᾶν
463 1777 518 1856 εί3)
542 1782 626 1856 μήπω
648 1780 789 1860 πρότερον,
813 1781 851 1850 ὡς
874 1779 988 1860 εἴρηται,
1011 1783 1121 1839 τοιαύτά
1134 1779 1313 1860 παραπλήσια
1329 1776 1377 1838 καὶ
1390 1779 1543 1855 γεγένητο

228 1900 276 1962 καί
297 1904 436 1977 νενόμιστο
458 1901 606 1981 γίγνεσθαι.
631 1899 678 1960 καί
699 1877 856 1982 ταύάῗσως,
880 1895 951 1982 ᾗπερ
975 1902 1051 1982 ἔφην,
1075 1902 1176 1973 ἱκανῶς
1200 1904 1232 1960 ἂν
1255 1895 1331 1978 εἶχεν
1355 1899 1493 1978 ἀφορμήν
1511 1917 1541 1954 τε

229 2024 320 2084 δοῦναι
349 2022 396 2084 καὶ
424 2025 555 2102 ύποφῆναι
587 2025 633 2083 τδν
661 2023 689 2082 ἐν
711 2025 814 2094 τούτοις
844 2024 925 2084 τύπον
947 2023 993 2082 καί
1021 2025 1113 2104 νόμον,
1148 2026 1163 2082 δ
1186 2023 1255 2098 δῆτα
1276 2020 1323 2081 καὶ
1345 2021 1542 2102 παραπλήσια

228 2146 295 2206 άττα
325 2144 390 2217 ίοως
420 2147 499 2226 ἕτερα
525 2146 665 2226 πρότερον,
700 2147 738 2217 ὡς
766 2146 850 2224 ἔοικε,
883 2143 930 2204 καί
954 2145 1094 2224 εἴργασται
1117 2144 1163 2204 καί
1186 2146 1234 2218 την
1258 2144 1287 2203 ἐν
1310 2145 1413 2213 τούτοις
1439 2141 1540 2222 ἀρχὴν

229 2267 361 2328 δέδωκεν.
385 2265 444 2326 ἐπεὶ
468 2265 499 2324 δὲ
522 2268 537 2325 ό
559 2287 588 2325 τε
610 2265 671 2346 περὶ
694 2267 793 2327 τούτων
817 2266 959 2339 βασιλειος
981 2268 1064 2342 νόμος
1079 2266 1239 2345 προλαβών,
1263 2267 1301 2334 ὡς
1319 2266 1395 2343 ἔφην,
1420 2263 1538 2342 ἐπαίρει

229 2385 276 2448 καί
297 2387 393 2448 δίδωσι
415 2387 460 2450 καί
484 2387 552 2448 αθτόι
575 2386 610 2464 δὴ
633 2390 708 2448 ταῦθ’
717 2387 751 2472 ⁴),
777 2390 846 2468 ἅπερ
871 2387 984 2468 εἴρηται,
1007 2386 1208 2468 σφόδρακινεῑ,
1231 2387 1276 2446 σύν
1292 2385 1348 2464 θεῷ
1365 2386 1389 2444 δ’
1400 2384 1537 2466 εἰρήσθω,

229 2509 276 2570 καὶ
299 2511 329 2569 τό
345 2516 394 2587 τῆς
408 2511 546 2590 ἡμετέρας
562 2509 706 2586 βασιλείας
721 2511 875 2590 φιλόκαλον
890 2513 921 2570 τό
936 2511 1064 2570 πλεῖστον
1081 2511 1110 2570 ἐν
1125 2510 1209 2589 τούτῳ
1226 2509 1348 2584 μάλιστα
1363 2509 1536 2588 συναίρεται,

229 2631 276 2692 καὶ
299 2634 316 2706 ἡ
339 2631 400 2712 περὶ
422 2632 456 2692 τὰ
478 2632 618 2694 κάλλιστα
639 2632 686 2694 καὶ
709 2633 823 2712 θεοφιλῆ
845 2639 899 2693 τῶν
923 2633 1012 2713 ἔργων
1034 2635 1124 2712 χάριτι
1138 2637 1184 2692 τού
1200 2633 1262 2692 θεοῦ
1277 2629 1324 2691 καὶ
1338 2627 1534 2709 προμήθειαύ)
1594 2671 1595 2678 1

229 2755 327 2829 ταύτης
357 2754 485 2814 οιινειδεῖν
514 2754 548 2814 τὰ
578 2754 675 2814 δέοντα
705 2752 752 2816 καί
783 2753 928 2827 βουλεῦσαι
959 2753 1005 2814 καί
1033 2753 1168 2834 προθυμία
1189 2775 1219 2814 τε
1246 2751 1293 2812 καὶ
1320 2753 1423 2827 σπουδὴ
1448 2753 1535 2826 μάλα

229 2875 371 2959 ἐνεργδςύ)
400 2877 542 2938 ἐκτελέσαι
570 2898 600 2936 τε
627 2875 673 2936 καί
701 2879 824 2955 περόναι.
865 2878 898 2938 ἐκ
924 2879 1030 2936 πάντων
1059 2879 1112 2956 άρα
1139 2877 1238 2936 τούτων
1264 2879 1294 2935 τό
1321 2877 1440 2936 καινίσαι
1470 2873 1531 2955 τίῑ)

227 3002 295 3081 πρός
320 3002 351 3060 τό
378 3002 498 3079 κρεῖττον
527 2998 574 3060 καί
600 2998 764 3080 προβιβάσαι
786 2999 820 3058 τά
842 3005 891 3074 τῆς
912 3000 1037 3073 τοιαύτης
1060 3000 1213 3077 ἁγιωτάτης
1236 2997 1387 3074 ἐκκλησίας
1410 2999 1531 3071 Μονεμ-
1594 3027 1595 3030 ¹

229 3121 326 3196 βασύις
357 3122 525 3198 ἐδοκιμάσθη
547 3128 581 3204 τῇ
605 3121 733 3203 βασιλείᾳ
756 3143 818 3198 μου,
857 3120 905 3182 καί
927 3120 1014 3182 τοίνυν
1038 3123 1130 3200 φθάνει
1153 3121 1203 3196 μὲν
1225 3121 1279 3195 ήδη
1303 3123 1434 3200 πρότερον
1457 3141 1529 3200 προ-

228 3245 377 3304 θεσπίσατα
398 3243 445 3304 καί
468 3244 574 3319 βαθμόν
597 3265 655 3305 τινα
677 3251 731 3306 τῶν
754 3244 931 3326 ὑψηλοτέρων
956 3245 1030 3322 ἐχειν
1053 3244 1151 3318 ταύτην
1175 3241 1209 3318 δὴ
1232 3245 1280 3318 τὴν
1297 3244 1452 3322 άγιωτάτην
1469 3263 1527 3318 μη-

228 3366 356 3446 τρόπολιν
378 3365 425 3426 καί
447 3369 528 3428 τόπον
554 3366 613 3426 τινὰ
636 3365 787 3442 ἐκκλησίας
810 3367 906 3446 ἑτέρας
928 3365 974 3426 καὶ
997 3363 1072 3436 τάξιν
1094 3365 1317 3443 προεσβεσμένης
1339 3363 1385 3424 καὶ
1410 3363 1527 3443 ὡσπερεὶ

229 3489 429 3570 παρελθούσης,
460 3491 490 3549 ού
513 3489 568 3564 μὴν
598 3489 676 3548 ἀλλὰ
709 3487 756 3548 καί
784 3489 915 3566 μεγίστης
940 3486 1077 3571 ἑνορίαςύ)
1102 3487 1233 3576 ἐξαρχίαν
1256 3510 1286 3548 τε
1308 3486 1354 3548 καί
1378 3489 1529 3556 ἐπισκοπόις

229 3611 376 3690 ἀναλόγως
404 3608 590 3685 διαταξαμένη
617 3630 647 3669 τε
670 3609 716 3670 καὶ
738 3613 939 3690 προσηκόντως.
980 3610 1025 3672 ἐπὶ
1048 3611 1079 3670 δὲ
1103 3611 1170 3670 αὐτὰ
1193 3611 1227 3687 δή
1248 3616 1332 3671 ταῦτα
1353 3610 1400 3670 καί
1424 3631 1526 3690 χρυσο-

229 3733 343 3813 βούλλῳ
367 3734 550 3808 βεβαιωθῆναι
570 3729 616 3792 καὶ
631 3734 662 3792 τὸ
677 3735 768 3793 πιστόν
785 3735 882 3808 λαβεῖν
897 3733 944 3792 καὶ
959 3730 1089 3814 ἄτρεπτον
1106 3731 1257 3814 ἐξῃτήσατο
1273 3734 1288 3792 ό
1304 3732 1433 3812 ἀνωτέρω
1450 3733 1526 3812 εἰρη-

229 3859 310 3932 μένος
341 3855 487 3936 ἱερώτατος
517 3861 566 3930 τῆς
592 3855 717 3928 τοιαύτης
744 3857 897 3933 ἁγιωτάτης
926 3855 1075 3932 ἐκκλησίας
1104 3854 1280 3939 ἀρχιερεθςθ)
1308 3855 1425 3930 ἑτοίμως
1454 3879 1484 3915 τε
1510 3857 1526 3929 ἠ

229 3978 357 4053 βασιλεία
380 3998 431 4052 μου
454 3975 500 4036 καὶ
522 3977 555 4036 τόι
578 3983 627 4052 τῆς
650 3978 774 4052 τοιαύτης
797 3977 929 4052 αἰτήσεως
951 3975 1135 4058 προσεδέξατο
1158 3978 1205 4037 καί
1228 3979 1294 4058 πρός
1309 3980 1395 4057 πέρας
1411 3979 1525 4056 ἀγαγεῖν

228 4097 375 4176 ήυδόκησε.
414 4098 460 4158 καί
483 4098 569 4158 τοίνυν
591 4101 636 4158 τόν
659 4102 780 4178 παρόντα
803 4101 1008 4179 χρυσόβουλλον
1031 4100 1116 4179 λόγον
1139 4099 1269 4182 αύτῆςῑθ)
1293 4096 1417 4174 ἀπολύει,
1451 4099 1485 4160 δι”
1499 4092 1526 4157 ού

230 4221 275 4283 καί
299 4222 426 4298 βούλεται
450 4222 495 4280 σύν
519 4220 575 4299 θεῷ
597 4220 643 4281 καὶ
667 4222 775 4282 εύδοκεῖ
797 4221 844 4282 καὶ
867 4225 994 4298 θεσπίζει,
1018 4225 1062 4281 τόν
1078 4244 1118 4302 τε,
1142 4225 1180 4294 ὡς
1197 4223 1310 4303 εἴρηται,
1333 4226 1378 4282 νύν
1394 4225 1524 4302 προιστά-

335 4438 356 4504 ¹)
375 4435 447 4487 αὖτοῦ
470 4453 521 4488 om.
541 4435 574 4496 ὡς
594 4434 655 4488 ἔοικε
673 4427 711 4488 Rs
726 4440 753 4488 Z.
773 4435 807 4496 ὡς
826 4435 924 4502 άληθῶς
938 4441 968 4488 Β,
1039 4438 1061 4504 ²)
1080 4427 1114 4486 ὧν
1133 4439 1161 4488 Ζ.
1234 4439 1255 4504 ³)
1275 4437 1294 4487 εἰ
1313 4440 1389 4490 deest
1408 4441 1439 4492 R.
1453 4443 1482 4494 Β.
1497 4443 1523 4492 Ζ.

229 4535 251 4601 ⁴)
269 4535 344 4585 ταῦτα
356 4535 383 4585 Z.
456 4532 478 4602 ⁵)
496 4531 672 4601 προμηθείαΟ.
744 4534 765 4599 ⁶)
785 4532 879 4600 ἐνεργόν
892 4535 923 4584 R.
943 4535 984 4584 An
1004 4531 1128 4601 ἐνεργῶςθ
1201 4534 1221 4598 ί)
1235 4551 1258 4584 τε
1271 4536 1301 4584 Β.
1374 4537 1396 4602 ⁸)
1411 4536 1522 4604 μεγίστην

232 4629 324 4700 ἐνορίαν
338 4631 471 4681 Pandora.
543 4629 564 4696 9)
578 4627 752 4699 α’ργιερατυιῶς
769 4627 945 4698 προιστάμενος
958 4631 1005 4680 κίίἰ
1018 4631 1139 4692 editores,
1162 4631 1232 4696 apud
1245 4647 1312 4696 quos
1324 4631 1400 4682 donst
1412 4647 1524 4699 sequens

232 4723 335 4794 ἑτοίμως
354 4743 389 4793 γε.
462 4725 493 4790 ¹⁰)
514 4721 586 4788 αύτῆς
605 4725 642 4788 Ζ,
661 4726 691 4775 Β.
708 4741 755 4792 pro
775 4723 847 4788 αὐτῆς
865 4726 946 4776 θείνει
965 4725 991 4775 τά
1010 4743 1036 4793 γε
1055 4728 1102 4775 νῦν.
