3246 5288
243 339 309 404 394

241 535 279 614 τῷ
302 533 357 594 όντι
380 533 426 594 καί
447 535 662 614 χριστομίμητος
685 529 746 620 [ὢν]
754 531 779 617 ¹)
803 533 1007 616 όαδτοκράτωρ
1022 533 1068 594 καὶ
1083 536 1343 615 πορφυρογέννητος,
1366 537 1473 614 κόριος
1492 535 1561 592 Μα-

241 655 326 731 νουὴλ
348 658 363 716 ό
385 657 542 738 Κσμνηνός,
573 657 781 736 ἐπεχορήγησεν
812 659 901 728 αιίτσῑς
924 656 968 716 διὰ
997 655 1070 716 θείου
1092 656 1140 716 καὶ
1165 661 1350 737 προσκυνητοῦ
1379 657 1511 737 δρισμοό
1534 674 1564 712 τ·

241 777 354 855 ἐτησίως
376 777 530 854 λαμβάνειν
552 778 707 854 νομίσματα
728 778 879 860 τρικέφαλοι
900 782 1079 860 πεντήκοντα,
1103 778 1181 839 ἀλλὰ
1202 777 1249 839 καὶ
1270 780 1301 838 τό
1325 779 1388 859 ὅρος
1410 776 1471 840 καὶ
1494 773 1563 854 ταί)

239 899 319 980 πέριξ
341 901 420 962 αίιτοό
443 901 549 982 δωρεὰν
572 900 764 980 ἑπεχαρίσατο,
798 900 876 962 ἀλλὰ
898 900 944 962 καὶ
966 901 1014 979 τήν
1038 901 1197 977 μέλλουσαν
1220 902 1437 979 ἀνοικοδομῆσαι
1467 899 1565 976 μονὴν

239 1025 341 1095 παντός
362 1025 505 1104 προσώπου
529 1023 677 1102 ἐλευθέραν
698 1023 842 1102 πεποίηκε,
866 1024 911 1084 τόν
934 1043 964 1084 τε
986 1023 1057 1084 κατὰ
1080 1024 1129 1100 τὴν
1153 1025 1259 1106 ἐνορίαν
1284 1025 1419 1106 ἀρχιερέα
1446 1024 1565 1085 διεκώ-

240 1147 308 1208 λυσε
333 1145 367 1206 δι’
380 1147 472 1226 ἐτέρου
501 1148 711 1226 προστάγματος
733 1149 779 1206 τοῦ
802 1147 841 1221 μή
863 1165 923 1206 τινα
954 1143 1077 1217 ἐξουσίαν
1108 1147 1183 1224 ἐχειν
1213 1147 1284 1208 κατὰ
1305 1151 1355 1222 τῆς
1386 1152 1486 1222 μονῆς
1513 1144 1567 1205 καὶ

240 1275 294 1329 τῶν
318 1269 347 1329 ἐν
371 1270 438 1351 αἰτῇ
460 1268 636 1344 ἀσκουμένων
659 1275 800 1348 μοναχῶν,
824 1268 901 1329 ἀλλὰ
922 1269 1007 1344 μόνην
1022 1269 1071 1344 τὴν
1094 1269 1230 1350 άναφορόιν
1255 1270 1329 1348 ἐχειν
1352 1264 1531 1360 [ἐκέλευσε]
1540 1267 1566 1344 ³)

242 1388 357 1452 καὶτοῦ
387 1391 450 1451 θεοῦ
480 1389 797 1466 συναντιλαμβανομένου
824 1391 922 1462 αίντοϊς.
967 1389 1183 1470 ἀνῳκοδόμησαν
1214 1385 1316 1476 [σόνήί)
1338 1393 1369 1451 τό
1402 1393 1565 1471 εὐκτήριον

240 1510 280 1586 είς
303 1513 390 1588 ὄνομα
405 1517 454 1589 τῆς
476 1512 625 1593 ίιτεραγίας
647 1513 775 1574 θεοτόκου
797 1506 951 1587 τιμώμενον
966 1510 1013 1572 καί
1035 1511 1158 1572 κελλίων
1179 1511 1329 1591 όλιγοατῶν
1345 1514 1446 1592 γέγονε
1463 1533 1564 1593 περι-

239 1633 355 1711 ποίησις.
401 1633 470 1694 όδέ
495 1633 632 1709 δηλωθείς
653 1635 801 1714 γηραιδςθ)
824 1632 871 1694 καὶ
895 1634 974 1705 αὑτός
997 1635 1112 1709 μετέστη
1135 1636 1204 1714 πρδς
1225 1635 1325 1716 κόριον.
1366 1633 1562 1714 ἀπολειφθείς

237 1755 323 1816 τοίνυν
346 1755 360 1815 ό
384 1757 507 1834 μοναχδς
537 1759 613 1836 κῦρις
635 1752 766 1833 Ἰγνάτιος
794 1758 863 1831 μετά
891 1777 969 1816 τινων
997 1755 1125 1834 ἀδελφῶν
1148 1758 1178 1816 οὐ
1204 1755 1317 1828 πλείους
1341 1761 1396 1816 τῶν
1417 1759 1510 1817 πέντε
1538 1761 1559 1830 ἢ

239 1875 271 1950 ἐξ
294 1875 328 1956 ήν
351 1877 385 1938 τὰ
406 1877 445 1957 τῷ
468 1878 523 1957 θεῷ
546 1879 612 1958 φίλα
636 1879 833 1958 ἐργαζόμενος·
864 1877 911 1938 καί
933 1879 1025 1957 γόιφό
1053 1879 1160 1954 ἀληθής
1190 1879 1331 1960 ἅνθρωπος
1354 1885 1401 1940 τοῦ
1424 1881 1492 1940 θεοῦ
1521 1883 1558 1941 οὐ

238 2002 268 2060 τό
296 2001 391 2062 ἑαυτοῦ
422 2003 554 2080 συμφέρον
579 2001 678 2080 ἐζήτει,
710 2001 787 2062 ἀλλὰ
810 1995 894 2086 [τδήίή
917 2006 970 2096 τῷν
993 2001 1035 2060 ὑπ’
1050 1999 1153 2061 ἐκείνου
1175 2003 1395 2077 ποιμαινομένων
1418 2001 1554 2082 ἀνδρῶν·

177 2189 180 2194 ,
240 2124 307 2195 όλος
329 2123 383 2204 γάρ
405 2127 444 2183 ὢν
465 2125 646 2199 πνευματικός
668 2124 682 2184 ό
705 2123 773 2202 ἀνὴρ
794 2122 857 2194 τους
879 2122 921 2182 ὑπ’
935 2122 1013 2182 αυτόν
1036 2124 1151 2182 πάντοτε
1177 2123 1313 2204 ἐστήριξεν
1337 2129 1384 2184 τοῦ
1406 2127 1555 2202 γενναίως

241 2247 331 2326 φέρειν
353 2244 387 2304 τόι
410 2245 523 2306 ἐπίπονα
546 2251 596 2320 τῆς
619 2244 770 2320 ἀσκήσεως.
803 2246 886 2316 οθτως
900 2246 918 2320 ή
934 2247 1010 2323 φήμη
1025 2248 1072 2305 τοῦ
1095 2242 1226 2327 άνδρόςί)
1250 2245 1340 2306 διέθεε
1355 2245 1403 2306 καὶ
1418 2248 1457 2320 ὡς
1473 2249 1552 2328 πρδς

239 2365 327 2441 δομὴν
351 2366 434 2446 μόρου
455 2372 509 2426 τῶν
532 2367 612 2427 αυτοῦ
634 2386 701 2445 φημι
724 2366 827 2445 ἀρετῶν
849 2369 950 2440 πάντες
973 2367 1050 2426 έθεον
1069 2367 1137 2446 πρός
1159 2368 1247 2427 αυτόν.
1278 2367 1365 2446 τούτῳ
1388 2366 1428 2446 τῷ
1448 2369 1552 2449 τρόπῳ

240 2485 360 2564 κινηθεὶς
381 2488 461 2566 κάγὼ
485 2490 499 2548 ό
523 2487 668 2568 ἐλάχιστος
691 2491 782 2568 ὤφθην
805 2489 877 2578 μετόιΙ
890 2491 919 2549 τό
944 2485 1036 2563 ἑξάκις
1057 2489 1196 2568 χιλιοοτδν
1220 2487 1411 2562 ἑξακοσιοστδν
1433 2489 1550 2567 όγδοη-

239 2611 338 2671 κεστόν
361 2611 422 2683 ἔτος
444 2611 497 2672 ἀπό
519 2616 568 2687 τῆς
589 2615 635 2672 τοῦ
657 2612 760 2687 κόσμου
782 2611 909 2684 κτίσεως·
936 2613 1005 2692 ἐρως
1027 2612 1081 2691 γάρ
1103 2610 1244 2686 κατέλαβέ
1262 2633 1298 2687 με
1313 2613 1401 2684 πολὺς
1416 2617 1462 2673 τοῦ
1478 2615 1550 2684 τοὺς

239 2731 333 2811 ἁγίους
354 2733 451 2804 τόπους
475 2729 540 2792 ίδεῖν
562 2731 609 2792 καί
631 2739 811 2812 προσκυνῆσαι
834 2731 960 2806 καὶτοῖς
983 2734 1073 2794 ἐκεῖσε
1094 2735 1225 2813 πατράσιν
1249 2733 1278 2794 ἐν
1303 2735 1426 2816 ὑποταγῇ
1450 2755 1547 2794 κατα-
1621 2795 1622 2820 γ

239 2853 344 2928 βιῶσαι.
377 2853 424 2916 καὶ
447 2855 513 2932 δήὸ)
536 2855 633 2915 θᾶττον
655 2855 685 2914 τό
709 2853 839 2930 βούλημα
862 2855 942 2935 ἔργον
966 2855 1100 2934 ἐγεγόνει,
1124 2852 1171 2914 καὶ
1194 2855 1365 2926 διαπλεύσας
1386 2856 1433 2916 τδν
1453 2853 1548 2916 πλοῦν

237 2974 283 3036 καὶ
305 2977 354 3051 τὴν
376 2981 458 3052 νῆσον
488 2975 656 3052 καταλαβὼν
679 2974 725 3036 καὶ
746 2976 813 3055 πρός
843 2975 1003 3057 φιλαρέτους
1026 2976 1127 3056 ἄνδρας
1150 2974 1189 3047 εἰς
1221 2975 1362 3054 συντυχίαν
1395 2976 1487 3037 ἐλθὼν
1513 2979 1546 3037 τό

236 3097 368 3179 ἀθόρυβον
392 3104 441 3175 τῆς
463 3100 546 3172 νήσου
569 3098 792 3176 ἐγκωμιάζοντος
814 3095 862 3158 καί
883 3099 929 3157 τδν
953 3098 1120 3177 ἐρημότερον
1141 3100 1223 3158 τόπον
1245 3099 1313 3178 πρός
1336 3093 1453 3174 ἄσκησιν
1469 3094 1546 3158 εἶναι

237 3218 398 3296 ἐπιτηδείως
420 3223 476 3291 τοϊς
506 3219 693 3298 βουλομένοις,
726 3219 841 3294 εἱλόμην
863 3221 920 3291 τοῖς
942 3219 1039 3297 λόγοις
1060 3223 1114 3278 τῶν
1137 3219 1293 3295 θαυμασίων
1325 3219 1431 3298 ἀνδρῶν
1464 3215 1543 3304 [πεί-

236 3337 385 3425 θεσθαήί),
408 3339 455 3401 καὶ
477 3341 580 3413 τούτοις
603 3340 710 3417 δεηθεὶς
733 3339 780 3402 καί
804 3341 991 3420 ἐκλιπαρήσας
1012 3349 1059 3401 τοῦ
1083 3338 1216 3414 ἐπιδεῖξαί
1232 3361 1277 3416 μοι
1293 3341 1375 3400 τόπον
1393 3340 1542 3420 ἐφήσυχον.

235 3461 282 3522 καὶ
313 3459 490 3543 είξαντεςτῇ
521 3461 628 3522 είιτελεῑ
651 3481 701 3536 μου
732 3460 836 3537 αίτήσει
859 3461 933 3523 οιίποὶ
955 3461 1002 3522 καὶ
1024 3463 1070 3522 τόν
1100 3465 1182 3523 τόπον
1204 3463 1252 3522 καὶ
1273 3463 1319 3522 τόν
1341 3463 1462 3542 γε’ροντα
1485 3464 1559 3522 υτον

235 3579 353 3654 ἔδειξαν.
385 3581 442 3659 ἐγὼ
466 3581 567 3656 δὲτὴν
590 3583 711 3658 συνήθως
733 3585 788 3653 τοῖς
811 3585 943 3661 μοναχοῐς
967 3583 1063 3659 βαλὼν
1086 3585 1231 3659 μετάνοιαν
1254 3585 1301 3642 καί
1315 3583 1350 3642 τό
1364 3587 1412 3643 τοῦ
1436 3589 1543 3644 σκοποῦ

234 3702 381 3780 κατάδηλα
403 3703 487 3782 τοίντῳ
508 3705 597 3764 πάντα
618 3705 734 3779 ποιήσας
750 3705 846 3780 έμεινα
861 3706 907 3765 σὺν
924 3704 995 3782 αθτῷ
1017 3703 1229 3784 καταριθμηθεὶς
1251 3707 1309 3776 τοῖς
1323 3703 1452 3782 λογικοῖς
1466 3725 1540 3785 προ-
1619 3659 1620 3719 ί

235 3823 329 3900 βάτοις
352 3824 440 3885 αυτοῦ.
487 3825 568 3904 ἔσχον
591 3825 617 3884 δ’
630 3825 708 3885 αθτόν
730 3827 835 3906 πατέρα
860 3828 1039 3902 πνευματικόν
1062 3824 1110 3886 καὶ
1132 3832 1185 3886 τῶν
1207 3826 1350 3906 πρακτέων
1374 3827 1541 3904 καθηγητὴν

233 3943 355 4006 καὶτῶν
385 3945 481 4005 καλῶν
509 3949 615 4006 πάντων
646 3949 776 4027 σωτήριον
808 3946 974 4008 διδάσκαλον
996 3947 1043 4007 καί
1065 3948 1133 4028 πρός
1154 3947 1203 4022 τὴν
1226 3946 1288 4007 όδδν
1310 3953 1360 4022 τῆς
1384 3945 1540 4022 μοναδικῆς
1618 3925 1619 3948 ³

232 4067 372 4140 πολιτείας
394 4071 568 4146 χειραγωγὸν
592 4065 702 4143 ἀπλανῆ
726 4067 772 4127 καί
794 4071 850 4140 τοῖς
872 4071 1027 4148 θεαρέστοις
1051 4071 1130 4130 αὺτοῦ
1153 4067 1270 4128 Ιἰιττείκων
1294 4067 1337 4128 ἀεὶ
1360 4068 1535 4144 θελήμασιν·

233 4189 461 4269 ἀπαρνησάμενος
483 4189 536 4270 γόιρ
558 4192 710 4249 παντάπασι
732 4191 762 4248 τό
793 4187 892 4249 οἰκεῖον
923 4191 1035 4266 θέλημα
1058 4189 1097 4261 είς
1126 4192 1213 4249 πάντα
1243 4191 1348 4268 γέγονα
1370 4189 1401 4248 τό
1427 4190 1534 4267 ἑαυτοῦ,

231 4313 304 4390 χείρ,
326 4311 402 4389 πυός,
427 4311 561 4390 βακτηρία
583 4315 629 4369 τοῦ
650 4313 761 4389 γήφσυς,
790 4309 1109 4386 συναντιλαμβανόμενσς
1131 4289 1178 4370 καὶ
1202 4317 1345 4386 συμπονῶν
1368 4309 1442 4388 αὐτῷ
1466 4312 1534 4389 πρός
1617 4345 1618 4390 γ

337 4501 356 4566 ¹)
376 4499 574 4566 Supplevimus.
646 4499 666 4564 ²)
685 4497 712 4548 τό
730 4497 762 4549 Ε.
834 4499 855 4564 ³)
875 4499 1071 4566 supplevimus.
1144 4500 1165 4565 ⁴)
1179 4499 1377 4566 Supplevimus.
1454 4501 1474 4564 5)
1492 4518 1531 4567 γη-

231 4594 284 4662 ρεός
308 4595 339 4648 Ε,
410 4594 432 4658 θ)
455 4594 651 4661 Supplevimus.
725 4594 744 4658 ί)
762 4589 803 4644 τόν
826 4587 902 4660 ἄνδρα
924 4593 955 4647 Ε.
1027 4597 1048 4660 ⁸)
1072 4594 1110 4647 δεῖ
1131 4595 1161 4648 Ε.
1187 4601 1214 4646 et
1237 4597 1352 4662 saepius.
1427 4595 1450 4660 ⁹)
1470 4598 1531 4662 ευρ
1616 4635 1617 4662 ÷

230 4690 371 4760 ρίενίιαιιι,
1616 4681 1617 4702 ’
