3208 5310
269 345 313 410 46

270 537 366 614 μοδίου
382 538 419 600 σι’.
444 543 537 622 ἕτερον
558 549 604 602 τοῦ
620 539 734 614 Μαητου
756 539 787 600 τό
809 537 926 615 πλησίον
947 539 1086 620 χωραρίου
1101 543 1147 600 τοῦ
1163 537 1349 618 Ἀζωπσλίτζη
1366 537 1407 626 (ί)
1424 539 1521 618 μοδίου
1534 539 1570 598 σι’.

270 661 362 742 ἕτερον
383 664 522 742 χωρόριον
542 667 591 739 τῆς
607 661 785 737 Καλαμόδας
799 661 884 740 ἤγουν
899 663 946 721 τοῦ
960 660 1131 743 Λσχωιδίου,
1155 665 1218 724 δσον
1234 662 1280 724 καί
1296 655 1353 724 οίόν
1369 665 1451 724 ἐστιν.
1475 665 1571 742 ἕτερον

270 782 300 841 ἐν
314 787 348 864 τῇ
363 788 481 864 περιοχῇ
498 831 504 845 .
519 831 526 845 .
541 830 548 843 .
565 785 595 844 τό
611 785 715 844 σἰιωθεν
729 787 776 844 τοῦ
791 783 912 864 Καρσβᾶ
927 783 1031 859 μοδίων
1044 783 1129 860 σ’ς”.
1147 786 1240 866 ἕτερον
1255 788 1393 867 χωριίριον
1408 791 1456 846 τοῦ
1467 785 1571 844 Σιιόνου

268 905 299 964 τδ
320 904 437 980 πλησίον
459 905 599 985 χωρορίου
621 907 667 964 τοῦ
684 899 837 989 Πολ[οιιοῡ]
861 903 963 980 μοδίων
981 905 1017 980 β’.
1042 907 1135 988 ἕτερον
1157 909 1296 988 χωράριον
1317 913 1372 967 τῶν
1387 907 1501 988 Δρόνιων
1528 903 1570 988 (ί)

267 1027 299 1086 τό
321 1025 425 1087 ἄνωθεν
447 1025 586 1107 χωρορίου
607 1029 655 1087 τοῦ
676 1031 754 1086 πσιπᾶ
776 1023 908 1106 Στσιγίνου
924 1025 964 1108 (ί)
988 1025 1090 1102 μοδίων
1106 1026 1143 1102 β’.
1171 1023 1334 1114 [χωρόριον]
1357 1025 1397 1101 είς
1419 1029 1465 1090 τόν
1488 1027 1570 1088 αὐτόν

268 1148 349 1208 τόπον
372 1146 475 1223 μοδίων
491 1146 518 1224 β’
541 1149 572 1208 τό
593 1145 710 1224 πλησίον
731 1146 870 1228 χωρορίου
892 1154 942 1227 τῆς
958 1149 1078 1231 Παρπης.
1102 1152 1195 1231 ἕτερον
1218 1149 1258 1224 εἰς
1279 1153 1324 1212 τδν
1347 1151 1428 1211 αίιτδν
1443 1153 1524 1212 τόπον
1539 1151 1570 1208 τό

270 1270 386 1346 πλησίον
413 1270 552 1353 χωρσρίου
573 1275 620 1331 τοῦ
643 1271 807 1347 Ζυμωνοίτου
830 1270 927 1346 μοδίου
941 1270 979 1331 α’.
1011 1270 1051 1344 είς
1073 1273 1118 1332 τόν
1141 1273 1221 1334 οιίιτόν
1242 1276 1325 1334 τόπον
1349 1271 1452 1350 μοδίων
1468 1267 1568 1347 σ”ς”.

269 1393 361 1474 ἕτερον
382 1393 522 1472 χωροίριον
544 1398 593 1468 τῆς
615 1392 697 1472 ἁγίας
721 1392 865 1469 Ἀκυλίνης
887 1394 918 1452 τό
939 1393 1056 1469 πλησίον
1078 1392 1218 1476 χωραρίου
1237 1398 1284 1456 τοῦ
1300 1390 1455 1481 Ποιλ[οιιοῡ]
1471 1393 1569 1470 μοδίου

268 1512 319 1587 ς”.
343 1516 482 1594 χωράριον
505 1513 534 1574 ἐν
556 1520 589 1597 τῇ
609 1521 727 1596 περιοχῇ
742 1517 789 1576 τοῦ
805 1516 928 1594 Φοιγέως
944 1517 974 1575 τό
988 1515 1060 1576 κατὰ
1076 1516 1212 1590 ἀνατολὰς
1227 1517 1354 1593 κείμενον
1368 1517 1508 1598 χωραρίου
1524 1519 1570 1575 τοῦ

268 1633 412 1717 Είρηντοοῦ
428 1635 467 1719 (ί)
488 1635 536 1697 ιιοιὶ
557 1637 674 1713 πλησίον
696 1638 836 1718 χωρορίσυ
857 1641 905 1699 τοῦ
921 1635 1021 1718 Ἀζᾶνι,
1044 1632 1137 1712 καθώς
1161 1639 1232 1699 ἐστιν
1254 1640 1270 1698 ό
1290 1640 1466 1721 περισρισμδς
1489 1639 1570 1698 οίιτοῡ

268 1759 350 1839 μέχρι
372 1764 421 1836 τῆς
443 1764 562 1840 κορυρῆς
583 1763 629 1820 τοῦ
652 1759 739 1840 όρους.
765 1763 857 1841 ἕτερον
879 1763 1017 1842 χωράριον
1032 1765 1078 1821 τοῦ
1093 1760 1313 1840 Βραλλοσοοίλου
1328 1763 1358 1822 τό
1373 1761 1490 1838 πλησίον
1505 1783 1568 1840 χω-

268 1874 362 1962 ρορίου
383 1885 430 1944 τοῦ
446 1882 541 1953 Ἀζοίνι
563 1880 659 1958 μοδίου
673 1879 725 1957 ς”.
750 1884 843 1963 ἕτερον
864 1885 1002 1963 χωράριον
1024 1886 1071 1944 τοῦ
1088 1883 1229 1960 Ἐμβόλου
1251 1884 1282 1943 τό
1296 1883 1415 1961 πλησίον
1431 1881 1569 1960 ἀρπελίου

266 2007 313 2064 τοῦ
328 2003 547 2086 Ἄργυροποίνλου
569 2003 664 2080 μοδίου
679 2003 730 2079 ς”.
755 2007 847 2084 ἕτερον
869 2007 1008 2085 χωροίφιον
1023 2011 1069 2068 τοῦ
1086 2006 1213 2088 Ἀνδρέου
1228 2007 1258 2066 τ“ο
1273 2006 1429 2086 λεγόμενον
1443 2011 1491 2068 τοῦ
1505 2007 1568 2064 Τοι-

268 2121 367 2206 ξισίρχη
390 2127 421 2186 τό
442 2123 565 2186 κάτωθεν
588 2127 635 2188 σὺν
658 2125 711 2186 τῶν
734 2125 863 2209 δένδρων,
891 2127 953 2188 όσον
975 2125 1023 2187 καὶ
1046 2122 1101 2188 οίόν
1126 2127 1206 2189 ἐστιν.
1238 2131 1331 2209 ἕτερον
1353 2131 1492 2228 χωροίρισν
1514 2134 1568 2188 τῶν

268 2245 398 2322 Σιπηλίων
420 2251 467 2308 τοῦ
481 2247 625 2308 Βενίτινου
648 2246 752 2323 μσδίων
767 2247 806 2326 γ’.
830 2251 923 2330 ἕτερον
945 2245 1084 2330 χωριίριον
1099 2253 1145 2310 τοῦ
1161 2248 1297 2331 Ἀνδρέου.
1320 2251 1414 2331 ἕτερον
1429 2250 1568 2330 χωριίρισν

267 2374 320 2429 τῶν
332 2369 462 2445 Σπηλίων
477 2372 508 2430 τό
524 2371 626 2431 ἄνωθεν
640 2375 687 2432 τοῦ
699 2371 954 2452 Χαριιοματιότιιιου
969 2371 1072 2448 μοδίων
1084 2371 1121 2446 β’.
1139 2373 1231 2452 ἕτερον
1245 2373 1385 2452 χωρόρισν
1399 2376 1451 2448 τῆς
1464 2371 1567 2448 Ἀμυγ-

268 2491 374 2564 δαλέας
396 2492 428 2552 τό
449 2491 566 2568 πλησίον
590 2488 752 2578 [χωραρίσυ]
775 2497 821 2554 τοῦ
843 2493 1007 2554 Ζακυνθινοῦ
1030 2491 1126 2569 μοδίου
1142 2493 1179 2553 α’.
1204 2491 1341 2556 οἶνοθεσίοι
1362 2499 1417 2555 τῶν
1432 2493 1568 2567 Σθλσίβων

268 2613 314 2674 σὺν
335 2619 389 2674 τῶν
413 2614 533 2697 δένδρων
560 2614 656 2692 μοδίου
669 2613 705 2675 σι’.
735 2614 839 2692 όμπέλι
861 2617 892 2676 τό
914 2615 1030 2691 πλησίον
1053 2620 1099 2678 τοῦ
1122 2615 1302 2697 Σραλινιοῦρδι
1325 2613 1428 2691 μοδίων
1444 2614 1481 2690 β’.
1510 2614 1566 2690 ἀμ-

267 2738 333 2797 πέλι
360 2739 407 2798 τοῦ
429 2738 564 2817 Στρεπτοῦ
586 2739 617 2797 τό
638 2735 756 2814 πλησίον
778 2737 916 2814 ἀμπελίου
938 2741 984 2800 τοῦ
1006 2738 1146 2800 Λεωνίδου
1169 2739 1273 2816 μοδίων
1288 2737 1324 2813 β’.
1356 2735 1396 2810 είς
1417 2739 1466 2798 τόν
1490 2738 1566 2797 οίιτόν

267 2861 349 2920 τόπον
371 2861 402 2920 τδ
424 2861 548 2922 κάτωθεν
570 2858 710 2943 χωρορίου
732 2863 778 2921 τοῦ
792 2860 933 2922 Λεωνίδου
955 2859 1002 2922 καί
1025 2861 1161 2937 ἀμπελίου
1176 2864 1223 2922 τοῦ
1237 2861 1396 2937 Ἀσωμότου
1412 2859 1515 2936 μοδίων
1532 2856 1565 2933 β’.

267 2983 381 3062 ἀμπέλι,
404 2983 435 3044 τδ
458 2983 562 3061 ἔχομεν
584 2981 638 3043 ἀπό
654 2981 835 3062 ἀνταλλσγης
851 2982 884 3043 ἐκ
898 2986 944 3044 τοῦ
959 2983 1037 3062 ἁγίου
1052 2981 1209 3064 Θεοδώρου,
1233 2983 1328 3060 μοδίου
1344 2978 1380 3044 σί.
1405 2982 1511 3058 όμπὲλι
1527 2978 1565 3051 εἰς

266 3107 313 3168 τόν
335 3107 415 3167 οιίιτόν
436 3106 518 3167 τόπον
541 3107 572 3166 τό
593 3104 709 3182 πλησίον
731 3103 779 3166 ποί
802 3107 906 3166 ἄνωθεν
928 3107 975 3166 τοῦ
990 3105 1141 3186 Κοργίννσυ
1157 3103 1260 3182 μοδίων
1272 3104 1308 3180 β’.
1333 3099 1450 3190 [ἕτερον]
1468 3102 1508 3176 εἰς
1521 3105 1565 3164 τόν

267 3230 347 3290 οιίιτδν
368 3231 451 3289 τόπον
473 3227 545 3288 κατὰ
567 3227 639 3288 δόσιν
654 3231 699 3288 τοῦ
714 3227 834 3289 τοιοότου
849 3225 944 3303 μοδίου
955 3224 991 3286 α’.
1016 3230 1108 3309 ἕτερον
1124 3227 1229 3303 ἀμπόλι
1245 3226 1349 3286 ἄνωθεν
1364 3226 1458 3287 τούτου
1474 3225 1565 3302 μοδίου

266 3349 318 3424 ς”.
342 3349 447 3426 ἀμπὲλι
464 3352 557 3432 ἕτερον
571 3351 602 3410 τό
617 3349 773 3429 λεγόμενον
788 3353 833 3410 τοῦ
850 3349 994 3430 Πτερίονος
1010 3349 1105 3426 μοδίου
1115 3348 1166 3424 ς”.
1190 3350 1221 3408 τό
1235 3347 1283 3408 καί
1298 3347 1414 3424 πλησίον
1430 3347 1565 3424 ἀμπελίου

267 3473 314 3532 τοῦ
335 3472 452 3552 Λαζορᾶ
474 3469 515 3544 είς
535 3471 581 3532 τόν
605 3471 684 3531 σίιτδν
706 3474 788 3531 τόπον
810 3471 927 3547 πλησίον
950 3469 1088 3547 ἀμπελίσυ
1109 3475 1155 3530 τοῦ
1176 3469 1327 3551 Ἀγαλλίου
1350 3467 1513 3550 δεκαλίτρου
1529 3467 1563 3528 α’.

269 3593 377 3670 ἀμπὲλι
398 3598 448 3670 τῆς
464 3593 591 3675 Μιρτίσς,
614 3594 707 3666 καθώς
729 3593 799 3654 ἐστιν
822 3591 1050 3676 ίδιοπεριόριστον,
1074 3595 1136 3653 δσον
1158 3589 1205 3652 ιισιί
1223 3584 1280 3652 οίόν
1296 3591 1375 3652 ἐστιν.
1399 3590 1505 3668 ἀμπέλι
1519 3595 1564 3668 τῆς

268 3716 327 3777 Ποσ
343 3763 350 3778 .
368 3765 375 3781 .
391 3735 407 3776 τ
424 3763 455 3782 ..
479 3714 527 3776 καί
557 3716 621 3776 οιίιτδ
643 3711 872 3797 ίδιοπεριόριστον.
901 3715 1007 3793 σίμπέλι
1034 3720 1080 3776 τοῦ
1103 3715 1245 3792 Σπηλοιίου
1267 3712 1314 3774 νιοιί
1336 3713 1411 3795 οιίιτό,
1434 3715 1499 3774 ὅσον
1520 3709 1564 3772 ιιοί

267 3831 323 3898 οἶόν
346 3837 426 3899 ἐστιν.
451 3838 556 3916 ἀμπέλι
578 3841 625 3899 τοῦ
647 3836 826 3917 Πηγαδσσιίσυ
848 3837 895 3898 καί
918 3839 997 3898 αἰετόν
1020 3837 1076 3898 ἐστι
1098 3837 1318 3920 περιωρισμένον.
1342 3837 1373 3896 τό
1396 3835 1501 3896 σίνωθεν
1521 3838 1563 3896 τοῦ

265 3959 401 4041 πηγαδίου
424 3958 464 4032 είς
485 3962 531 4022 τόν
554 3961 633 4022 σίιτδν
655 3964 738 4022 τόπον
759 3965 805 4021 τοῦ
827 3959 963 4040 πηγοδίου
985 3961 1016 4020 τό
1038 3961 1109 4021 κατὰ
1131 3960 1205 4020 δίισιν
1226 3961 1257 4020 τό
1279 3957 1398 4035 πλησίον
1419 3962 1467 4019 τοῦ
1489 3961 1561 4038 Τροι-

265 4083 358 4162 χηλου
384 4081 432 4144 καί
458 4085 504 4144 τοῦ
526 4083 655 4165 Σωτῆρος
676 4083 799 4164 όρμόνιισ
814 4077 851 4161 γ’,
879 4082 931 4142 δσα
951 4079 999 4142 καὶ
1022 4075 1066 4141 οίοί
1088 4079 1162 4142 εἰσιν.
1195 4081 1301 4158 ἀμπέλι
1322 4083 1352 4141 τό
1374 4081 1499 4141 κάτωθεν
1520 4083 1562 4140 τοῦ

266 4207 344 4286 όγίου
361 4205 534 4287 [ίαγνιροιτίου
556 4204 603 4266 καί
624 4203 741 4281 πλησίον
764 4203 900 4280 ἀμπελίου
922 4207 969 4264 τοῦ
984 4202 1117 4280 Σουπίτζη
1133 4202 1229 4280 μοδίου
1245 4201 1281 4264 α’.
1307 4204 1399 4283 ἕτερον
1414 4201 1521 4277 ἀμπέλι
1536 4201 1561 4260 ἐν

266 4333 299 4410 τῇ
321 4335 438 4411 περιοχῇ
460 4331 507 4390 τοῦ
522 4328 670 4409 Σπαρτόως
693 4330 722 4388 τό
745 4326 899 4406 λεγόμενον
914 4331 964 4401 τῆς
981 4325 1077 4405 Ἀρέος
1092 4327 1122 4385 τό
1137 4325 1253 4402 πλησίον
1268 4328 1315 4385 τοῦ
1329 4324 1457 4405 Τρωιλοῦ
1473 4324 1562 4400 μοδίου

267 4450 305 4511 α’.
330 4449 369 4523 είς
391 4453 437 4510 τόν
460 4453 538 4512 σιδτδν
560 4454 643 4512 τόπον
666 4450 771 4526 ἀμπίλι
793 4450 823 4510 τό
844 4446 962 4524 πλησίον
984 4445 1120 4524 ἀμπελίου
1135 4452 1182 4509 τοῦ
1196 4447 1343 4523 Κλαδιμοΰ
1357 4445 1461 4522 μοδίων
1476 4444 1560 4521 ο’ς”.

267 4575 359 4656 ἕτερον
376 4573 482 4649 ἀμπέλι
496 4575 526 4633 τό
541 4573 658 4650 πλησίον
680 4571 727 4634 καί
743 4569 848 4632 ἄνωθεν
863 4575 910 4631 τοῦ
926 4569 1071 4652 Ἀγροίκου
1086 4571 1117 4631 τδ
1131 4570 1249 4647 πλησίον
1264 4567 1401 4646 όμπελίου
1416 4575 1467 4647 τῆς
1481 4573 1560 4645 μονῆς

266 4703 314 4774 τῆς
338 4691 544 4782 Πορτίολιῌης]
568 4695 669 4774 μοδίων
686 4694 719 4755 δ’.
758 4695 850 4774 ἕτερον
873 4695 903 4754 τό
925 4693 1082 4772 λεγόμενον
1105 4697 1151 4754 τοό
1172 4692 1334 4772 Τραχήλου,
1357 4693 1420 4752 ὅσον
1442 4689 1490 4752 καί
1511 4683 1560 4751 οἶόν
