3240 5286
260 306 322 370 248

257 505 325 582 προς
346 505 392 561 τόν
415 505 548 582 μακάριον
572 501 680 574 ἐξέθετο
697 501 872 580 Σίλβεστρον,
897 503 945 562 οῐικ
968 499 1088 580 ἀσαφῶς,
1112 503 1180 562 ἀλλ’
1194 505 1287 582 ἀριστα
1307 503 1533 578 τεθέσπισται,
1576 501 1581 562 ί

260 619 350 704 ᾧκαὶ
374 624 484 701 ἀρεῐλον
506 623 545 702 τῷ
568 625 734 703 πρωτοιθπιρ
758 623 953 684 ἐπακολουθεῖν
976 623 1009 682 τά
1030 626 1098 704 πρός
1121 623 1242 700 μίμησιν.
1283 625 1327 684 διαί
1348 645 1389 684 τοι
1415 628 1531 683 τοῦτο
1566 641 1581 692 κ

259 744 467 821 οἰκονομήσαιτο
496 745 513 818 ἡ
538 746 673 823 ἀγιωοὺνη
697 765 744 804 σου
767 746 841 822 ἔχειν
865 745 917 805 ἀπό
940 749 986 804 τοῦ
1008 748 1052 804 νῦν
1074 745 1120 804 τόν
1143 750 1260 806 τοιοῦτον
1284 744 1522 823 ἀικοιιορθλακοι
1558 767 1581 808 ον

258 873 292 949 τῇ
322 872 368 928 τοῦ
397 870 460 926 θεοῦ
490 865 629 950 ἁγιωτάτῃ
660 868 773 948 μεγάλῃ
803 867 938 950 ἐκκλησίᾳ
961 867 1079 946 όρρίκιον
1101 873 1155 928 τῶν
1177 868 1352 948 προβαθμίων
1375 866 1425 926 καὶ
1454 867 1581 942 {etQ-qod

259 988 306 1050 καὶ
336 993 375 1062 ὡς
404 989 443 1067 τῷ
473 989 570 1070 κλήρῳ
597 995 646 1064 τῆς
670 991 823 1068 ἁγιωτάτης
854 990 983 1067 μεγάλης
1005 994 1050 1049 τοῦ
1073 991 1136 1049 θεοῦ
1160 989 1310 1063 ἐκκλησίας
1332 989 1581 1068 καταλεγέμειη

258 1113 382 1172 ἵστασθαι
408 1111 454 1170 καί
476 1113 637 1190 προκόπτειν
662 1111 731 1186 μετά
753 1112 798 1170 τόν
821 1117 865 1170 νῦν
888 1107 1047 1186 τιμιώτατον
1069 1112 1254 1191 πρωτέκδικον
1277 1113 1321 1170 τόν
1345 1112 1514 1186 Γεμιστόν,
1553 1114 1581 1168 ἐν

259 1233 305 1293 καὶ
337 1233 415 1292 αὐτόν
446 1233 499 1292 ἀπό
525 1239 579 1292 τῶν
608 1231 836 1304 ἑξωκατακοιλων
867 1233 919 1291 ἀπό
949 1254 983 1311 γε
1005 1238 1053 1308 της
1076 1236 1195 1313 σήμερον
1217 1234 1429 1311 γνωριζόμεναι,
1472 1234 1581 1310 ἄτοπα

260 1355 313 1435 γάρ
335 1357 380 1414 τὀν
405 1355 433 1413 ἐν
457 1355 603 1433 καθέάραις
625 1357 685 1426 ταῖς
701 1352 804 1428 μείζοσι
820 1347 867 1413 καί
881 1355 1139 1434 προβαθμιαιτέραις
1155 1359 1207 1414 τῶν
1223 1355 1470 1430 ἐκκλησιαστικών
1494 1355 1581 1432 ἅγια

261 1483 372 1556 οοριτῶν
401 1476 539 1555 ἀρχόντων
569 1477 608 1546 ὡς
634 1477 665 1534 τό
688 1474 762 1548 εἰκός
784 1472 994 1556 συντιμώμενον,
1025 1477 1063 1552 μὴ
1094 1477 1145 1536 κάν
1172 1483 1206 1559 τῇ
1230 1476 1447 1558 ἐκκλησιαστικῄ
1479 1479 1581 1542 στοίτε

260 1596 307 1658 καὶ
329 1603 453 1679 προκοπῇ
477 1598 522 1657 τόν
544 1600 716 1676 προσήκοντα
737 1600 819 1657 τόπον
843 1598 917 1675 ἔχειν
939 1595 986 1658 καί
1008 1602 1064 1670 τοῖς
1080 1596 1311 1672 ἑξωκατακοίλοις
1327 1597 1521 1658 συνίστασθαι
1541 1609 1581 1660 κα

260 1726 310 1797 τῆς
334 1721 416 1795 αὑτῆς
440 1721 619 1796 συμμετέχειν
634 1720 733 1779 τούτων
748 1726 828 1795 τιμῆς
843 1741 873 1779 τε
889 1718 935 1778 καί
951 1725 1099 1798 προκοπῆς.
1124 1722 1142 1796 ἡ
1158 1721 1209 1796 μέν
1232 1717 1276 1780 οὖν
1293 1720 1422 1794 βασιλεία
1439 1742 1504 1794 μου
1528 1721 1581 1796 ἤδη

260 1843 294 1902 τά
323 1841 386 1923 περί
414 1842 506 1902 τούτου
535 1841 715 1920 προεδήλωσε
744 1848 777 1924 τῇ
808 1843 943 1925 ἀγιωσίνη
974 1864 1032 1919 σου,
1062 1837 1081 1924 ᾖ
1108 1839 1154 1901 καί
1178 1843 1257 1922 ἔργον
1281 1843 1363 1922 ἔσται,
1386 1843 1459 1921 πρός
1487 1844 1581 1922 ἔργον

236 2031 238 2038 ,
262 1967 377 2044 ἀγαγεῖν
403 1962 451 2023 καί
473 1965 618 2042 πληρῶσαι
640 1965 670 2023 τό
693 1968 810 2024 τοιοῦτον
833 1970 883 2040 τῆς
906 1964 1050 2039 βασιλείας
1073 1983 1125 2039 μου
1147 1965 1267 2040 θέλημα,
1299 1967 1336 2034 ὡς
1359 1965 1522 2042 θεοίρεστόν
1553 1981 1581 2030 τε

261 2085 308 2145 καί
332 2085 450 2145 δίκαιον·
475 2083 519 2145 ἐπί
540 2087 625 2163 τούτῳ
648 2085 701 2166 γάρ
724 2083 770 2144 καί
793 2087 823 2144 τό
845 2087 931 2165 παρὀν
953 2088 1117 2166 πρόσταγμα
1132 2092 1181 2160 τῆς
1197 2085 1339 2160 βασιλείας
1355 2106 1405 2161 μου
1422 2085 1581 2158 ἀπελύθη,

262 2207 370 2284 ἀφεῖλον
404 2207 608 2287 ἀναστραφῆναι
643 2205 682 2285 τῷ
716 2210 867 2286 τιμιωτάτῳ
902 2207 1091 2286 δικαιορὺλακι
1124 2213 1172 2288 κῦρ
1203 2207 1341 2286 θεσδώρῳ
1372 2207 1496 2286 διακόνῳ
1536 2207 1578 2285 τῷ

263 2323 452 2410 Σκουταριώιῃ
477 2325 510 2388 δι’
525 2325 676 2408 ἀσροίλειαν
699 2335 724 2406 †.

366 2455 382 2527 ’γ
406 2449 493 2526 Μηνὶ
516 2445 602 2531 μαίῳ
626 2449 833 2524 ίνδικτιῶνος
857 2451 896 2530 ιγ’
920 2455 945 2528 ί.

699 2763 758 2826 ΙΙΙ.
787 2763 876 2827 Inter
902 2761 1123 2827 1275-1282.

286 2948 439 3016 Imperator
455 2947 575 2999 Μίοθαέί
590 2947 770 3016 ΡαΙααοίοριιε
786 2948 944 3000 condecorat
959 2947 1156 3016 metropolitam
1175 2947 1269 3015 Cyzici,
1291 2947 1450 3000 Theodorum
1467 2944 1533 3000 Soc-

683 3051 820 3118 toriotcm,
837 3051 983 3121 hypercimc'
996 3051 1138 3122 ἀίμιιίίαίο.

495 3255 696 3333 Κρότταγμα
718 3254 800 3330 πρός
822 3255 877 3312 τὀν
900 3252 1044 3324 Κυζίκου
1067 3253 1330 3333 μητροπολίτην.

368 3431 384 3502 ί
408 3428 443 3486 Ἡ
466 3427 593 3499 βασιλεία
624 3448 675 3501 μου
704 3427 772 3506 πρός
801 3427 850 3500 τὴν
876 3421 970 3506 πρῴην
999 3425 1126 3488 εὔκλειαν
1157 3429 1224 3506 προς
1254 3427 1303 3500 τάς
1328 3431 1428 3506 χρυσᾶς
1450 3428 1570 3496 ἐκείνας.

266 3549 344 3619 ἕννας
366 3546 413 3606 καί
436 3547 583 3627 εὐημερίας
606 3551 655 3617 τίς
677 3568 706 3606 τε
728 3547 825 3618 πόλεις
847 3547 893 3606 καί
915 3551 1011 3626 χωρας
1030 3547 1077 3608 καί
1098 3549 1146 3620 τάς
1165 3553 1210 3608 τοῦ
1231 3551 1293 3608 θεοῦ
1309 3547 1454 3622 ἐκκλησίας
1469 3549 1548 3608 ἐπαι-

266 3673 381 3748 αγοιγεῖν
405 3669 540 3729 ἐθέλουσα
562 3668 608 3728 καί
632 3669 757 3743 ἀναβιοῦν
778 3669 810 3727 τά
825 3668 862 3748 τῷ
880 3668 977 3749 μακρῷ
992 3671 1083 3749 χρόνῳ
1098 3673 1266 3750 γηράσαντα,
1289 3669 1336 3730 καί
1352 3667 1390 3741 είς
1405 3669 1482 3746 ζῆλον
1496 3677 1546 3729 τῶν

265 3791 553 3869 προβεβασιλευκότων
583 3796 632 3866 τῆς
655 3791 811 3864 Ῥωμαιίοις
841 3791 951 3869 ἀγαθῶν
983 3791 1119 3866 βασιλέων
1143 3789 1199 3850 καί·
1219 3791 1417 3872 μεγαλουργῶν
1439 3791 1541 3872 ἀνατρέ-

265 3933 361 3992 χουσα,
386 3911 432 3971 καί
454 3911 487 3970 τά
511 3911 622 3970 ἐκείνων
648 3913 715 3992 ἔργα
739 3912 919 3992 μεγαλουργά
943 3914 1000 3987 ἅμα
1016 3911 1047 3972 ἀὲ
1062 3911 1109 3972 καὶ
1124 3914 1184 3972 θεῖα
1200 3911 1247 3972 καί
1262 3915 1378 3988 ἔνσεμνα
1395 3913 1540 3990 ἐπειγομένη

268 4034 396 4094 ἀνανεοῠν
419 4032 465 4092 καὶ
488 4032 522 4091 τά
542 4033 768 4109 ἀπονενεμημένα
785 4035 915 4094 ἀνέκαθεν
931 4036 987 4104 τοῖς
1004 4033 1157 4115 ἀρχιερεῦσι
1173 4041 1221 4110 τῆς
1236 4035 1367 4116 λαμπροῖς
1381 4042 1428 4110 της
1441 4035 1539 4106 Κυζίκου

266 4156 377 4228 πόλεως
401 4154 522 4232 ἐπίσημοι
537 4153 576 4232 τῷ
592 4153 728 4234 ίερωτοὶτῳ
745 4155 932 4236 μητροπολίτη
949 4155 1067 4226 Κυζίκου
1084 4155 1239 4236 ἐχαρίσατο,
1262 4158 1293 4215 τό
1307 4157 1447 4232 κεκτῆσθαι
1459 4159 1537 4217 τοῦτον

266 4277 392 4350 δηλονότι
414 4279 445 4336 τό
470 4277 607 4357 ἐμπρέπων
628 4277 770 4355 θπέρτιμον
791 4279 846 4348 τοῖς
866 4277 1017 4349 θεσπεσίοις
1036 4276 1190 4357 ἀρχιερεΰσί
1209 4297 1239 4338 τε
1259 4276 1305 4337 καὶ
1326 4275 1534 4364 [μητροπολίτας]

267 4397 385 4478 ἀξίωμα,
409 4397 455 4458 καί
477 4399 507 4458 τό
532 4400 634 4458 σοίκκον
657 4395 704 4458 καὶ
726 4398 920 4477 πολυοταθριον
945 4398 973 4456 έν
996 4400 1055 4470 ταῖς
1077 4397 1164 4470 θείαις
1180 4399 1382 4478 μυσταγωγίαις
1396 4403 1473 4460 τοῦτον
1486 4401 1532 4474 ἀμ-

266 4521 411 4597 πίσχεσθαι
433 4519 480 4579 καί
502 4520 701 4597 λαμπαδοῦχον
720 4523 881 4600 προτρέχειν
903 4521 980 4579 οιοτουΙ
1002 4520 1052 4578 ἀνά
1067 4526 1157 4579 πᾶσαν
1172 4523 1221 4595 τὴν
1239 4521 1320 4597 αὐτῆς
1337 4520 1442 4602 ένορίαν,
1470 4518 1531 4602 ἐμῷ

266 4640 312 4712 καὶ
329 4641 471 4726 διορίζεται
491 4643 508 4718 η
526 4641 652 4720 βασιλεία
669 4664 729 4721 μου,
754 4642 897 4724 θπέρτιμον
913 4643 1044 4722 λέγεσθαι
1060 4641 1106 4705 καί
1123 4644 1301 4720 ἀνομοίζεοθαι
1317 4645 1362 4706 τόν
1380 4643 1529 4724 διαληφθέντα
