3166 5298
51 2743 215 2834 νομ[ίαμο·τα]
246 2798 281 2810 ..
305 2795 313 2811 .
335 2752 387 2830 πρό
409 2769 481 2820 τινος
509 2749 533 2808 δ’
545 2748 598 2823 ήδη
626 2751 720 2828 καιροῦ
747 2747 888 2828 διωρίσατο
917 2749 936 2824 ή
963 2745 1092 2821 βασιλεία
1107 2767 1168 2826 μου,
1199 2745 1243 2804 ἵνα
1266 2743 1332 2828 δοθῇ

1 2891 2 2946 j
52 2869 84 2945 τῷ
102 2872 209 2950 τοιοότῳ
235 2871 363 2950 Μαρτίνῳ
387 2868 444 2930 ἀντὶ
467 2874 513 2930 τοῦ
537 2870 710 2944 δηλωθέντος
737 2870 857 2950 άγριδίου
880 2869 933 2928 ἀπό
955 2874 1005 2944 τῆς
1027 2867 1185 2944 οἰκονομίας
1206 2861 1240 2943 ής
1262 2887 1332 2926 κατ-

1268 363 1329 428 119

144 561 159 630 t
189 551 272 633 Εἶχε
300 553 357 616 καί
388 555 426 616 δι’
444 556 586 636 ἐρυθρῶν
614 561 821 639 γραμμάτων
852 565 910 635 τῆς
939 557 1121 634 βασιλικῆς
1150 556 1206 618 καί
1235 558 1331 628 θείας

51 677 156 756 χειρός
177 680 224 736 τό·
248 675 326 754 μηνί
349 673 518 758 ἀπριλλίῳ
540 677 585 750 κς’
692 683 718 754 ή.

143 805 287 860 Ιοαιιαιίίσο
302 805 354 860 Nr.
373 807 400 860 6.

214 1043 219 1070 ί

319 1055 413 1122 XXI.
438 1054 515 1121 Sino
537 1077 631 1142 anno,
660 1055 689 1120 9.
712 1057 832 1122 mensis
856 1055 1048 1122 decembris.

51 1222 101 1275 Ηασ
116 1221 269 1292 διομόσαιτο
287 1223 385 1277 Βαίου
406 1225 503 1277 iterum
516 1223 611 1278 sentit
625 1223 658 1277 άα
672 1223 839 1276 restitutione
854 1223 917 1294 αριά
931 1223 998 1277 dicti
1013 1221 1173 1292 Μοιιοορίία
1188 1221 1226 1276 ad
1240 1239 1329 1276 αιοιια-

364 1333 367 1338 “
619 1327 739 1380 statum.

334 1495 538 1574 Πρόσταγμα
560 1491 583 1566 ζ’
608 1492 651 1566 εἰς
673 1493 726 1570 τὴν
749 1493 849 1568 αθτὴν
872 1492 1035 1552 ὑπόθεσιν.

140 1658 157 1730 †
179 1651 278 1712 Οίκεῖε
301 1656 333 1732 τῇ
357 1649 486 1733 βασιλείᾳ
508 1670 569 1727 μου,
593 1650 736 1726 δομίστικε
756 1652 806 1730 κόρ
822 1649 936 1722 Ἰωάννη
952 1649 1142 1728 Ταρχανιωτη.
1165 1645 1329 1723 ήβασιλεία

51 1793 93 1845 μου
107 1773 247 1852 διορίζεταί
270 1793 320 1834 σοι.
343 1773 395 1853 πρό
417 1773 523 1852 χρόνων
546 1771 591 1832 διὰ
612 1771 819 1851 χρυσοβοίιλλου
841 1770 894 1830 ἀπό
917 1767 1055 1846 μεσιτείας
1076 1773 1126 1846 τῆς
1147 1770 1329 1850 περιποθήτου

52 1896 168 1976 θυγατρός
194 1901 245 1970 τῆς
272 1893 416 1968 βασιλείας
438 1915 499 1973 μου,
522 1899 571 1972 τῆς
593 1894 766 1970 ίψηλοτάτης
788 1891 940 1973 κραλαίνης
962 1896 1011 1966 τῆς
1034 1891 1251 1964 αἰιθεντοποίιλας
1273 1913 1330 1972 σου,

50 2019 107 2096 πρός
130 2018 178 2092 τήν
206 2017 280 2076 κατὰ
301 2019 331 2078 τό
359 2017 421 2097 δρος
443 2017 603 2076 Μενοίκεων
630 2016 803 2090 διακειμένην
826 2013 980 2091 σεβασμίαν
1002 2013 1087 2090 μονὴν
1109 2014 1158 2089 τήν
1181 2011 1221 2085 εἰς
1243 2013 1332 2090 όνομα

51 2141 191 2216 τιμωμένην
217 2143 265 2200 τοῦ
291 2137 379 2214 τιμίου
404 2141 538 2218 προφήτου
561 2137 722 2218 Προδρόμου
745 2134 792 2196 καί
813 2137 963 2196 Βατττιστοό
985 2136 1112 2195 Ἰωάννου
1134 2137 1165 2194 τό
1186 2133 1260 2215 παρὰ
1281 2140 1332 2210 τῆς

52 2262 160 2338 τοιαύτης
181 2267 270 2336 μονῆς
292 2261 481 2340 εὑρισκόμενον
504 2259 634 2340 άγρίδιον,
656 2259 687 2318 τό
710 2258 862 2336 λεγόμενον
886 2259 1075 2340 Μονόσπητον,
1099 2258 1165 2338 ὅπερ
1187 2255 1331 2335 κατείχετο

52 2386 164 2462 πρότερον
187 2383 234 2444 διὰ
255 2389 403 2462 πρακτικοῦ
426 2381 465 2454 εἰς
488 2380 643 2458 οἰκονομίαν
664 2380 739 2460 παρὰ
760 2383 806 2440 τοῦ
829 2378 929 2440 οἰκείου
951 2387 984 2462 τῇ
1005 2379 1133 2462 βασιλείᾳ
1148 2400 1210 2460 μου,
1234 2383 1331 2440 σεπτοθ

51 2503 128 2582 κυρίου
141 2505 300 2585 Νικηφόρου
321 2509 367 2566 τοῦ
382 2503 530 2584 Μαρτίνου,
555 2502 611 2564 όιντί
632 2504 780 2580 ποσότητος
803 2505 975 2578 νομισμάτων
990 2502 1019 2563 λ’
1036 2549 1043 2564 .
1062 2549 1069 2564 .
1088 2549 1094 2564 .
1110 2503 1177 2583 πρός
1199 2502 1278 2560 αἰιτόν
1300 2499 1332 2560 δὲ

51 2629 88 2684 τόν
108 2629 202 2688 σεπτόν
218 2627 357 2708 Μαρτίνον
381 2625 471 2686 ἐδίδου
493 2627 523 2686 τό
546 2626 597 2701 μὲν
618 2627 748 2706 πρότερον
772 2620 830 2684 ἀντὶ
852 2625 944 2686 τούτου
966 2627 1046 2704 χάριν
1061 2619 1204 2703 προσοδίου
1220 2624 1300 2684 αἰιτοῦ
1310 2621 1331 2705 ¹)

54 2993 103 3068 εἶχε
122 2991 181 3072 περί
202 2993 254 3064 τὰς
276 2993 380 3074 Σίρρας
402 2993 420 3068 ή
443 2993 563 3072 θυγάτηρ
584 2997 630 3052 τοῦ
654 2991 795 3068 Ῥωμαίου
818 2991 931 3062 ἐκείνους
954 2993 1072 3066 ποσότης
1094 2991 1268 3066 νομισμάτων
1291 2987 1331 3068 λ’,

54 3108 90 3168 διὰ
108 3115 136 3172 τό
157 3115 200 3174 ἵνα
215 3116 368 3191 κατέχηται
386 3116 417 3174 τό
433 3113 559 3190 δηλωθὲν
576 3111 696 3194 άγρίδιον
710 3112 785 3195 παρὰ
799 3119 848 3188 τῆς
864 3109 1010 3192 εἰρημένης
1026 3117 1111 3187 μονῆς
1128 3110 1332 3190 άνενοχλήτως,

55 3231 202 3313 ὶτυγχήτως
226 3234 273 3296 καί
294 3235 471 3310 οἰδιασείστως
488 3235 544 3295 ἀντί
559 3237 717 3315 ποσότητος,
741 3237 779 3306 ὡς
795 3233 961 3312 δεδήλωται,
984 3235 1156 3309 νομισμάτων
1172 3231 1211 3293 λ’.
1235 3230 1333 3313 ἀρτίως

56 3353 81 3412 δὲ
100 3356 242 3438 ἐγνώρισεν
265 3360 282 3433 ἡ
307 3357 436 3428 βασιλεία
459 3379 510 3434 μου
535 3355 565 3430 ἐξ
588 3359 724 3437 ἀναφορᾶς
745 3361 792 3418 τοῦ
814 3357 1021 3436 θεοφιλεστάτου
1045 3355 1192 3415 ἐπισκόπου
1214 3356 1331 3435 Ζιχνῶν,

55 3476 79 3546 ἒς
98 3483 273 3555 συνεστήσατο
295 3481 344 3555 τὴν
365 3482 488 3556 τοιαύτην
512 3482 596 3556 μόνην
619 3479 649 3553 ἐξ
672 3477 778 3540 οἰκείων
801 3480 892 3538 κόπων
914 3476 961 3538 καί
977 3473 1177 3556 ἀναλωμάτων,
1201 3478 1241 3536 ότι
1257 3475 1334 3536 οἰιδὲν

55 3601 159 3662 πείθεται
180 3605 195 3663 ό
220 3601 358 3676 δηλωθείς
379 3603 517 3682 Μαρτϊνος
540 3599 722 3674 ἀναδέξασθαι
746 3602 779 3660 ἐκ
799 3606 849 3677 της
871 3599 998 3680 ρηθείσης
1020 3598 1177 3675 οἰκονομίας
1198 3601 1245 3658 τοό
1261 3598 1293 3656 ‘P
1317 3633 1334 3644 -

57 3721 123 3793 μαίσυ
152 3726 257 3786 ἐκείνου
283 3726 331 3800 τἠν
361 3725 532 3802 δηλωθεῑσαν
554 3727 691 3798 ποσότητα
713 3729 765 3782 τῶν
788 3722 816 3782 λ’
840 3725 1012 3798 νομισμάτων
1034 3719 1081 3782 καὶ
1104 3719 1148 3780 διόι
1170 3723 1247 3780 τοῦτο
1270 3719 1334 3780 οὐδὲ

58 3844 81 3901 τό
100 3849 178 3926 μέρος
199 3855 250 3925 τῆς
274 3846 447 3922 δηλωθείσης
470 3853 556 3922 μονῆς
579 3845 690 3925 ἐγένετο
713 3845 804 3922 ἀκμὴν
828 3845 857 3906 ἐν
879 3851 986 3926 κατοχῇ
1008 3847 1055 3904 τοῦ
1070 3843 1197 3924 ῥηθέντος
1212 3841 1334 3922 άγριδίου

59 3969 95 4022 τοῦ
108 3967 293 4047 Μονοσπήτου,
316 3969 363 4028 καί
385 3969 562 4050 παρεκάλεσε
584 3967 631 4030 καί
654 3969 769 4044 ἐζήτησε
792 3965 838 4028 καί
862 3964 945 4046 αὖθις,
970 3967 1008 4038 ὡς
1031 3968 1063 4024 ἂν
1086 3963 1190 4046 διορίση
1212 3965 1230 4038 ή
1254 3961 1334 4038 βασι-

60 4084 114 4146 λεία
134 4111 183 4164 μου
205 4089 253 4152 καί
277 4091 401 4173 ἀπολυθῇ
423 4092 586 4170 πρόσταγμα
610 4088 649 4162 εἰς
671 4090 719 4168 τἠν
742 4087 802 4170 περὶ
824 4089 916 4149 τοίιτου
939 4087 1106 4168 δερέντευσιν
1129 4084 1176 4146 καὶ
1192 4080 1335 4146 ἀποκατά-

60 4227 135 4268 στασιν
155 4219 203 4288 τῆς
228 4211 374 4294 εἰρημένης
397 4217 493 4288 μονῆς.
528 4213 576 4288 τἠν
598 4216 664 4290 γοῦν
685 4211 858 4292 παράκλησιν
881 4212 960 4270 αὑτοῦ
981 4206 1189 4290 προεδεξαμένη
1211 4209 1230 4285 ή
1253 4207 1334 4283 βασι-

59 4325 112 4388 λεία
131 4353 179 4407 μου
203 4335 263 4412 ἔχει
287 4333 398 4410 θέλημα
419 4333 466 4394 καί
489 4334 633 4414 διορίζεταί
655 4355 705 4414 σοι,
737 4334 775 4406 ὡς
799 4335 841 4412 οίν,
863 4332 956 4404 καθὼς
978 4331 1140 4414 διακομισθῄ
1161 4329 1230 4411 πρός
1252 4329 1283 4390 σὲ
1305 4330 1336 4390 τό

60 4453 131 4529 πρὶν
150 4459 321 4538 πρόσταγμα,
345 4456 379 4518 ἐκ
400 4459 445 4518 τοῦ
466 4455 618 4537 παραυτίκα
639 4455 806 4538 παραδώοῃς
828 4455 858 4514 σίι
880 4455 948 4534 πρός
969 4453 1017 4529 τἠν
1040 4454 1169 4529 τουαίιτην
1185 4452 1271 4530 potat
1286 4453 1335 4528 τήν

150 4717 168 4782 ¹)
187 4712 257 4776 αὐτὸς
275 4718 296 4767 1.
