3222 5284
231 346 296 411 384

230 539 253 600 εἰ
278 539 310 600 δὲ
333 543 352 616 ἢ
374 540 436 613 τοίις
458 543 663 619 καταγομένους
687 539 718 615 ἐξ
741 543 821 602 αὑτοῦ
843 541 892 602 ούκ
915 541 976 620 έχοι
998 541 1071 620 ἡμὴ
1094 541 1156 622 περὶ
1178 543 1270 603 τούτου
1295 540 1430 617 διάθηται,
1456 561 1538 615 τηνι-

228 665 315 722 καύτα
345 662 429 722 πάλιν
460 661 574 744 δραμεῖν
596 663 626 722 τδ
650 661 836 739 μνημονευθὲν
867 663 972 724 δίκαιον
993 665 1062 745 πρδς
1083 665 1129 724 τδν
1150 661 1190 743 τῷ
1211 667 1304 744 χρόνῳ
1333 664 1537 743 προηκονταῆ

229 785 279 858 τὴν
301 786 472 863 προήκουσαν
496 784 529 844 ἐκ
550 789 604 844 τών
628 781 681 845 ἀπδ
703 791 753 861 τῆς
775 788 1024 866 πορρυρογεννητου
1046 791 1131 865 κυράς
1147 783 1246 862 Ἄννης
1268 783 1316 846 καί
1337 786 1386 860 τὴν
1406 785 1538 857 τοιαύτην

111 881 120 900 ’
230 905 358 978 διάστιξιν
381 907 450 967 ούτω
465 909 549 985 μέχρι
567 907 669 980 παντδς
690 906 855 987 προβαίνειν,
879 903 960 986 σίχρις
975 907 1009 968 θιν
1023 909 1041 982 ἡ
1057 913 1110 967 τῶν
1126 906 1179 968 ἀπίι
1193 913 1244 982 τῆς
1259 912 1351 986 σειρᾶς
1365 911 1415 983 τῆς
1430 904 1537 980 δηλω-

231 1027 325 1104 θείσης
354 1031 604 1109 πορρυρογεννήτου
634 1027 757 1109 διάρκεια
774 1031 978 1113 ,περισώζηται
1024 1029 1074 1089 οἰικ
1096 1025 1135 1099 εἰς
1165 1031 1264 1104 μόνους
1287 1027 1319 1088 δὲ
1341 1028 1403 1099 τοίις
1429 1027 1537 1099 παῖδας
1603 1027 1604 1030 ’

229 1152 247 1224 ἡ
271 1150 402 1228 ἐγγόνους
423 1153 441 1224 ἡ
464 1151 649 1231 τροεγγύνους
679 1150 762 1226 αὐτῆς
783 1152 962 1231 παραπέμψει
985 1150 1038 1211 ἀπδ
1068 1150 1202 1226 διαθήκης
1225 1152 1255 1210 τδ
1283 1153 1402 1210 τοιοῦτον
1426 1148 1535 1208 δίκαιον

229 1273 247 1345 ἡ
271 1272 531 1352 πορρυρογέννητος,
563 1273 601 1344 ώς
623 1268 729 1332 ἀνωθεν
752 1271 865 1352 εἴρηται,
896 1271 974 1332 ἀλλά
996 1269 1043 1332 καί
1066 1269 1106 1342 εἰς
1128 1273 1193 1348 μίαν
1215 1278 1269 1332 τών
1292 1271 1337 1332 ἐπί
1358 1293 1407 1332 τινι
1430 1273 1536 1331 τούτων

167 1373 172 1382 ’
231 1397 339 1472 νυμηών
363 1395 454 1470 αἰιτῆς,
482 1395 516 1468 ἦν
539 1396 572 1452 ἀν
596 1392 731 1476 βούλοιτο,
759 1392 807 1454 καί
828 1391 940 1466 καθέξει
960 1393 1008 1454 καί
1031 1394 1097 1469 αύιη
1120 1397 1203 1454 ταῦτα
1226 1395 1363 1472 ὡσαύτως,
1390 1393 1470 1474 είπερ
1495 1395 1534 1468 μὴ
1604 1401 1605 1452 ἰ

229 1515 297 1593 πρδς
327 1516 418 1595 ἕτερον
445 1517 536 1592 γάμον
558 1514 662 1575 ἀπίδοι·
694 1514 717 1576 εἰ
739 1515 793 1594 γὰρ
816 1517 884 1594 πρδς
905 1519 997 1576 τοῦτον
1020 1515 1173 1596 ἀποκλίνοι,
1205 1515 1283 1587 εἰιθδς
1306 1517 1462 1576 ἐκπεσεῖται
1487 1519 1535 1574 ταῖν

230 1639 350 1696 τοιούτου
374 1635 476 1697 δικαίου
498 1637 744 1718 περιελευσομένου
766 1640 875 1708 πάντως
890 1623 958 1717 π’ρίνς
977 1636 1025 1712 τὴν
1042 1638 1075 1697 ἐκ
1088 1643 1138 1715 τῆς
1159 1640 1407 1717 πορρνρογεννήται
1427 1639 1534 1717 σειράν,

230 1761 323 1839 ώοιτερ
354 1759 458 1838 ἀρειλει
488 1757 608 1838 γίνεσθαι
640 1757 865 1839 ἀπαραλλάκτως
887 1725 934 1818 καί
958 1757 1077 1818 ἐπὶτῶν
1101 1759 1198 1818 ἀλλων
1219 1765 1314 1818 πασῶν
1336 1763 1457 1837 νυμρών,
1491 1750 1535 1828 αἷς

230 1884 259 1941 ιδ
282 1884 399 1942 τοιοῦτον
430 1882 546 1962 άρμύοοι
576 1881 680 1942 δίκαιον
703 1881 756 1941 ἀπο
784 1885 970 1960 παραπομπῆς
992 1901 1065 1953 τινος
1087 1879 1141 1940 τῶν
1171 1883 1248 1940 τούτο
1271 1882 1462 1957 κτησαμένων,
1496 1881 1535 1950 ώς
1605 1945 1606 1954 ³

231 2003 335 2062 ἀνωθεν
358 2002 477 2084 εἴρηται·
501 2005 531 2064 οἰι
554 2003 607 2082 γὰρ
631 2005 701 2085 μόνῃ
723 2009 757 2085 τῇ
779 2005 1030 2084 πορρυρογεννήτῳ,
1053 2001 1131 2062 ἀλλά
1152 1999 1199 2062 καί
1221 2005 1277 2074 τοῖς
1300 1998 1332 2074 ἐξ
1354 2003 1441 2079 αὐτῆς
1461 2023 1534 2060 κατ-

231 2126 378 2203 αγομένοις
401 2123 508 2197 ἐξέσται
530 2126 722 2206 παραπέμπειν
744 2129 821 2185 τοῦτο
844 2124 897 2184 άπδ
921 2124 1064 2204 διαθήκης,
1097 2121 1120 2184 εί
1144 2124 1295 2202 βούλοιντο,
1327 2121 1367 2194 τίς
1390 2123 1456 2198 μίαν
1479 2129 1534 2182 τῶν

232 2243 276 2304 έπί
298 2247 355 2318 τοῖς
378 2243 409 2318 ἐξ
433 2247 516 2323 αἰιτῆς
546 2253 654 2327 νυμφῶν
681 2245 778 2324 αἰιτών,
811 2246 916 2306 ἐκείνου
938 2251 991 2306 τῶν
1014 2247 1246 2325 ὁμολογουμένων
1269 2240 1340 2304 εἰναι
1362 2245 1533 2324 ὀφείλοντος,
1606 2283 1607 2316 ;

230 2367 269 2438 ώς
293 2364 315 2425 εἰ
337 2365 385 2427 καί
409 2366 563 2448 ἰδικώτερον
585 2371 632 2428 τού
656 2369 768 2447 άρρενος
790 2369 887 2447 γένους
910 2368 1118 2443 μνημονεύομεν
1141 2369 1234 2445 μόνου,
1258 2362 1399 2426 ἀλλὰκαὶ
1415 2367 1446 2425 τό
1461 2367 1534 2442 θῆλυ

230 2491 398 2549 συννοεῖσθαι
420 2491 505 2570 τούτῳ
527 2489 632 2568 δρείλει
654 2487 700 2549 καί
723 2491 762 2562 ώς
784 2488 831 2549 καί
847 2490 910 2550 αὐτδ
934 2490 1137 2568 ἐκρωνούμενον
1159 2489 1327 2567 λογίζεσθαι,
1352 2489 1417 2548 ὅσον
1434 2487 1479 2547 ἐπὶ
1494 2485 1534 2566 τῷ

233 2609 294 2692 περί
317 2616 370 2670 τών
394 2608 551 2688 οἰκημάτων
573 2612 673 2672 τούτων
695 2609 847 2690 κεφαλαίῳ.

336 2731 369 2792 Εἰ
393 2733 429 2812 δ’,
443 2734 522 2813 (ὅπερ
545 2731 724 2815 ἀπεύχομαι),
747 2734 766 2810 ἡ
789 2735 935 2812 συγγένεια
958 2731 1103 2812 ἐπιλείψει,
1134 2733 1173 2804 ὡς
1196 2730 1334 2809 μηδεμίαν
1357 2732 1391 2792 ἐκ
1412 2739 1464 2808 τῆς
1485 2737 1534 2793 τού

230 2857 327 2934 γένους
344 2860 393 2929 τῆς
407 2857 655 2936 πορρυρογεννήτου
670 2861 755 2936 κυρᾶς
767 2852 868 2930 Ἄννης
883 2861 976 2936 σειρᾶς
986 2849 1192 2936 περισώζεοθαι,
1209 2857 1355 2930 τηνικαῦτα
1368 2854 1532 2936 διορίζομαι,

231 2978 264 3037 τά
286 2981 395 3037 τοιαῦτα
419 2975 556 3052 οἰκήματα
573 2974 611 3047 εἰς
626 2975 674 3053 τὴν
699 2973 822 3049 ἐξουσίαν
837 2982 886 3052 τῆς
907 2975 1064 3054 γυναικείας
1078 2975 1177 3051 ταύτης
1197 2981 1283 3051 μονῆς
1298 2975 1534 3036 ἀποκαθίστασθαι

229 3097 326 3158 καὶτὰ
342 3097 393 3174 μὲν
410 3105 459 3175 τῆς
475 3096 529 3170 ἔξω
546 3098 634 3174 αίιλῆς
649 3095 787 3174 οἰκήματα
807 3098 1091 3176 μετασχηματίζεσθαι
1108 3095 1148 3169 εἰς
1164 3097 1293 3176 ἐνοικικά,
1318 3095 1365 3157 καί
1380 3098 1430 3172 τὴν
1444 3099 1533 3177 πρόσ-

233 3220 296 3281 οδον
312 3218 411 3280 τούτων
433 3221 598 3299 καρποῦσθαι
615 3221 663 3295 τὴν
687 3221 783 3298 μονήν,
806 3218 840 3278 τά
856 3218 887 3278 δέ
902 3225 953 3296 τῆς
969 3219 1022 3279 έοω
1038 3218 1127 3292 αἰιλῆς
1141 3217 1282 3298 περιελεῖν
1296 3217 1344 3278 καὶ
1358 3225 1393 3300 τῇ
1408 3220 1461 3294 μὲν
1476 3221 1532 3300 ύλη

232 3342 398 3420 χρήσασθαι,
421 3341 515 3413 καθώς
531 3340 598 3423 αἰπη
622 3339 765 3418 βουλητὸν,
788 3339 828 3420 τῷ
851 3339 882 3400 δὲ
906 3340 998 3419 ἐδάρει
1015 3338 1054 3413 εἰς
1076 3339 1221 3422 περιβόλιά
1236 3361 1265 3400 τε
1281 3339 1328 3400 καί
1350 3339 1535 3422 παραδείσους

234 3462 399 3542 ἐπικερδεῖς,
422 3455 461 3521 ών
483 3463 532 3534 τὰς
554 3463 703 3543 προσόδους
725 3464 833 3534 άπάοας
854 3463 872 3536 ἡ
896 3461 965 3538 μονὴ
988 3463 1162 3542 καρπώσεται
1177 3461 1247 3537 μετὰ
1267 3459 1314 3521 καὶ
1328 3467 1383 3521 τών
1397 3461 1531 3542 λουτρῶν.

337 3582 373 3642 Οί
396 3586 490 3659 μέντοι
511 3585 560 3658 τἠν
582 3586 669 3660 νομήν
690 3603 720 3642 τε
735 3580 783 3642 καί
805 3583 910 3658 οἴκησιν
932 3582 1003 3643 κατὰ
1024 3583 1135 3662 καιρούς
1158 3583 1234 3661 ἔχειν
1256 3583 1413 3662 ὀφείλοντες
1430 3584 1531 3656 ἐντοῖς

233 3703 395 3781 δηλωθείσιν
424 3703 569 3781 οἰκήμασιν
601 3704 728 3780 εἰιλαβώς
751 3705 781 3764 ἐν
808 3706 898 3778 αῐντοῑς
928 3703 1047 3778 διάξουσι
1069 3701 1116 3765 καί
1146 3705 1297 3785 περικοπὴν
1319 3724 1379 3765 τινα
1400 3711 1436 3786 τῇ
1459 3712 1530 3786 μονῇ

232 3833 281 3902 τῆς
304 3827 541 3907 Κεχαριτωμὲνης
562 3828 593 3886 τύ
615 3826 728 3886 σύνολον
751 3825 801 3886 ούκ
824 3823 980 3898 ἐπάξουσιν·
1006 3823 1094 3899 ἕξουσι
1111 3825 1142 3886 δέ
1162 3825 1205 3886 ἐπ’
1216 3825 1310 3898 ἀδείας
1331 3825 1442 3906 κτίζειν,
1468 3827 1533 3886 ἔνθα

232 3947 378 4024 βούλονται
401 3949 476 4019 ἐντος
498 3953 548 4025 τῆς
562 3955 696 4029 περιοχῆς
717 3953 771 4008 τών
795 3947 1009 4028 ἐκχωρηθέντων
1033 3949 1121 4018 αὐτοϊς
1144 3945 1312 4028 οἰκημάτων,
1336 3945 1383 4007 καί
1405 3953 1532 4008 τοσούτου

232 4071 324 4150 ύψούν,
348 4071 418 4129 ώστε
442 4070 481 4146 μὴ
504 4071 679 4130 κατοπτεύειν
702 4089 727 4130 τι
748 4074 802 4128 τών
818 4069 848 4128 ἐν
866 4075 900 4150 τῇ
924 4062 1035 4149 ἀνδρῴα
1057 4073 1137 4150 μονῇ,
1161 4067 1264 4150 είτειῄ
1286 4069 1440 4152 γυναικείᾳ,
1463 4070 1531 4129 ἀλλ’

232 4191 296 4252 οἰιδὲ
318 4192 431 4272 γυρόθεν
453 4198 507 4252 τών
530 4189 622 4272 ἀργῶν
648 4191 748 4270 τοίχων
772 4196 820 4266 τῆς
843 4195 929 4267 μονῆς
951 4193 969 4265 ἢ
993 4195 1047 4250 τών
1070 4189 1228 4266 οἰκημάτων
1256 4189 1487 4266 ἐπακουμβίσουσί
1508 4212 1531 4250 τι

232 4313 344 4394 οίκημα,
375 4313 442 4374 ἀλλ’
455 4313 590 4396 ἐλεύθερα
618 4315 704 4389 πάντη
736 4313 853 4392 ἔσονται,
884 4312 976 4384 καθώς
1005 4311 1071 4391 παρ’
1083 4313 1162 4389 ἡμῶν
1191 4313 1330 4391 γεγόνασι.
1377 4308 1469 4384 ξένοις
1500 4312 1530 4372 δέ

231 4428 386 4516 προείποις
407 4438 425 4510 ἡ
449 4435 483 4495 δι’
497 4434 719 4512 ἀπεμπολήσεως
740 4437 758 4510 ἢ
783 4435 941 4509 μισθώσεως
962 4436 981 4508 ἡ
1002 4429 1215 4512 ἀνταλλαγῆςῆ
1237 4431 1376 4514 δωρεάςί,
1392 4434 1530 4509 ύποθόκης

233 4559 251 4632 ἢ
276 4557 403 4636 ένιχύρου
425 4561 443 4631 ἢ
460 4558 551 4636 ἐτέρου
572 4555 730 4632 οἰουδηποτε
746 4557 843 4638 τρέπου
858 4555 922 4636 παρ’
935 4553 1045 4626 ουδενδς
1059 4560 1113 4614 τών
1127 4557 1281 4634 προσώπων
1303 4559 1357 4614 τών
1373 4555 1531 4634 δρισθέντων

233 4679 380 4758 ἔχειντὴν
403 4684 457 4738 τῶν
489 4679 730 4756 μνημονευθέντων
761 4675 917 4755 οἰκημάτων
949 4675 1072 4753 κατοχὴν
1094 4674 1141 4736 καί
1163 4677 1249 4751 νομὴν
1272 4677 1290 4751 ό,
1312 4676 1414 4736 τούτων
1436 4683 1531 4756 χρῆσις
