3240 5286
226 345 290 412 262

329 539 419 618 ήὮς
446 541 575 620 ἀγαπητὰ
600 541 634 602 τά
655 543 823 620 σκηνώματα
845 563 902 623 σου,
934 546 1009 624 κύριε
1030 549 1084 604 τῶν
1108 544 1259 626 δυνάμεων,
1284 545 1371 621 Δαβίδ
1395 549 1411 605 ό
1433 547 1520 625 μέγας

226 661 300 742 παρὰ
329 662 401 722 θείου
430 666 689 742 καταχαριτωμενος
701 667 722 742 1)
752 665 903 741 πνεύματος
934 664 981 726 καί
1011 664 1100 746 δέλτῳ
1126 667 1214 727 πάλαι
1241 667 1381 748 λατρεύων
1407 667 1521 740 πίστεως

226 790 403 864 χαρμονικῶς
430 784 476 844 διὰ
504 783 624 858 διανοίας
646 786 756 865 ὑψηλῆς
777 785 816 866 τῷ
839 785 987 867 ίιπερουσίῳ
1010 793 1063 847 τῶν
1086 789 1211 849 ἁπάντων
1233 788 1295 870 περὶ
1318 790 1423 866 δυσμὰς
1444 789 1521 865 ήλίου
1613 800 1614 856 ί

228 908 311 983 μόνος
338 909 414 986 μόνῳ
442 907 651 989 διαμαρτύρεται
678 908 743 987 θεῷ.
789 910 918 988 ἀγαπητά
946 909 977 971 δὲ
1005 908 1172 988 σκηνώματα
1198 911 1232 970 τὰ
1255 909 1374 992 ἐρημικοί
1397 909 1449 972 τίσι
1470 918 1522 972 τῶν

228 1035 358 1107 μοναχῶν
383 1031 556 1112 καταγώγια,
588 1031 617 1090 ἐν
644 1023 685 1103 σίς
706 1031 722 1090 ό
743 1033 835 1112 κύριος
856 1037 910 1092 τῶν
933 1032 1074 1108 δυνάμεων
1097 1031 1136 1113 τῷ
1159 1033 1267 1113 ἀοράτῳ
1289 1031 1336 1094 καί
1358 1035 1523 1113 σοντακτυιῷ

228 1151 318 1232 χαίρει
341 1151 402 1232 βίῳ,
432 1151 527 1212 πέπλα
552 1157 602 1228 τῆς
629 1153 793 1232 ὡραιότητσς
822 1155 902 1214 αίιτοῦ
928 1154 962 1213 τὰ
989 1154 1129 1234 ἀγγελικδ
1151 1153 1265 1214 είσάπαν
1287 1156 1449 1232 ποιούμενος
1471 1163 1524 1215 τῶν
1614 1168 1615 1184 ²

230 1272 415 1355 ἀναχωρητῶν
437 1275 560 1352 χιτώνια,
589 1274 677 1349 θοὴν
698 1273 841 1351 πάνδημον
863 1274 909 1335 καί
931 1279 1142 1358 κοσμοκράτορα
1163 1275 1374 1358 περιπεπαίχασι
1396 1283 1451 1338 τῶν
1472 1299 1524 1358 γυ-

230 1401 330 1456 ναικῶν
361 1397 471 1477 μιαρόν,
501 1395 683 1473 πανλιθβητον
712 1396 759 1458 καί
791 1397 965 1474 πανάθεσμον
994 1398 1161 1478 σαρκοβόρον
1193 1398 1262 1479 δψιν,
1293 1402 1312 1474 ή
1340 1396 1453 1475 ἔξαιμον
1479 1402 1525 1460 τόν

229 1519 387 1598 προπάτορα
418 1515 610 1599 διειργασμένη
640 1519 747 1598 ρυγάδα
776 1524 822 1579 τοῦ
850 1517 1069 1601 παντοκράτορος
1095 1525 1129 1601 τῇ
1153 1522 1251 1598 ἑαυτῆς
1274 1519 1389 1602 βεβήλῳ
1412 1519 1526 1604 αίαχθνη
1615 1595 1616 1598 ¹

231 1633 470 1720 κατεγραῴδησεν,
502 1642 532 1699 δν
554 1635 676 1721 γραίδιον
699 1642 797 1717 λοιμοῦ
819 1642 865 1700 τόν
888 1645 941 1720 γής
963 1639 1010 1702 καί
1032 1641 1173 1718 θαλάσσης
1195 1641 1328 1719 δεσπότην
1350 1644 1469 1724 νρίριον,
1497 1643 1527 1703 ἐν
1615 1615 1616 1678 ί

231 1759 312 1840 μυχῷ
334 1761 500 1840 ἀλογσνοίας
523 1762 580 1834 βίον
605 1764 721 1838 ἄθεσμον
743 1765 761 1837 ή
785 1761 1023 1843 σκωληκόβρωτος
1044 1761 1234 1843 προξενήσασα
1254 1767 1299 1826 τδν
1316 1766 1415 1842 έαυτής
1429 1767 1528 1846 τρόπον

233 1885 342 1962 ἄμαχον
369 1885 432 1944 όντα
462 1885 490 1956 ἐς
516 1885 551 1944 τὰ
577 1885 673 1946 πολλὰ
699 1885 945 1966 προυβεβλημένη·
976 1885 1006 1944 δν
1033 1885 1102 1962 δῆτα
1130 1886 1176 1947 διὰ
1201 1888 1232 1948 τό
1255 1885 1365 1963 ἰοβόλον
1389 1882 1529 1947 εἶναικαὶ

232 2004 429 2088 κρυριοδήκτην
452 2007 518 2085 όρεα
541 2007 558 2081 ή
582 2007 642 2066 θεία
663 2005 711 2066 καί
732 2007 914 2088 θεοκήρυκτσς
937 2005 1083 2083 διεσήμηνε
1106 2009 1283 2082 θεόπνευστος
1306 2012 1412 2088 γραφή·
1436 2010 1451 2068 ό
1471 2008 1530 2088 όρις

232 2129 286 2209 γὰρ
312 2130 438 2206 ήπάτησὲ
465 2151 501 2204 με
523 2128 570 2189 καί
594 2131 694 2209 ἔραγον
718 2131 800 2210 μέχρι
822 2130 900 2190 τσῡδε
922 2131 1095 2209 πτερνίζοντα
1117 2132 1148 2190 τό
1170 2131 1325 2211 ἀρρενωπόν
1347 2135 1530 2210 στσνσίχισμα,

233 2247 477 2334 θποσκελίζσντάθ)
502 2249 600 2311 τεκαὶ
623 2252 856 2332 θανατηηορσῡντα
879 2253 909 2312 τδ
931 2257 984 2312 τῶν
1007 2252 1085 2313 θείων
1108 2251 1283 2327 καὶσεμνῶν
1307 2251 1412 2330 λογίων
1435 2251 1531 2332 ἀγλαί-

231 2377 299 2448 ίσμα
326 2373 341 2431 ό
368 2372 457 2446 βόθισς
480 2371 526 2432 καί
547 2372 725 2448 παλαμναῖος
747 2373 882 2449 πολέμιος
903 2375 918 2432 ό
939 2378 986 2434 τοῦ
1009 2372 1140 2449 διαβόλου
1163 2376 1308 2454 ἑρμηνεὺς,
1339 2375 1354 2434 ό
1376 2370 1493 2448 σκώληξ
1516 2376 1532 2433 ό

234 2493 392 2572 ἀκοίμητος.
439 2494 531 2555 δίδωσι
560 2495 645 2554 τοίνυν
675 2495 693 2569 ή
724 2493 852 2568 βασιλεία
882 2515 933 2570 μου
963 2491 1046 2568 δόξαν
1076 2495 1115 2574 τῷ
1147 2497 1202 2575 θεῷ
1226 2495 1270 2556 ἐπὶ
1294 2492 1350 2581 [τῇ]
1372 2499 1420 2556 τοῦ
1442 2495 1533 2576 όρεως

233 2619 310 2698 ήττᾳ,
340 2619 358 2692 ή
387 2617 432 2676 διὰ
458 2621 508 2694 της
530 2622 583 2676 τῶν
606 2621 737 2694 μοναχῶν
759 2619 981 2696 προπαιουχείται
1003 2623 1189 2694 πνευματικῆς
1212 2618 1287 2690 θείας
1308 2617 1355 2678 καὶ
1376 2616 1454 2697 ἱερᾶς
1475 2621 1533 2697 ρά-

234 2739 352 2818 λαγγος,
383 2733 418 2815 ἧς
446 2737 593 2820 ταξίαρχος
623 2737 669 2800 καὶ
699 2739 824 2820 πρθτανις
854 2740 868 2798 ό
898 2741 988 2818 μέγας
1010 2743 1056 2799 τοῦ
1078 2739 1169 2821 κυρίου
1192 2742 1289 2816 ἕστηκε
1314 2739 1485 2820 Πρόδρομος,
1517 2741 1534 2798 ό

235 2865 343 2941 φαεινός
373 2863 469 2943 όρθρος
499 2865 546 2922 τοῦ
572 2861 651 2936 ἡλίου
677 2867 728 2938 τῆς
751 2861 913 2941 δικαισθνης,
945 2857 982 2948 [ό]
1005 2861 1054 2937 τἠθ
1077 2867 1127 2938 πής
1148 2861 1278 2938 καμήλου
1302 2856 1384 2942 δορόιν
1405 2862 1534 2940 χαλκοῦν
1618 2917 1619 2930 ,

235 2979 290 3046 οἶόν
321 3005 380 3044 τινα
410 2984 522 3064 θώρακα
550 2987 596 3044 τοῦ
627 2983 823 3044 ἑαυτοίιθείου
849 2981 897 3044 καί
923 2982 1075 3063 ἀγγελικοῦ
1098 2985 1224 3059 σώματος
1247 2983 1534 3063 θπσκρεμαννόμενος,

234 3107 283 3183 τήν
307 3106 339 3166 ἐκ
361 3107 455 3186 χειρός
478 3109 571 3183 μάχην
594 3109 640 3166 τοῦ
661 3109 781 3185 πονηροῦ
802 3103 849 3165 καί
871 3107 1079 3186 τρισαποστάτου
1101 3107 1319 3184 τεκμαιρομένην
1336 3104 1478 3183 διαβόλου,
1502 3108 1535 3164 τό

235 3229 365 3308 γραρικδν
388 3228 676 3306 ἀνακεραλαιουμένην
699 3227 795 3306 λόγων
817 3231 863 3287 τοῦ
885 3229 1117 3306 παντοκράτορος·
1151 3227 1251 3306 ἔχθραν
1274 3226 1348 3301 θήσω
1372 3225 1424 3285 ἀνὰ
1447 3227 1536 3302 μέσον

238 3371 296 3429 σου,
328 3346 380 3408 ἀνθ
403 3351 486 3424 μέσον
508 3353 554 3409 τοῦ
578 3350 730 3427 σπέρματός
753 3369 800 3408 σου
822 3346 868 3408 καί
892 3347 943 3407 ἀνδι
966 3349 1048 3422 μέσον
1070 3351 1116 3407 τοῦ
1139 3349 1294 3427 σπέρματος
1317 3349 1408 3423 αὐτής.
1447 3350 1478 3407 τό
1502 3348 1539 3406 δὲ

239 3471 290 3530 σἰνίι
313 3473 396 3548 μέσον
419 3491 464 3530 σου
486 3467 533 3530 καί
556 3474 600 3530 τοῦ
624 3471 777 3548 σπέρματός
800 3491 846 3529 σου
868 3468 914 3529 καί
936 3473 982 3528 τοῦ
1004 3471 1159 3549 σπέρματος
1182 3471 1272 3548 αὐτῆς,
1296 3471 1371 3528 τοῦτό
1393 3469 1464 3528 ἐστιν
1481 3470 1538 3528 ἀνὰ

239 3597 321 3672 μέσον
344 3595 468 3674 Χριστοῦ,
499 3613 586 3672 ρησιν,
616 3589 662 3651 καὶ
692 3591 743 3650 ἀνὰ
773 3593 856 3666 μέσον
885 3595 931 3652 τοῦ
961 3592 1117 3671 σπέρματος
1140 3590 1266 3670 Ἀβραὰμ
1296 3589 1343 3650 καί
1373 3590 1426 3648 ἀνὰ
1449 3593 1537 3665 μέσον

238 3719 392 3797 σπέρματος
414 3721 463 3790 τῆς
487 3711 638 3788 ἐκκλησίας
662 3713 762 3793 ἔχθραν
787 3713 904 3774 ἐκθεῖναι
923 3714 971 3788 τήν
986 3717 1031 3772 τοῦ
1048 3711 1188 3791 διαβόλου,
1211 3710 1273 3773 καθ’
1282 3713 1311 3772 δν
1327 3713 1344 3786 ἡ
1359 3711 1537 3793 προδρομικὴ

239 3840 493 3918 ἀντιπαρατάττεται
523 3833 765 3918 περιπροκοίμηλος
796 3835 871 3916 δορά,
902 3837 950 3910 την
973 3835 1044 3894 κατὰ
1065 3839 1111 3896 τοῦ
1134 3833 1266 3909 διαβόλου
1289 3834 1456 3911 σημαίνουσα
1480 3842 1538 3894 τῶν

238 3963 318 4022 θείων
345 3958 450 4038 ἀνδρῶν
479 3959 611 4018 ἄπαυστον
638 3957 827 4038 μνησικακίαν,
860 3957 919 4032 μεθ’
932 3959 965 4032 ήν
991 3958 1040 4033 τὴν
1067 3962 1116 4031 τῆς
1144 3955 1307 4036 δερματίνης
1335 3958 1424 4032 ζώνης
1446 3977 1537 4037 πρσσ-

240 4081 333 4162 ρναίαν
361 4081 599 4156 θνακυκλοίιμενος
626 4080 822 4160 ἱματικωτέραν
849 4099 879 4138 τε
901 4079 1044 4161 περίδεσιν,
1074 4081 1092 4154 ή
1119 4079 1167 4154 τήν
1195 4076 1325 4151 βασιλίδα
1351 4083 1405 4137 τῶν
1430 4077 1540 4158 ἀρετῶν

239 4202 287 4264 καί
309 4203 533 4284 συμπεριεκτικὴν
557 4201 658 4278 ἐδήλου
681 4199 800 4281 ἀγάπην,
823 4201 872 4275 τήν
894 4201 981 4260 πάντα
1004 4200 1055 4276 μὲν
1078 4199 1111 4259 τὰ
1134 4195 1226 4278 ἀγαθὰ
1247 4197 1420 4279 συνδέουσαν,
1444 4203 1541 4260 πάντα

241 4327 327 4386 δὲτὰ
351 4326 458 4386 ἐναντία
479 4325 667 4406 προτροπάδην
690 4322 954 4401 ἀποδιοπομποίισαν,
977 4320 1039 4402 περί
1060 4315 1094 4397 ής
1117 4319 1273 4398 δοξασμένα
1296 4319 1439 4398 ἐλαλήθη·
1463 4343 1541 4404 προ-

241 4503 352 4511 --u

348 4613 367 4678 ¹)
385 4609 439 4678 περὶ
457 4608 521 4660 θείου
540 4607 725 4677 κατηχοώμινος
744 4610 777 4658 D.
851 4609 871 4674 ²)
890 4605 1071 4666 θποσιελίζοντα
1087 4608 1120 4658 D.
1140 4609 1225 4659 Τοόιω
1243 4607 1319 4657 locus
1336 4607 1400 4658 inde
1418 4623 1437 4659 a
1454 4609 1546 4660 verbo

244 4704 340 4776 φυγάδα
357 4713 399 4758 σοι
416 4705 495 4756 valde
513 4705 648 4768 obscurus,
666 4719 718 4754 noe
736 4703 817 4770 piane
835 4701 1005 4770 intelligitur,
1023 4703 1088 4768 quid
1105 4703 1156 4754 sibi
1175 4702 1241 4754 velit
1258 4701 1391 4754 fulmins.
