3240 5286
233 279 297 342 296

233 472 328 549 ὄγκοις
351 472 389 542 ὡς
413 471 509 530 ἐπίπαν
532 470 578 530 καὶ
602 473 711 549 μέτροις
731 471 779 546 σήν
801 475 847 530 τοῦ
869 473 1038 550 παρέχοντος
1061 471 1179 529 διάθεσιν
1202 469 1341 549 κρίνομεν·
1367 467 1443 542 οὗτος
1467 473 1502 530 δὲ
1525 473 1539 530 ό

232 593 459 672 πανυπεράγαθος
493 593 556 664 θεδς
590 593 669 667 ἡμῶν
701 591 734 650 ἐκ
761 595 808 651 τοῦ
838 594 876 666 μὴ
913 591 989 663 όντος
1019 590 1058 661 είς
1087 594 1118 651 τό
1148 587 1218 650 εἶναι
1247 594 1416 672 παραγαγὼν
1446 594 1537 670 ήμσῖς,

233 713 279 775 καί
302 717 389 775 πάντα
411 717 476 791 ήμῖν
498 716 692 796 παρεσχηκώς,
723 713 813 772 θυσίαν
842 709 949 792 ἡγεῖάαι
971 717 1064 792 ταῖπα,
1096 715 1197 794 όσαπερ
1222 713 1317 794 ἐκείνῳ
1341 714 1386 774 διά
1407 721 1457 789 τής
1479 719 1536 772 τῶν

232 839 356 912 πενήτων
385 835 506 908 εὐποιίας
534 833 694 914 εἰσοίσομεν,
725 834 875 894 τοθναντίον
904 841 1010 916 μετρῶν
1041 819 1089 910 τἠν
1118 835 1250 895 ἀντίδοσιν
1278 841 1312 916 τῇ
1338 841 1384 895 τοῦ
1413 835 1536 907 διδόντος

234 957 352 1018 διαθέσει
375 957 421 1017 καί
445 959 483 1032 μὴ
505 963 539 1036 τῇ
563 953 627 1038 ἀξίᾳ
649 960 694 1016 τοῦ
718 953 873 1030 διδομένου·
898 955 922 1014 εί
945 955 975 1014 δὲ
995 955 1042 1015 καί
1059 955 1170 1036 βραδεῖς
1185 955 1234 1016 καί
1249 959 1450 1038 νεναρκωμένοι
1465 960 1535 1036 πρός

233 1080 267 1139 τά
282 1077 394 1160 κρείττω
408 1082 590 1158 τυγχάνομεν,
605 1077 653 1137 καί
668 1078 845 1158 ἀγνωμοσύνῃ
860 1079 1032 1157 κεχρήμεθα,
1050 1079 1117 1137 ἀλλ’
1127 1080 1205 1151 αθτός
1221 1080 1306 1157 ταχίις
1322 1079 1391 1138 ἐστιν
1405 1077 1444 1150 εἰς
1457 1080 1536 1137 ἀντί-

234 1201 328 1280 ληψιν,
351 1199 397 1260 καὶ
419 1204 529 1260 τοσοῦτο
552 1197 592 1272 είς
615 1199 801 1278 μακροθυμίαν
824 1197 870 1258 καὶ
893 1197 1105 1279 συγκατάβασιν,
1133 1201 1196 1260 όσον
1219 1199 1275 1260 οὔδ’
1290 1199 1328 1272 εἰς
1351 1205 1411 1260 νοῦν
1434 1200 1537 1273 λαβεῖν

236 1324 342 1403 ἐφικτόν
369 1321 521 1404 ἀνθρωπίνῃ
544 1322 617 1398 φύσει
640 1319 686 1379 καί
700 1318 824 1402 διανοίᾳ,
855 1320 904 1394 τὴν
928 1319 1088 1399 ἐπιστροφὴν
1111 1321 1190 1395 ήμῶν
1214 1321 1400 1400 ἐκδεχόμενος
1424 1324 1537 1393 πάντως

234 1443 281 1504 κσιὶ
307 1443 338 1504 τό
364 1449 413 1519 τῆς
440 1443 525 1521 όργής
552 1441 782 1516 ἀναβαλλόμενος
811 1441 938 1520 ἄκρατον,
969 1441 1013 1500 ἵνα
1039 1443 1133 1522 καιρός
1156 1449 1188 1524 τῇ
1217 1443 1347 1525 μετανοίᾳ
1370 1441 1447 1524 δοθῇ.
1493 1443 1537 1514 τίς

235 1565 330 1636 ίκανδς
343 1564 362 1645 Ι)
388 1564 602 1641 ἐκδιηγήσασθαι
624 1564 672 1637 τήν
691 1565 759 1642 πρός
774 1565 848 1639 ἡμᾶς
864 1563 973 1642 ἄπειρον
991 1565 1069 1622 αὺτοῦ
1085 1563 1286 1644 φιλανθρωπίαν
1301 1561 1348 1622 καὶ
1363 1563 1536 1642 ἀγαθότητας

235 1688 319 1758 όντως
342 1685 440 1764 οθδείς,
463 1685 526 1745 ουδὲ
549 1691 602 1744 τῶν
628 1685 655 1743 έν
677 1681 776 1764 πράξει
791 1682 837 1744 καὶ
853 1684 954 1766 θεωρίᾳ
969 1685 1191 1760 τετελειωμένων
1208 1684 1323 1764 ἀνδρῶν,
1348 1687 1411 1760 μήτι
1426 1705 1460 1761 γε
1479 1685 1536 1762 ἐγὼ

235 1811 250 1867 ό
272 1809 371 1868 τοίιτων
394 1807 553 1887 ἀμφοτέρων
575 1804 675 1885 πολλῷ
697 1805 736 1884 τῷ
758 1807 875 1886 περιόντι
891 1805 1064 1882 λειπόμενος.
1098 1805 1174 1866 ἀλλά
1190 1803 1237 1865 καί
1252 1811 1328 1866 τοῦτο
1345 1804 1411 1878 δόξα
1426 1809 1536 1878 πάντως

234 1928 274 2010 τῷ
299 1927 405 2008 ἀγαθῷ,
428 1926 467 2008 τῷ
491 1928 563 2004 μηδὲ
586 1927 620 1986 τά
640 1929 710 1986 πάνυ
732 1928 846 1987 ταπεινά
869 1925 1052 2003 ἀποσείεσθαι,
1077 1925 1144 1988 ἀλλ’
1155 1927 1183 1986 έν
1205 1929 1263 1998 τοῖς
1285 1929 1463 1987 πανευτελέσι
1488 1929 1535 1986 καί

237 2049 466 2126 έξουθενωμένοις
490 2053 609 2126 μάλιστα
634 2049 765 2110 εὔδοκεῖν.
800 2049 840 2108 διό
864 2049 898 2124 δὴ
921 2050 1011 2128 κάγώ,
1036 2047 1058 2108 εί
1082 2047 1129 2108 καί
1152 2050 1219 2121 όλος
1241 2051 1354 2128 ὑπάρχω
1380 2050 1534 2110 αῖιτοκατά-

236 2193 327 2254 ιιριτος
349 2171 396 2233 καί
417 2173 562 2244 παντελῶς
585 2168 696 2243 ἀνάξιος
717 2177 766 2250 τῆς
789 2172 990 2250 φιλανθρωπίας
1015 2173 1103 2251 αάτοῦ,
1127 2173 1265 2251 θαρρήσας
1288 2171 1326 2249 τῷ
1343 2171 1438 2251 ἀφάτῳ
1455 2173 1534 2232 αάτοῡ

237 2295 322 2375 ἐλέει,
346 2295 394 2370 τὴν
416 2297 553 2376 παροῦσαν
577 2293 675 2374 μικρὰν
698 2292 744 2352 καὶ
760 2293 891 2373 πενιχρὰν
906 2294 1003 2368 ταύτην
1020 2313 1072 2368 μου
1087 2295 1271 2374 προσαγωγὴν
1289 2293 1432 2368 ἐτόλμησα
1447 2313 1533 2371 προσ-

238 2419 360 2494 ενεγκεῖν
382 2422 416 2496 τῇ
439 2415 600 2495 ι’νπεραφάτῳ
625 2417 703 2475 αῖιτοῖι
727 2415 912 2494 μεγαλωσύνη
935 2413 982 2473 καί
1006 2411 1161 2493 ἀγαθότητι.
1201 2409 1310 2495 Χρίστέ,
1333 2419 1456 2495 προηγοῦ
1480 2435 1531 2489 μοι.

236 2625 272 2685 α’.
310 2625 389 2706 Περὶ
416 2631 479 2684 τῶν
507 2625 758 2704 ἀφιερωθέντων
787 2624 950 2698 ἀκινήτων
972 2622 1030 2683 καὶ
1053 2629 1106 2683 τοῦ
1130 2617 1216 2684 εἶναι
1240 2619 1333 2710 [αάτά
1356 2621 1531 2707 ἀνήκοντα]

237 2745 285 2818 εἰς
311 2743 400 2832 [τοὺς
427 2740 686 2828 συγγενικοίιςήέ)
714 2745 948 2846 κληρονόμους
977 2747 1108 2823 μόνους,
1137 2746 1285 2824 ἀνώτερα
1313 2745 1491 2820 βασιλικῆς
1517 2750 1532 2818 ἢ

647 2865 935 2940 ἐκκλησιαστικῆς
960 2863 1124 2938 ἐξουσίας.

341 3025 469 3104 Καθιερῶ
500 3021 545 3083 οὖν
576 3023 645 3098 μετά
667 3022 779 3097 πολλῆς
802 3029 850 3097 τῆς
872 3021 1022 3101 προθυμίας
1045 3019 1091 3080 καὶ
1122 3022 1225 3100 θερμῆς
1249 3021 1398 3092 διαθέσεως
1422 3021 1466 3082 διά
1488 3029 1534 3095 τῆς

237 3146 277 3218 εἰς
299 3145 360 3217 robe,
385 3147 530 3221 δεομένους
554 3143 674 3216 εάποιίας
698 3144 750 3203 ἀπδ
773 3149 822 3218 τῆς
846 3145 874 3202 ἐν
897 3141 1095 3224 σήῬαιδεστῷ
1111 3141 1157 3202 καί
1172 3149 1205 3224 τῇ
1222 3142 1341 3216 βασιλίδι
1356 3149 1411 3201 τῶν
1427 3143 1534 3200 πόλεων

240 3268 417 3343 διακειμένης
440 3267 566 3341 ἀκινήτου
590 3287 640 3342 μου
663 3268 788 3339 κτήσεως
812 3264 883 3342 αθτῷ
906 3263 943 3342 τῷ
967 3264 1085 3343 μεγάλῳ
1102 3263 1157 3343 θεῷ
1172 3264 1218 3324 καί
1235 3271 1335 3343 σωτήρι
1350 3267 1430 3339 ήμῶν
1447 3265 1535 3337 Ἰησοῦ

240 3388 347 3468 Χριστῷ
370 3387 408 3465 τῷ
432 3388 464 3447 ἐκ
486 3389 619 3468 παρθένου
634 3388 757 3464 τεχθέντι
774 3388 915 3465 ἀφράστως
931 3385 977 3446 καί
993 3385 1059 3465 όπὲρ
1075 3387 1171 3464 λόγον,
1195 3387 1239 3444 σόν
1255 3383 1294 3465 τῷ
1310 3386 1443 3464 όμοουσίῳ
1458 3383 1535 3463 πατρί

240 3510 286 3570 καὶ
310 3509 379 3589 ἁγίῳ
402 3510 543 3588 πνεύματι,
568 3508 718 3587 ἀπόμοιραν
743 3509 790 3568 οθκ
814 3509 920 3567 ἐκτῶν
943 3510 1062 3585 ἡττόνων
1086 3507 1147 3582 ἐμοὶ
1170 3506 1216 3566 καί
1232 3507 1446 3586 ὑποδεεστέρων,
1470 3505 1535 3564 ἀλλ’

241 3633 274 3690 ἐκ
296 3637 349 3690 τῶν
372 3632 531 3710 κρειττόνων
554 3627 600 3689 καί
623 3631 797 3709 τιμιωτέρων,
825 3631 917 3699 καθὼς
942 3629 1011 3688 ἐστὶν
1036 3627 1111 3702 ἀξιον
1134 3629 1172 3706 τῷ
1194 3632 1285 3703 πάσης
1307 3636 1388 3703 τιμῆς
1413 3630 1534 3689 ἐπέκεινα
1597 3697 1598 3700 ¹

240 3755 419 3834 καρποφορεῖν
442 3751 489 3812 καί
511 3755 658 3832 προσάγειν
681 3752 742 3822 τοῖις
764 3750 851 3810 πίστιν
876 3750 1007 3832 εἰλικρινῆ
1031 3753 1228 3826 κεκτημένους·
1254 3749 1276 3808 εἰ
1299 3749 1416 3830 γὰρκαὶ
1433 3751 1534 3829 ἀπροσ-

241 3875 308 3950 δεὴς
329 3873 376 3933 καὶ
408 3875 560 3952 αθτάγαθσς
590 3875 663 3954 φθσις
685 3875 702 3948 ή
728 3874 900 3954 δημιουργός,
931 3871 978 3932 καί
1000 3875 1030 3932 τό
1054 3880 1107 3932 πᾶν
1131 3874 1280 3950 συνέχουσα
1303 3871 1380 3949 δόξα,
1406 3853 1430 3949 ’ή
1454 3871 1534 3930 ένιαία

241 3997 337 4072 θεόιης
359 3994 405 4055 καὶ
427 3994 566 4076 τρίφωτος,
590 3995 687 4068 ἀλλ’ί,
708 3995 863 4074 προαίρεσις
879 3996 928 4054 οθκ
944 3995 1132 4070 ἀβασάνιστος,
1156 3993 1213 4053 οὐδ’
1226 3989 1411 4068 ἀδοκίμαστος
1426 3994 1533 4052 τίθεται·

242 4117 286 4178 διά
315 4117 369 4198 γάρ
395 4121 472 4178 τοῦτο
499 4116 545 4177 καὶ
572 4117 589 4190 ἡ
616 4121 663 4176 τοῖν
685 4115 755 4175 Κάϊν
783 4117 860 4174 θυσία
883 4117 912 4174 σὺ
935 4114 1012 4174 θυσία
1039 4115 1169 4192 ἐλογίσθη
1192 4114 1231 4191 τῷ
1254 4116 1318 4193 όντι,
1351 4111 1428 4174 ἀλλά
1451 4115 1532 4172 κατά-

241 4261 336 4320 κρισις,
361 4239 400 4298 ότι
425 4237 456 4298 ἐκ
477 4245 531 4298 τῶν
552 4240 683 4318 χειρόνων
706 4235 753 4296 καὶ
776 4237 936 4297 ἀπολέκτων
959 4239 1121 4316 προσήγετο.
1159 4239 1277 4316 καθιερῶ
1301 4235 1356 4313 οὖν,
1381 4239 1419 4308 ὡς
1442 4235 1532 4315 προδι-

243 4360 379 4438 ειληπται,
401 4367 485 4419 ταῦτα
507 4359 545 4437 τῷ
567 4361 767 4439 πανοικτίρμονι
790 4359 836 4418 καί
860 4359 978 4437 μεγάλῳ
1001 4357 1065 4438 θεῷ,
1089 4357 1135 4419 καί
1159 4359 1331 4439 κληρονόμον
1348 4360 1427 4418 αθτδν
1442 4358 1532 4428 ποιότης
1597 4425 1598 4436 ,

351 4621 369 4687 ¹)
388 4618 424 4678 τίς
443 4611 464 4668 εί
482 4618 513 4670 ίκ.
533 4621 558 4670 S.
631 4618 650 4684 ²)
669 4619 858 4685 Supplevimus
878 4635 909 4669 εκ
930 4620 1104 4684 sequentibus
1122 4622 1149 4668 in
1170 4621 1269 4684 typico.
