3246 5288
1303 331 1367 396 393

25 527 203 605 παρούσης
234 522 386 599 διατάξεως
417 531 547 598 τοιοῦτος.
591 528 659 606 πρός
682 526 783 586 δὲκαὶ
807 527 889 607 ἑτέρα
910 547 950 600 τις
981 525 1098 604 εὔλογος
1120 528 1189 586 πάνυ
1212 524 1293 606 αίτία,
1323 526 1368 586 ἵνα

29 647 88 721 μὴ
123 648 200 707 κατὰ
221 649 271 723 τὴν
293 648 362 723 ἐμὴν
377 650 444 727 πρός
459 649 548 729 κύριον
572 648 706 724 ἐκδημίαν
729 650 856 728 ἁρπαγῆς
878 646 925 708 καὶ
947 648 1081 730 ἀναρχίας
1102 651 1238 729 πάρεργον
1254 650 1367 729 γένηται

30 770 56 842 ἡ
91 775 152 831 τοῦ
174 771 395 850 προστησαμένου
425 772 591 852 πραχείρισις
602 771 634 853 ¹),
665 773 731 852 όπερ
762 771 858 832 εἴωθεν
891 771 1041 832 ἀποτίκτειν
1063 771 1094 831 τδ
1124 769 1258 850 φιλαρχον
1280 767 1366 844 καὶὴ-

36 893 191 954 ἐντεῦθεν
214 893 439 954 ύπανακύτττουσα
458 894 614 974 φιλόνεικος
630 893 761 974 ἔνστασις,
783 897 817 970 ήν
833 895 848 954 ό
862 894 989 974 πονηρός,
1012 891 1100 973 ἀρχὴν
1115 891 1212 966 λαβὼν
1228 891 1367 972 ἀφορμῶν,

36 1013 107 1074 καὶ
136 1013 322 1109 ἀποδυόμενος
351 1016 460 1095 ταύτην,
490 1021 536 1076 τοῦ
558 1019 659 1092 σεμνοῦ
682 1016 740 1092 βίον
762 1015 810 1076 καί
832 1021 881 1092 τῆς
903 1015 1058 1092 καλλίστης
1086 1015 1228 1094 διαγωγῆς
1249 1012 1368 1093 θαλερὰν

41 1137 222 1218 ἀνατροπὴν
246 1137 344 1217 ἐπάγει
366 1135 413 1198 καί
436 1139 572 1217 σύγχυσιν.
609 1139 647 1199 ἔτι
669 1159 703 1216 γε
727 1136 850 1215 μήνκαὶ
873 1137 917 1198 ἵνα
940 1139 955 1198 ό
977 1138 1098 1218 ἀρχῆθεν
1121 1136 1369 1214 παρακολουθήσας

43 1261 147 1332 τύπος
172 1258 201 1318 ἐν
216 1264 251 1340 τῆ
265 1260 389 1342 παρούσῃ
412 1281 464 1336 μου
487 1257 606 1334 διατάξει
629 1257 830 1341 καταστρωθεὶς
853 1265 1012 1339 συντηρῆται
1036 1261 1090 1330 έως
1111 1257 1210 1328 τέλους
1225 1253 1369 1328 ἀνόθευτος

45 1379 109 1440 καὶ
137 1378 393 1462 ἀνακρωτηρίαστος
415 1383 513 1460 πάντη,
540 1381 633 1454 καθὼς
655 1379 703 1442 καί
725 1384 779 1456 ἕως
797 1387 847 1458 τῆς
870 1381 949 1462 δεῦρο
971 1382 1034 1441 θεοῦ
1055 1379 1169 1462 προνοίᾳ
1189 1378 1368 1458 πεφύλακται.

52 1503 155 1563 ἄλλοι
171 1503 223 1580 μὲν
237 1502 314 1564 τύποι
329 1508 377 1579 τῆς
392 1503 455 1564 καθ’
467 1505 542 1580 ἡμᾶς
558 1503 639 1582 ἁγίας
659 1509 746 1580 μονῆς
760 1501 807 1564 καί
822 1505 839 1578 ἡ
855 1507 901 1564 τοῦ
917 1503 979 1578 μεθ’
990 1503 1070 1578 ἡμῶν
1091 1501 1338 1582 ήγουμενεύσοντος
1345 1501 1369 1576 ²)

50 1624 247 1706 προχείρισις,
271 1625 351 1685 αἵτε
375 1623 486 1703 αίτίαιθ)
509 1623 557 1686 καί
572 1625 598 1686 οί
618 1626 717 1706 καιροί,
740 1627 803 1685 καθ’
817 1626 862 1698 οῦς
885 1624 965 1686 εἴωθε
988 1624 1126 1684 τελεῖσθαι
1148 1623 1182 1683 τά
1203 1622 1302 1683 τυπικά
1324 1625 1371 1682 τοῦ

53 1748 131 1807 καθ’
144 1748 222 1824 ἡμᾶς
244 1746 379 1820 κοινοβίου
400 1749 585 1828 γραφήοονται
608 1747 637 1808 ἐν
660 1745 737 1819 ίδίοις
759 1744 920 1828 κεφαλαίοις
944 1745 973 1806 ἐν
987 1744 1026 1827 τῷ
1045 1747 1157 1826 παρόντι
1180 1745 1369 1824 ἐγχειρήματι,

58 1871 135 1928 θεοῦ
160 1868 336 1942 εύδοκοῦντος
358 1868 405 1930 καὶ
427 1875 477 1946 τῆς
499 1870 625 1951 ἀοκόρως
648 1871 726 1930 αύτδν
748 1871 889 1946 κινησάσης
912 1871 998 1946 ἁγνῆς
1021 1869 1197 1948 θεομήτορος.

176 1991 213 2067 β’.
238 1993 400 2072 Ἀναγκαῖον
417 1991 449 2052 δὲ
465 1993 662 2070 ἐπιμνησθῆναι
677 1993 751 2068 ἡμᾶς
768 1992 797 2052 έν
813 1999 957 2074 ουνοπτικῆ
973 1997 1050 2074 κοινῆ
1073 1989 1199 2068 διηγήσει
1214 1987 1261 2049 καί
1277 2008 1369 2068 ταρα-

61 2121 169 2190 οτιῆοαι
195 2116 330 2196 προτέρω,
360 2115 453 2187 ὁποῖος
475 2116 490 2175 ό
511 2115 602 2196 τόπος,
634 2115 663 2175 έν
686 2109 727 2188 οίς
748 2115 766 2190 ή
789 2115 851 2174 καθ’
863 2115 938 2191 ῆμοῖς
962 2113 1131 2193 εύαγεστάτη
1155 2112 1226 2188 μονὴ
1249 2111 1370 2192 ἀρχῆθεν
1429 2175 1431 2180 ,

65 2237 206 2318 ὑπῆρχεν,
229 2235 277 2297 καὶ
299 2234 365 2320 ήνῖ)
388 2237 537 2298 ἀλλοίωσιν
561 2235 605 2298 ἐπὶ
620 2238 650 2298 τδ
670 2239 790 2317 κρεῖττον
814 2234 937 2313 ἐδέξατο,
961 2238 1024 2296 θεοῦ
1038 2239 1084 2296 τοῦ
1106 2235 1265 2312 παναγάθου
1288 2236 1372 2292 ταῦτα

67 2358 284 2434 εύδοκήσαντος.
315 2361 405 2440 γέρων
428 2380 467 2432 τις
490 2360 719 2440 πνευματοφόρος,
741 2357 861 2435 τοῦνομα
875 2359 1022 2439 Νεόφυτος,
1045 2359 1091 2418 τὀν
1106 2355 1252 2432 ἀσκητικδν
1269 2355 1372 2433 διάγων

66 2480 195 2560 δίαυλον,
219 2482 248 2540 ἐν
271 2483 330 2554 ταῖς
353 2481 466 2562 ἐρήμοις
487 2484 548 2558 ταῖς
568 2482 636 2562 πρδς
657 2483 703 2542 τδν
720 2478 862 2562 Ἰορδάνην
885 2481 1054 2558 ἀσκούμενος
1075 2477 1123 2539 καὶ
1146 2478 1231 2558 άκρος
1246 2475 1372 2558 γεγονὼς
1458 2529 1470 2552 ,

68 2602 195 2678 ἀσκητὴς
218 2601 265 2662 καί
286 2604 335 2679 τἠν
359 2603 458 2683 ἀρετὴν
480 2603 652 2684 περιβόητος,
674 2601 847 2682 καταλείψας
868 2603 930 2675 τούς
954 2603 1044 2662 ἐκεῖσε
1065 2603 1165 2674 τόπους
1186 2601 1306 2680 δγέρων
1328 2597 1373 2658 διά

69 2720 144 2809 [τὴν]
153 2721 179 2808 ⁵)
203 2729 257 2784 τῶν
281 2724 370 2786 ἀθέων
393 2725 549 2806 ’Λγαρηνῶν
580 2724 729 2805 ἐπιδρομὴν
752 2723 799 2785 καὶ
821 2726 870 2800 τήν
892 2730 974 2801 νῆσον
996 2721 1165 2798 καταλαβὼν
1187 2719 1234 2782 καί
1256 2722 1287 2780 εδ
1309 2720 1373 2800 όρος

72 2845 160 2926 εύρῖυν
185 2845 287 2919 άβατον
309 2845 357 2906 καί
378 2846 464 2928 τραχύ
486 2845 533 2907 καὶ
557 2843 612 2919 ἔξω
633 2849 722 2924 πάσης
744 2853 869 2928 ταραχῆς
891 2846 1040 2928 ἀνθρώπων
1062 2842 1110 2905 καὶ
1124 2844 1193 2924 πρδς
1212 2841 1373 2918 ἀσκητικσύς

71 2968 184 3047 ἀγῶνας
208 2966 360 3044 ἐπιτήδειον
382 2967 429 3028 καὶ
451 2969 573 3047 ἡσύχιον,
595 2965 773 3051 ῆρετῖσατοθ)
796 2969 933 3028 κατοικεῖν
957 2967 986 3027 ἐν
1002 2965 1075 3044 αύτῷ
1097 2967 1279 3040 συνεπόμενον
1299 2963 1372 3042 ἔχων

72 3087 121 3148 καί
143 3091 189 3149 τδν
211 3091 290 3150 αύτοῦ
312 3091 447 3170 φοιτητῆν,
471 3091 517 3150 τάν
539 3091 661 3168 μσναχδν
684 3089 795 3166 δηλαδὴ
817 3090 907 3171 κύριον
923 3090 1065 3168 Ἰγνάτιον,
1088 3085 1136 3147 καὶ
1158 3083 1224 3168 δὴῖ)
1247 3084 1373 3160 καλύβην

72 3207 232 3286 πηξάμενος
253 3204 395 3291 κατῴκουν
417 3212 456 3284 ὡς
478 3211 559 3272 πόλιν
581 3212 630 3286 τήν
658 3213 770 3292 ἔρημον,
799 3211 850 3270 ύπό
873 3230 950 3270 τινων
975 3209 1006 3270 δὲ
1028 3207 1207 3289 φιλοχρίστων
1229 3205 1278 3284 τήν
1303 3205 1373 3284 ἐφή-

73 3352 158 3412 μερον
188 3331 287 3412 τροφὴν
318 3329 481 3412 ἐπορίζοντο.
527 3330 574 3392 καὶ
597 3332 682 3405 ούτως
712 3331 873 3412 ἀγγελικῦς
902 3331 1031 3406 βιούντων
1053 3331 1169 3406 μετέστη
1192 3329 1260 3409 πρδς
1282 3329 1373 3408 κύριον

75 3456 90 3512 ό
111 3456 273 3528 τιμιώτατος
294 3455 394 3534 γέρων,
425 3453 597 3532 καταλείψας
619 3453 668 3529 τὴν
691 3452 816 3530 καλύβην
839 3451 886 3513 καὶ
907 3455 956 3528 τῆν
980 3451 1113 3528 μηλωτῆν
1136 3447 1174 3531 τῷ
1197 3451 1251 3530 νέῳ
1274 3449 1373 3509 Ἐλισ-

76 3575 154 3654 οαίῳ.
201 3568 277 3647 οὗτος
299 3579 389 3634 πονῶν
412 3573 458 3634 καὶ
480 3576 643 3651 πιεζόμενος
651 3573 675 3658 ⁸)
698 3581 732 3658 τῇ
756 3575 856 3659 ἐνδείᾳ,
886 3577 917 3636 τδ
940 3574 1012 3635 κατὰ
1033 3572 1144 3650 δύναμιν
1166 3573 1197 3632 τό
1220 3571 1306 3652 τραχύ
1328 3575 1374 3631 τοῦ

77 3697 225 3772 ἀνωμάλου
246 3697 329 3756 τόπου
343 3692 446 3777 ήρξατο
462 3697 624 3775 φιλοκαλεῖν
639 3697 687 3756 καί
702 3717 761 3757 τινα
775 3698 890 3777 γηραιόν
906 3697 1026 3771 ἀσκητήν
1040 3690 1233 3776 προσεδέξατο,
1256 3691 1375 3768 τοῦνομα

80 3819 231 3898 Προκόπιον
254 3817 328 3896 ἔχων
350 3821 442 3878 τοῦτον
470 3819 565 3898 μικρόν
587 3819 757 3899 παραμύθιον
780 3817 837 3878 ἀντὶ
858 3822 905 3878 τοῦ
928 3819 1110 3894 μεταστάντος
1131 3815 1241 3895 πατρός.
1286 3813 1334 3874 καὶ
1355 3815 1373 3888 ή

79 3939 127 4015 μὲν
149 3939 282 4020 προθυμία
306 3939 416 4010 ἐνέαζεν
439 3941 507 4018 πρδς
529 3940 577 4015 τὴν
600 3939 765 4019 φιλοκαλίαν
787 3943 834 3999 τοῦ
855 3941 948 4020 τόπου,
970 3941 988 4014 ἡ
1012 3937 1044 3998 δὲ
1066 3939 1128 4016 χεῖρ
1153 3935 1308 4016 ένάρκειτῆ
1325 3935 1374 3994 ἐν-

80 4059 139 4143 δείᾳ
159 4061 315 4138 πεξαμένη.
347 4061 454 4120 ἔπειτεν
478 4061 573 4134 αύτούς
588 4061 733 4140 λογισμός,
755 4062 823 4141 προς
838 4062 888 4135 τἠν
905 4059 1106 4138 Μεγαλόπολιν
1129 4055 1259 4117 ἀπελθεῖν
1274 4054 1374 4134 καὶτῷ

81 4181 184 4256 εύσεβεῖ
214 4181 388 4262 αύτοκράτορι
419 4181 547 4258 δεηθῆναι
570 4181 617 4241 καὶ
639 4183 688 4257 τήν
719 4183 891 4260 κατέχουσαν
918 4181 1014 4253 αύτούς
1037 4180 1143 4240 ἔνδειαν
1168 4176 1374 4255 ἐπιδαψιλεῦσαι

81 4303 117 4384 τῷ
140 4303 224 4383 ένθέῳ
254 4305 347 4385 κράτει
376 4303 464 4364 αύτοῦ.
511 4303 579 4364 όδὲ
601 4303 648 4364 καὶ
670 4309 719 4380 τῆς
743 4304 866 4379 δεήσεως
894 4301 979 4364 αύτύν
1006 4301 1171 4379 ὑπακούσας,
1203 4300 1375 4381 φιλόχριστος

182 4590 201 4655 ¹)
212 4588 369 4658 προχείρησις
381 4591 426 4641 θύα
439 4595 467 4641 οῖ
475 4591 582 4656 saepius
590 4589 621 4641 Ε.
694 4590 714 4654 ²)
724 4587 945 4658 ήγουμενεύσοντος
955 4587 986 4640 E.
1058 4587 1079 4654 ³)
1090 4584 1168 4638 αἰτίαν
1177 4586 1208 4638 Ε.
1279 4581 1374 4651 έῆοίΕ.

85 4691 103 4753 ⁵)
122 4685 315 4752 supplevimus.
387 4686 409 4752 ο)
428 4684 562 4756 ᾑρετήσατο
581 4687 612 4736 E.
685 4685 763 4751 τ)δεῖ
777 4685 808 4736 Ε.
880 4685 900 4752 ⁸)
919 4682 1047 4752 πεζόμενος
1064 4683 1096 4735 Ε.
