3246 5288
1306 343 1371 408 445

80 539 170 610 αὺτοῖς
193 537 236 613 εἴη
258 539 289 598 τθ
312 543 454 619 μεριμνᾶν,
481 541 543 600 ὅθεν
567 543 599 599 δν
621 537 668 599 καί
690 539 725 599 τὰ
747 538 886 616 ἀναγκαία
906 536 1091 616 πορίσαιντο.“
1137 546 1249 599 Initium
1271 563 1371 602 aureae

79 667 180 736 θυίίαε,
204 685 285 738 quam
306 668 387 722 Ιιαθειι
409 670 459 723 tub
480 687 525 724 πο.
543 669 592 724 IV
610 670 639 722 ιἰι
661 669 774 723 editione
795 674 898 736 matra,
921 668 982 722 aide
1004 668 1081 736 apud
1103 667 1214 738 Νίσερίι.
1232 686 1265 738 p.
1291 671 1330 724 74
1352 687 1372 724 α

79 789 127 844 tin.
153 791 173 844 9
199 790 237 844 αιί
261 793 315 845 19.·
346 782 537 864 διορισάμενοι.
583 791 736 860 Imperator
761 791 951 845 θοοιίυπίίιιυε
973 791 1164 846 monasterium
1187 797 1212 845 εί
1233 791 1371 846 meletiam

78 912 137 966 ταώ
150 912 303 982 sumptam
317 913 423 966 εασιιτιί
439 913 533 967 tamt:
556 907 663 984 έπεμψε
685 907 731 966 τδν
754 905 931 984 ἀρχιτέκτονα
952 911 1003 982 τῆς
1025 902 1174 982 οἰκοδομῆς
1196 904 1243 966 καί
1266 906 1370 978 ἀλλους

9 1119 10 1132 γ
80 1027 197 1104 ἔχοντες
219 1022 253 1102 τά
276 1027 415 1108 δευτερεῖα
437 1034 487 1104 τῆς
508 1027 716 1106 καλλιτεχνίας,
740 1028 917 1103 ...πέμπει
939 1025 972 1086 δὲ
986 1025 1034 1087 καὶ
1047 1026 1171 1100 πολλοὺς
1186 1028 1372 1110 μαρμαρίνους

79 1150 194 1222 σπίλους
215 1149 300 1229 ἤγουν
321 1149 449 1222 κολώνας
464 1149 535 1210 καιά
548 1148 644 1210 πολλὰ
659 1149 798 1229 διαφανεῖς
812 1147 860 1209 καὶ
873 1148 1006 1230 λαμπρὰς
1019 1147 1067 1210 καί
1082 1148 1159 1210 ἄλλα
1173 1152 1372 1232 πορφυρύχρωα

80 1273 214 1352 μάρμαρα
230 1271 388 1353 ἐσοπτρώδη
403 1270 451 1332 καὶ
466 1271 582 1352 διαφανῆ
597 1270 644 1331 καὶ
660 1271 739 1332 ἀλλα
757 1272 943 1351 χρειαζθμενα
957 1267 998 1344 είς
1016 1273 1065 1346 τὴν
1080 1271 1203 1346 τοιαύτην
1226 1270 1371 1348 βασιλικὴν

80 1391 230 1469 οἰκοδομήν
254 1440 261 1454 .
286 1441 294 1456 .
321 1439 328 1454 .
354 1393 474 1465 ἐκτίζετο
498 1393 530 1454 δέ
553 1393 661 1454 δώδεκα
683 1395 798 1474 χρόνους
820 1394 856 1469 μὲ
878 1393 1033 1474 πληρωμύς
1054 1391 1102 1454 καί
1125 1391 1209 1467 ἐξοδα
1231 1392 1371 1468 βασιλικά.

80 1515 152 1591 μετὰ
175 1515 207 1576 δέ
230 1516 291 1587 τοίις
314 1513 426 1576 δώδεκα
446 1516 560 1596 χρόνους
580 1516 743 1590 ἐτελεύτησε
758 1514 835 1576 καίδ
855 1515 983 1590 βασιλεὺς
998 1517 1202 1587 Κωνσταντῖνος
1219 1567 1224 1577 .
1244 1563 1251 1576 .
1268 1563 1276 1578 .
1292 1512 1373 1589 καὶὴ

78 1637 144 1712 Ζωὴ
167 1639 185 1712 ἠ
209 1637 321 1718 σύζυγός
349 1658 396 1698 του
419 1683 425 1698 .
452 1685 459 1700 .
484 1683 491 1698 .
515 1637 562 1698 καί
592 1635 623 1710 ἐξ
646 1635 734 1709 αίτίας
762 1637 888 1712 τοιαύτης
913 1683 920 1698 .
945 1683 952 1700 .
977 1687 984 1701 .
1009 1635 1159 1712 ίμποδίσθη
1183 1635 1230 1696 καὶ
1253 1636 1371 1718 ἐσταίσθῃ

79 1757 246 1831 ἀτελείωτος
267 1758 362 1838 ὀλίγον
383 1761 478 1838 καιρθν
500 1761 519 1836 ῆ
541 1757 675 1834 οἰκοδομὴ
696 1763 743 1820 τοίι
765 1763 831 1818 ναοῦ
853 1756 900 1818 καὶ
916 1804 923 1819 .
942 1805 949 1820 .
966 1759 1008 1833 ,ἡ
1032 1757 1167 1838 Θεοδώρα
1189 1758 1369 1838 ἀνεπλήρωσε

79 1878 126 1940 καὶ
157 1879 306 1941 ἐτελείωσε
337 1881 561 1962 μεγαλοπρεπῶς
589 1883 620 1940 τθ
650 1880 782 1942 ἐλλεῖπον
813 1882 897 1962 μέρος
926 1886 976 1956 τῆς
1005 1879 1082 1952 θείας
1105 1881 1187 1956 αἀτῆς
1210 1879 1369 1958 οἰκοδομῆς.

7 2045 8 2090 3
79 2006 124 2078 (P.
144 2007 208 2076 56.)
231 2001 312 2062 Μετὰ
327 2001 358 2062 δὲ
380 2003 429 2078 τῆν
452 2003 573 2062 σύστασιν
595 2001 642 2062 καί
663 2003 712 2078 τὴν
734 2002 877 2063 τελείωσιν
900 2003 983 2078 αύτῆς
1004 2007 1054 2078 τῆς
1076 2008 1238 2080 μονῆς...
1263 2003 1370 2064 ἔκτισαν

6 2172 7 2190 t
78 2122 126 2184 καὶ
159 2123 233 2184 ἀλλο
264 2127 442 2206 μοναστῆρων
471 2123 496 2185 οἰ
526 2126 642 2204 πατέρες
665 2124 709 2186 διὰ
730 2123 871 2185 κατοικίαν
893 2130 1030 2204 γυναικῶν
1053 2122 1093 2196 είς
1114 2123 1195 2185 τύπον
1219 2123 1370 2200 ἐπιτήδειον

79 2243 303 2326 ξεμακρυσμένον
318 2246 372 2306 ἀπθ
386 2247 417 2306 τδ
438 2245 588 2328 ἀνδρίκειον
612 2249 799 2326 μοναστῆριον.
832 2247 925 2307 ἔπειτα
947 2245 1001 2307 ὅλα
1024 2246 1117 2306 ἐκεῖνα
1138 2245 1172 2306 τὰ
1194 2245 1370 2327 ἀφιερώματα

6 2433 7 2438 1
78 2367 125 2429 καί
142 2370 279 2450 σιτηρέσια
293 2375 343 2444 τῆς
357 2371 466 2450 πρώτης
482 2375 569 2446 μονῆς
590 2369 625 2428 τί
646 2368 793 2449 ἐμοίαασαν
808 2367 855 2429 καί
871 2367 911 2442 είς
925 2368 959 2430 τὰ
974 2368 1029 2428 δύω
1044 2370 1219 2448 μονασιῆρια.
1242 2373 1288 2445 (P.
1307 2373 1370 2444 57.)

79 2497 172 2566 Hujat
195 2497 313 2552 σοατούίί
332 2497 490 2552 maniatium
511 2514 559 2552 aaa
572 2497 714 2568 υεείίρίυιπ
729 2503 850 2568 superat
864 2497 1057 2569 κ’φιιαναίυσφυε
1071 2496 1154 2566 aaut,
1177 2497 1207 2550 ιἰι
1222 2513 1273 2568 qao
1282 2495 1372 2566 fita-tt

5 2587 6 2606 ἰ
78 2623 252 2674 wtmatum.
268 2617 459 2688 Ιταρεπαίτίαεε
471 2619 527 2674 Ζοθ
538 2626 564 2674 et
579 2619 718 2674 ttaaora
733 2617 927 2688 confirmabant
938 2620 1019 2674 ettam
1029 2617 1180 2691 privilegia
1194 2625 1220 2673 et
1234 2618 1370 2674 libertates

77 2740 242 2796 πιοπαειετίί.
286 2738 340 2796 Sat
361 2757 453 2796 οοπυπι
474 2741 632 2796 documenta
652 2758 706 2796 noa
728 2747 842 2796 atttant.
880 2741 924 2796 De
950 2741 1183 2796 αι’σάτσίίαιίίαίθυε
1213 2741 1371 2796 monasterti

73 2869 138 2932 post
159 2867 269 2916 martem
286 2863 456 2917 Οοιωιαπιίια·
476 2863 627 2918 auttandus
643 2861 812 2932 Νιθορίίσιτω
834 2861 874 2933 (ρ.
893 2861 961 2930 68).-
983 2855 1062 2929 Τινὲς
1084 2856 1138 2916 ἀπθ
1162 2856 1208 2931 τὴν
1224 2855 1292 2916 Χίον
1309 2903 1315 2918 .
1335 2901 1367 2918 ..

78 2977 295 3057 ἐσυκοφάντησεν
316 2975 378 3049 τούς
400 2974 494 3056 ἁγίους
517 2975 685 3060 (κτῆτορας),
715 3027 721 3040 .
744 3024 751 3038 .
774 3023 782 3039 .
811 2979 849 3050 ώς
876 2975 1015 3054 δυσσεβεῖς
1037 2975 1085 3038 καὶ
1106 2975 1284 3058 κακοδοξους,
1309 3024 1367 3042 ...

77 3101 141 3159 ίθεν
162 3099 188 3159 σί
210 3097 352 3177 διοικηταί,
375 3100 441 3158 ὅπου
463 3094 524 3176 είχε
546 3100 640 3174 τότεὴ
660 3097 807 3172 βασίλισσα
823 3097 957 3180 Θεοδώρα
980 3145 986 3159 .
1011 3145 1017 3158 .
1041 3145 1048 3159 .
1071 3099 1238 3179 ἀπεφάσισαν
1262 3097 1369 3182 ἐξορίαν

77 3219 172 3281 ἄδικον
202 3219 274 3280 κατὰ
302 3225 356 3280 τῶν
387 3219 468 3279 ὁσίων
491 3267 498 3280 .
523 3265 530 3281 .
556 3267 563 3281 .
587 3219 666 3279 ἀλλά
691 3219 738 3280 καὶ
760 3220 795 3280 τὰ
816 3223 983 3300 μοναστῆριά
1003 3241 1065 3293 τους
1087 3221 1120 3280 τὰ
1142 3223 1251 3298 ῆνωσαν
1281 3221 1317 3298 μὲ
1338 3224 1369 3282 τθ

77 3341 307 3424 Οίκσπροοίστειον
321 3341 418 3402 καὶτὰ
440 3341 495 3422 θεῷ
511 3341 685 3422 ἀφιερωμένα
701 3341 808 3418 ἐκαμαν
823 3341 943 3418 κοσμικίι
957 3345 1115 3422 πράγματα.
1148 3343 1257 3418 ἔμειναν
1271 3343 1369 3404 λοιπδν

78 3463 117 3536 είς
138 3465 187 3540 τῆν
211 3463 319 3544 ἐξορίαν
342 3467 396 3536 ἕως
412 3465 478 3524 ὅπου
501 3462 683 3540 ἐτελεύτησαν
697 3464 716 3538 ἡ
732 3463 878 3539 βασίλισσα
894 3461 1027 3544 Θεοδώρα
1043 3469 1072 3540 (7⁴
1091 3473 1130 3526 to
1146 3472 1258 3544 αυρκιιί
1274 3471 1368 3542 1066)

76 3585 123 3646 καὶ
140 3587 261 3664 Μιχαῆλ
282 3587 508 3666 θΣτρατιωιικθς
530 3591 560 3662 (†
584 3595 623 3647 31
645 3594 758 3664 ααριαιί
781 3591 885 3661 1057).
916 3593 955 3648 Et
972 3611 1005 3664 p.
1025 3595 1081 3647 75:
1103 3587 1177 3667 Πρθς
1199 3588 1301 3660 τούτοις
1321 3586 1369 3648 καί

75 3709 190 3769 κάποιον
218 3707 305 3782 totta
335 3709 435 3769 ύπατον
457 3712 503 3769 τοῦ
533 3711 594 3768 τότε
623 3710 723 3787 χρόνου
745 3705 792 3768 καί
822 3707 975 3789 Νουμέριον
1006 3709 1189 3790 ἐπαρακίνησε
1212 3707 1240 3793 (δ
1271 3709 1369 3791 ἐχθρδς

75 3833 122 3890 τοίι
152 3828 317 3910 ἀνθρωπίνου
346 3827 454 3912 γένους)
484 3827 532 3890 καὶ
561 3829 596 3890 τά
625 3827 685 3909 ίερθι
715 3831 882 3909 μοναστῆρια
911 3830 945 3889 τά
976 3829 1170 3893 θπεδούλωσαν
1199 3829 1246 3892 καί
1276 3831 1312 3908 μέ
1338 3832 1369 3892 πθ

77 3949 308 4033 Οἰκοπροάστειον
330 3951 365 4012 τά
386 3954 503 4028 ῆνωσαν.
549 3957 583 4014 Ρ.
609 3961 664 4014 58.·
695 3951 912 4022 Βασιλεύσαντος
940 3951 972 4012 δὲ
995 3951 1134 4014 Ἰσαακίου
1155 3957 1201 4014 τοῦ
1224 3954 1369 4030 Κομνηνού

75 4077 315 4150 (wat-1059)
346 4071 385 4156 (οἱ
412 4069 542 4156 πατέρες)
572 4074 657 4154 ηύραν
687 4074 781 4154 καιρθν
812 4072 966 4149 ἐπιτῆδειον
995 4071 1043 4134 καὶ
1074 4073 1203 4156 ἀνέφερον
1227 4073 1267 4148 εἰς
1290 4075 1369 4136 αύτδν

75 4195 124 4272 τῆν
147 4194 270 4256 ύπύθεσίν
292 4215 354 4269 τους
375 4194 422 4258 καί
445 4196 526 4269 αὐτδς
552 4193 794 4276 ἐξετάζωνταςτδ
814 4200 964 4278 πράγματα
992 4196 1121 4278 ἐγνώρισε
1143 4198 1192 4273 τῆν
1216 4197 1321 4258 ἀδικίαν
1344 4212 1369 4260 et

69 4301 204 4380 'meaa
232 4325 393 4380 amara
421 4325 627 4396 amanteum,
658 4327 736 4396 aaa
764 4327 813 4382 ta
835 4327 1023 4399 frameam
1051 4327 1152 4382 atam
1180 4333 1220 4382 ea
1247 4345 1266 4381 a
1292 4327 1369 4383 aaa

70 4445 159 4516 phora
176 4464 209 4516 p.
235 4447 374 4502 75-76:
401 4441 483 4520 „ota
504 4441 621 4520 ῆνέχετσ
645 4441 677 4502 δέ
699 4446 782 4503 ταῦτα
805 4443 890 4516 οθτως
911 4443 977 4523 θρᾶν
1001 4443 1102 4521 έχοντα
1123 4444 1139 4502 θ
1160 4448 1195 4525 τῆ
1217 4441 1369 4526 ἀνθρωπίνῃ

75 4562 148 4641 φύσει
170 4559 316 4638 πολέμιος,
348 4561 426 4622 ἀλλὰ
448 4561 556 4622 ἀνιᾶσαι
578 4563 639 4634 τοὺς
667 4564 805 4642 μοναχοθς
835 4563 1115 4642 διαμηχανησάμενος
1136 4563 1183 4626 καί
1204 4563 1290 4624 οίανεί
1310 4585 1369 4624 τινα

74 4682 199 4763 καχλίδα
224 4682 305 4764 ῥίψας
328 4682 358 4755 ἐς
380 4685 464 4760 μέσον
486 4683 628 4765 ὑπερορίαν
651 4687 846 4766 κατακριθῆναι
868 4687 929 4759 τούς
953 4686 1091 4765 μσναχσθς
1112 4686 1299 4768 παρεσκεύασε
1321 4684 1368 4746 καί
