3208 5310
269 313 313 378 60

269 505 388 581 πλησίον
417 507 557 586 χωραρίου
587 511 632 568 τοῦ
660 508 843 586 Καρττασιώτη
873 507 974 582 μοδίων
997 505 1034 582 η’.
1068 509 1160 583 ἕτερον
1188 505 1226 579 εἰς
1252 509 1297 567 τδν
1326 509 1405 566 αίντδν
1430 509 1507 568 τόπον
1530 511 1553 567 τὲ

270 627 442 702 καλούμενον
466 633 510 689 τοῦ
532 630 628 690 Λουκοῖ
651 627 753 704 μοδίων
771 627 823 704 ιβ’.
849 631 939 707 ἕτερον
962 631 992 688 τδ
1014 630 1167 706 λεγόμενον
1190 633 1236 689 τού
1259 630 1370 688 Σκινέου
1394 628 1492 705 μοδίων
1509 628 1552 688 ιδ’.

271 750 362 828 ἕτερον
390 755 439 824 τῆς
467 749 548 829 ἁγίας
573 751 751 828 Παρασκευῆς
782 749 876 824 μοδίου
893 747 928 809 α’.
961 752 1053 831 ἕτερον
1082 752 1111 810 τό
1140 751 1294 829 λεγόμενον
1325 755 1375 826 τῆς
1398 750 1510 821 Ἐλαίας
1529 753 1553 808 το

268 870 384 944 πλησίον
407 872 545 952 χωραρίου
567 877 613 932 τοῦ
636 872 807 952 Μυρτινιιύτη
832 871 934 946 μοδίων
957 870 993 948 γ’.
1018 873 1144 952 χωράρια
1166 877 1219 932 τῶν
1236 873 1421 950 Ἐλαιορύτων
1444 871 1488 930 σύν
1509 869 1553 930 τόν

270 991 390 1072 δένδρων
418 993 521 1068 μοδίων
548 991 586 1071 γ’,
634 994 726 1072 ἕτερον
752 995 783 1051 τδ
810 991 926 1068 πλησίον
953 995 1045 1053 τούτου
1071 995 1101 1052 τδ
1129 993 1283 1072 λεγόμενον
1310 998 1360 1070 τῆς
1387 993 1555 1072 Ἀγραπιδέτς

269 1111 370 1188 μοδίων
387 1109 412 1172 α’
425 1111 476 1186 ς”.
501 1115 593 1194 ἕτερον
618 1111 774 1190 έξάμπελον
797 1116 827 1172 τ“ο
851 1111 882 1186 ἐξ
898 1115 1002 1194 ἀγορᾶς
1017 1119 1063 1174 τού
1080 1114 1279 1193 Πλαστοράγου
1295 1114 1398 1190 μοδίων
1414 1113 1450 1187 β’.
1475 1117 1555 1193 ἕτερον

269 1230 426 1308 ἐξάμπελον
451 1232 490 1306 εἰς
511 1235 556 1294 τδν
580 1236 658 1296 αύτδν
681 1238 762 1295 τόπον
787 1233 888 1311 μοδίων
905 1235 931 1295 α’
943 1233 995 1310 ς”.
1021 1237 1113 1316 ἕτερον
1136 1237 1165 1294 τ“ο
1188 1236 1342 1313 λεγόμενον
1364 1239 1410 1294 τοῦ
1434 1232 1555 1314 Ξυραγίου

270 1354 371 1429 μοδίων
386 1354 422 1430 η’,
455 1357 592 1435 χωράηιον
614 1358 645 1416 τό
669 1356 721 1415 ἀπδ
744 1361 790 1417 τού
814 1357 1025 1436 Ἀζαλυκοταύρι
1049 1356 1151 1431 μοδίων
1166 1356 1204 1434 γ’.
1234 1359 1372 1436 χωροίριον
1395 1361 1441 1416 τοῦ
1465 1357 1555 1434 Πηγα-

269 1474 363 1534 δακίου
386 1475 489 1551 μοδίων
506 1476 593 1550 α’ς”.
627 1479 719 1557 ἕτερον
746 1481 776 1537 τδ
799 1479 955 1555 λεγόμενον
978 1483 1024 1538 τού
1047 1475 1142 1558 Μακρὶ
1164 1479 1194 1538 τδ
1216 1477 1332 1554 πλησίον
1355 1478 1494 1556 χωραρίου
1515 1483 1555 1552 τῆς

267 1595 365 1678 Ἄτρου
387 1595 433 1656 καὶ
455 1604 501 1659 τοῦ
522 1599 671 1680 Καρυδάκη
696 1600 797 1674 μοδίων
813 1599 847 1660 ε’.
872 1603 953 1681 ἕτερα
975 1603 1101 1682 χωράριο
1123 1599 1157 1658 τὰ
1179 1599 1309 1660 ἀποκάτω
1332 1605 1385 1658 τῶν
1409 1596 1555 1675 οἰκημάτων

267 1727 320 1779 τῶν
338 1721 502 1780 Ἀνσινάδων
524 1722 554 1779 τδ
577 1721 648 1780 κατὰ
671 1721 809 1794 ἀνατολάς
831 1723 862 1781 τό
886 1723 1061 1802 διερχόμενον
1085 1721 1138 1780 οἰπδ
1161 1725 1206 1780 τού
1227 1721 1345 1780 άλωνίου
1360 1728 1406 1780 τοῦ
1422 1720 1555 1802 Κενδρίου,

267 1839 313 1902 καὶ
336 1843 437 1923 γυρίζει
465 1842 642 1902 ἀποκάτωθεν
666 1841 825 1918 έξαμπέλου
848 1847 894 1902 τού
918 1845 1036 1903 Ἀνοινοῡ
1058 1842 1105 1902 καὶ
1128 1843 1277 1922 ἀπέρχεται
1300 1844 1384 1924 μέχρι
1407 1840 1556 1918 έξαμτέλσν

265 1969 312 2022 τού
334 1963 490 2042 λεγομένου
512 1970 565 2024 τῶν
583 1965 700 2046 Γνάτων,
723 1964 770 2024 καὶ
792 1965 895 2046 γυρίζει
917 1968 947 2025 τό
972 1962 1130 2041 έξοίμπελον
1153 1971 1201 2040 τῆς
1217 1965 1322 2044 Γούρας
1336 1965 1402 2044 ἄχρι
1416 1969 1462 2024 τού
1479 1966 1555 2040 άμπε·

266 2084 327 2146 λίου
349 2091 395 2144 τοῦ
411 2085 539 2165 Κεδρίου,
564 2089 625 2146 όσον
648 2085 695 2146 καὶ
718 2079 774 2146 οἷόν
798 2088 879 2164 ἐστιν,
903 2087 956 2146 ύπδ
978 2089 1009 2146 τδ
1033 2088 1111 2146 αύτδν
1135 2085 1222 2146 άλῶνι
1237 2089 1282 2145 τού
1298 2085 1417 2166 Κεδρίου
1433 2086 1479 2146 καί
1494 2107 1556 2144 κατ-

267 2209 378 2286 έρχεται
402 2209 484 2288 μέχρι
501 2208 652 2284 θαλάσσης.
679 2207 718 2278 είς
741 2210 786 2268 τὀν
802 2211 881 2268 αύτδν
896 2212 977 2270 τόπον
995 2203 1155 2294 [χωράριον]
1171 2208 1201 2267 τ“ο
1217 2206 1370 2286 λεγόμενον
1385 2213 1432 2267 τού
1448 2209 1556 2286 Μαυρο-

267 2327 404 2408 θεοδιύρου
435 2330 465 2387 το
494 2327 525 2401 ἐξ
548 2329 687 2406 ἀνατολῆς
709 2334 754 2389 τού
778 2331 877 2409 ῥύακος
899 2335 944 2389 τού
967 2329 1121 2409 λεγομένου
1143 2336 1197 2389 τῶν
1221 2330 1357 2405 Ὀμνύων.
1382 2330 1524 2410 ἀνέρχεται
1545 2331 1557 2386 ό

266 2451 406 2528 φάρυγγας
426 2448 473 2510 καί
495 2450 639 2530 ἀνέρχεται
662 2452 692 2510 τ“ο
714 2456 833 2512 τοιοῦτον
856 2451 978 2530 λαγκάδι
1001 2451 1054 2511 ἀπο
1076 2457 1126 2526 τῆς
1144 2453 1247 2532 Γούρας
1270 2453 1351 2530 μέχρι
1374 2449 1421 2512 καί
1443 2453 1474 2512 τδ
1497 2453 1557 2526 βου.

265 2570 354 2646 νίτζην
377 2575 423 2630 τοῦ
439 2571 631 2651 Ὀζογοριάτη,
654 2575 867 2654 περιερχόμενον
892 2575 921 2633 τδ
943 2573 1014 2632 κατὰ
1037 2573 1115 2652 ράχιν
1128 2578 1182 2632 τῶν
1198 2574 1319 2652 Βιγλῶν,
1342 2573 1436 2645 καθὼς
1455 2574 1559 2653 ἔρχεται

264 2693 282 2767 η
310 2690 372 2763 ὁδὀς
400 2690 446 2751 καί
474 2691 598 2752 ἀποδίδει
626 2695 709 2772 μέχρι
737 2698 784 2754 τοῦ
810 2695 1009 2775 προρρηθέντος
1030 2691 1186 2772 περικλείου
1211 2695 1310 2754 ἔσωθεν
1332 2700 1387 2754 τῶν
1411 2703 1558 2769 συκαμινῶν
1593 2759 1594 2770 γ

264 2811 310 2873 καὶ
338 2815 483 2895 ἀνέρχεται
509 2816 539 2874 τό
567 2819 684 2874 τοιοῦτον
711 2817 891 2896 περιγύρισμοι
917 2821 962 2876 τού
987 2817 1139 2876 πανσέπτου
1162 2821 1227 2874 ναού
1249 2823 1303 2874 τῶν
1327 2815 1411 2894 ἁγίων
1436 2817 1558 2894 μεγαλο-

265 2936 406 3015 μαρτύρων
430 2934 594 3016 Θεοδύρων,
623 2937 688 2996 ἔνθα
710 2935 758 2996 καί
779 2939 794 2995 ό
817 2940 882 3010 ναός
905 2944 954 3013 τῆς
976 2937 1123 3017 ύπεραγίας
1146 2939 1275 2998 θεοτόκου
1297 2943 1350 2997 τῶν
1373 2938 1508 3012 Σολύμων
1532 2937 1556 2994 ἐν

264 3056 303 3136 τῷ
329 3058 440 3136 τοιούτῳ
469 3055 524 3117 έστί
549 3057 726 3140 περιορισμῴ,
759 3061 851 3132 καθὼς
878 3059 1045 3134 διεδήλωται
1072 3058 1276 3139 όπρολεχθεὶς
1297 3063 1483 3140 περιορισμός,
1514 3063 1559 3118 ότα

264 3180 311 3240 καί
339 3172 383 3240 οἷά
411 3178 484 3240 εἰσιν.
518 3178 675 3256 έξοίμπελον
702 3187 756 3241 τῶν
780 3183 916 3262 Κορωνῶν
945 3183 975 3240 τδ
1003 3182 1120 3256 πλησίον
1142 3187 1189 3242 τού
1211 3184 1337 3260 Λεγάτου
1360 3181 1407 3242 καί
1432 3186 1495 3262 α’χρι
1516 3191 1559 3242 τοῦ

265 3303 355 3376 Δόμου
377 3302 516 3382 χωρορίου
538 3307 584 3362 τού
606 3303 742 3378 Δομιτίου.
768 3305 859 3383 ἕτερον
883 3301 1041 3378 ἐξάμπελον
1063 3305 1093 3364 τδ
1116 3303 1270 3381 λεγόμενον
1293 3311 1338 3362 τού
1356 3305 1469 3383 Μαύρου
1483 3306 1555 3378 Κτη-

265 3443 350 3499 ματος
377 3425 407 3482 τδ
433 3421 550 3498 πλησίον
579 3421 738 3498 ἐξαμπέλου
766 3429 819 3484 τῶν
843 3424 995 3503 Ῥηγηνίων
1017 3423 1064 3484 καί
1087 3425 1288 3504 συμμοιρίζεται
1311 3427 1382 3501 μετὰ
1404 3431 1451 3486 τού
1475 3426 1559 3504 κυρίου

265 3544 397 3622 Ἰνδήνου,
429 3545 490 3603 όσον
517 3543 563 3604 καὶ
591 3538 646 3604 οἶόν
676 3545 740 3606 ἐστι.
773 3547 865 3625 ἕτερον
893 3544 1051 3622 ἐξάμπελον
1074 3549 1104 3607 τδ
1128 3547 1180 3606 ἀπό
1203 3552 1248 3608 τού
1272 3547 1489 3627 Κουρκουμέλλι
1511 3548 1559 3606 ἀπὶ

263 3667 294 3725 τδ
317 3667 427 3747 σύνορον
449 3671 495 3726 τού
513 3667 682 3744 Ιέύφημιανού
704 3665 751 3726 καὶ
773 3669 875 3744 γυρίζει
898 3667 1027 3728 ἀποκάτω
1051 3675 1101 3743 τῆς
1116 3669 1212 3740 λιύέας
1227 3667 1273 3728 καί
1290 3670 1388 3748 μέχρις
1405 3667 1560 3746 ἑξαμπέλσν

264 3791 309 3847 τοῦ
327 3787 463 3866 Δομιτίου,
487 3789 548 3847 όσον
571 3785 618 3846 καί
642 3779 698 3847 οἷόν
721 3789 800 3848 ἐστιν.
825 3791 917 3869 ἕτερον
942 3787 1172 3864 ἐξάμπελοντῆς
1189 3789 1383 3867 Ἀμυγδαλέοις
1397 3791 1428 3849 τδ
1444 3790 1558 3866 πλησίον

265 3908 424 3984 έξαμπέλου
451 3913 497 3968 τού
524 3913 603 3968 παπά
626 3911 817 3990 Χριστορόρου,
849 3913 910 3970 όσον
934 3910 980 3971 καὶ
1003 3903 1059 3970 οἷόν
1083 3911 1162 3970 ἐστιν.
1194 3913 1285 3990 ἕτερον
1308 3917 1358 3987 τῆς
1381 3913 1560 3986 Ιίαλουκοτῆς

265 4029 366 4108 μοδίων
383 4030 408 4090 α’
422 4029 472 4103 ς”.
497 4032 589 4110 ἕτερον
604 4033 741 4110 χωράριον
757 4032 787 4090 τδ
805 4031 981 4092 ἀποκάτωύεν
998 4031 1157 4108 ἐξαμπέλου
1172 4037 1218 4092 τοῦ
1236 4035 1361 4112 Ἀνοινού,
1382 4035 1478 4105 καθώς
1495 4035 1560 4093 ἐστιν

264 4155 316 4212 ἀπδ
338 4154 368 4212 τδ
391 4151 514 4230 λαγκάδι
537 4151 638 4226 μοδίων
655 4151 681 4212 α’
694 4151 744 4227 ς”.
768 4155 908 4233 χωροίριον
929 4155 959 4214 τό
977 4154 1175 4232 ἐπιλεγόμενον
1192 4154 1367 4233 Σχολαράτο,
1393 4154 1497 4216 όέστιν
1514 4155 1561 4214 άπο

264 4275 371 4355 δωρεᾶς
394 4279 439 4334 τοῦ
464 4276 542 4335 αύτού
566 4263 755 4355 Σχολαράτου,
780 4275 882 4349 μοδίων
899 4274 938 4346 ζ’.
964 4277 1056 4355 ἕτερον
1079 4279 1216 4358 χωράριον
1239 4278 1269 4334 τ“ο
1287 4275 1339 4334 ἀπο
1356 4274 1506 4358 Θεοδώρου
1521 4280 1562 4336 τού

264 4397 405 4477 Προηητου
429 4397 457 4456 έν
480 4397 519 4474 τῷ
541 4397 636 4478 χωρίῳ
659 4402 704 4456 τού
728 4399 929 4477 Ἀριστοφάντου
952 4400 982 4456 το
1007 4397 1098 4457 ἐπάνω
1121 4402 1167 4456 τοῦ
1190 4397 1318 4477 Σωτῆρος
1341 4395 1381 4469 εἰς
1403 4401 1434 4456 τδ
1460 4399 1561 4459 δυτικδν

264 4520 347 4598 μέρος
369 4523 414 4578 τού
438 4517 582 4598 εἰρημένου
604 4523 669 4577 ναοῦ
687 4517 789 4593 μοδίων
805 4517 841 4596 γ’.
868 4520 960 4598 ἕτερον
983 4519 1035 4578 ἀπδ
1050 4525 1096 4578 τού
1112 4519 1192 4579 αύτού
1209 4517 1249 4590 εἰς
1264 4521 1295 4578 τδ
1311 4516 1400 4590 δεξιον
1418 4523 1504 4599 μέρος
1519 4525 1561 4580 τοῦι

264 4642 462 4722 προρρηθέντος
485 4645 550 4701 ναοῦ
574 4641 675 4716 μοδίων
690 4639 717 4717 γ’
732 4638 782 4713 ς”.
817 4641 908 4719 ἕτερον
931 4641 1069 4719 χωράριον
1092 4643 1122 4699 τ“ο
1146 4641 1198 4699 ἀπό
1221 4639 1362 4700 Νικολάου
1383 4645 1430 4700 τού
1447 4642 1561 4714 Κολυβᾶ
