3486 5282
1354 373 1415 437 221

122 569 211 648 Μέγα
234 543 391 646 Σπηλαιον·
425 567 581 650 ἐνεφανίοθη
607 569 661 650 γάρ
689 569 743 646 ἤδη
766 571 831 646 ἡμῖν
859 570 1054 650 πατριαρχικδν
1083 568 1222 629 σονοδικδν
1245 568 1421 648 σιγιλλιῶδες

121 695 242 772 γράμμα
269 697 316 754 τοὺ
343 688 466 768 ἀοιδίμου
494 693 523 752 ἐν
549 695 729 772 πατριάρχαις
753 692 875 787 Παϊσίου,
905 693 1044 771 ἐπικυροῦν
1066 691 1124 752 ἴσον
1147 691 1261 772 ἀρχαίου
1283 690 1421 750 συνοδικοὺ

120 817 291 894 ’γράμματος
311 820 359 876 τοὺ
381 815 505 891 ἀοιδίμου
528 811 718 900 [πατριάρχου]
742 816 899 896 Παρθενίου,
922 817 1106 895 περιέχοντος,
1130 815 1170 873 ότι
1192 815 1222 872 τό
1243 815 1422 893 μοναστθριον

121 941 201 996 τοῦτο
230 938 292 1016 ἔχει
318 939 367 1014 τὴν
394 939 495 1013 σεπιὺην
522 931 570 998 καί
596 921 671 1018 ίεράν
694 936 787 998 εἰκόνα
810 943 859 1015 τῆς
882 939 1048 1017 θεομητορος
1070 937 1119 1011 την
1142 935 1325 1014 ἱστορηθεῖσαν
1347 934 1421 1015 παρὰ

120 1063 168 1119 τοὺ
191 1062 370 1140 πανευφημου
392 1061 544 1122 ἀποστόλου
566 1059 612 1121 καί
635 1060 830 1140 εὑαργελιστοὺ
849 1061 953 1138 Αουκᾶ,
975 1057 1022 1118 καί
1045 1059 1085 1118 ότι
1108 1057 1239 1118 ἀνέκαθεν
1261 1057 1306 1116 διὰ
1328 1056 1421 1134 σιγιλ-

120 1161 196 1240 λίων
215 1181 264 1242 καί
286 1181 438 1256 βασιλικῶν
459 1181 673 1262 χρυσοβοὺλλων
696 1187 917 1264 σταυροπηγιακῄ
940 1175 1003 1264 ἀξίᾳ
1024 1182 1163 1256 τετίμηται
1184 1178 1236 1238 καί
1250 1181 1290 1238 ότι
1306 1179 1335 1238 ἐν
1351 1167 1418 1254 συμ·

122 1304 197 1386 βάσῃ
222 1305 282 1366 ἐκεῖ
302 1307 430 1388 πυρκαίᾷ,
453 1307 646 1366 κατακαέντων
668 1307 776 1366 πάντων
792 1310 846 1364 τῶν
862 1306 891 1364 ἐν
907 1301 944 1382 τῷ
960 1303 1180 1383 σκευοφυλακείῳ
1195 1301 1420 1383 χρυσοβοὺλλων,

121 1425 271 1504 οιγιλλίων
294 1426 341 1488 καί
365 1429 461 1488 ἀλλων
483 1431 653 1508 γραμμάτων
676 1447 706 1486 τε
727 1425 776 1487 καί
797 1429 975 1506 πραγμάτων,
999 1425 1081 1502 μόλις
1103 1424 1128 1485 οἰ
1149 1424 1207 1485 ἐκεῖ
1221 1425 1337 1503 πατέρες
1352 1421 1421 1498 ἠδυ-

120 1552 246 1626 νήθησαν
270 1551 400 1612 διασῶσαι
422 1552 471 1627 την
494 1552 621 1632 ῥηθεῖσαν
639 1549 716 1630 ἰεράν
732 1547 834 1628 εἰκόνα,
857 1551 972 1629 χάριτας
988 1549 1118 1629 βρύουσαν
1133 1549 1189 1618 τοῖς
1204 1545 1264 1621 μετ’
1274 1543 1422 1618 εὑλαβείας

120 1675 369 1754 προσερχομένας,
396 1671 445 1734 καὶ
469 1674 694 1754 ἀποφαινόμενον,
722 1673 766 1733 ἵνα
792 1673 822 1732 τό
846 1674 1025 1751 μοναστηριον
1051 1675 1127 1731 τοῦτο
1150 1669 1221 1730 κατὰ
1249 1671 1278 1729 τό
1302 1669 1422 1729 ἔκπαλαι

121 1795 236 1878 ὑπάρχῃ
259 1797 346 1870 πάντη
372 1795 516 1876 ἐλεύθερον
538 1797 736 1876 σταυρσπηγιον
759 1794 829 1870 μετὰ
851 1800 905 1854 τῶν
927 1793 1128 1854 ὑποτελούντων
1152 1790 1224 1870 αὑτῷ
1240 1791 1270 1850 ἐν
1286 1790 1421 1870 διαφόροις

120 1919 219 1988 τόποις
241 1919 376 1994 κειμένων
399 1918 546 1998 μετοχίων,
570 1919 646 1978 ἅτινα
669 1915 719 1977 εἰσί
741 1920 837 1976 ταῦτα·
858 1917 889 1975 τδ
911 1915 983 1976 κατά
1005 1915 1039 1975 τά
1062 1917 1162 1996 Μαῦροι
1181 1913 1270 1974 Βουνά
1293 1915 1420 1990 μετόχιον

121 2039 168 2097 οὑν
194 2044 228 2119 τῇ
253 2039 390 2122 ἐκκλησίᾳ
411 2045 457 2102 τοὺ
480 2039 557 2118 ἀγίου
571 2039 712 2100 Νικολάου
734 2038 780 2100 καί
802 2043 859 2111 τοίς
882 2041 1063 2114 συνημμένοις
1086 2033 1158 2114 αὑτῷ
1177 2037 1282 2108 τόποις·
1305 2037 1336 2094 τό
1351 2034 1422 2094 κατά

121 2161 155 2218 ’.ἀ
183 2161 292 2240 Τρυπία
322 2161 393 2237 μετὰ
421 2167 471 2238 της
498 2162 649 2238 ἐκκλησίας
674 2167 720 2224 τοῦ
747 2158 825 2243 ἁγίου
853 2164 980 2222 Ἰωάννου
1006 2165 1052 2220 τοὺ
1078 2161 1269 2242 Χρυοσστόμου
1295 2155 1341 2218 καὶ
1366 2162 1420 2216 τῶν

121 2285 214 2342 τόπων
238 2283 332 2342 αὑτοῦ·
363 2284 378 2342 ό
400 2285 478 2362 ἅγιος
501 2284 642 2357 Νικόλαος
664 2286 734 2360 μετὰ
756 2291 810 2344 τῶν
833 2285 998 2364 ἐλαιορὺτων
1020 2281 1067 2343 καί
1089 2287 1143 2342 τῶν
1165 2283 1254 2342 τόπων
1277 2281 1368 2340 αὑτοῦ·
1391 2283 1421 2340 τό

122 2404 195 2463 κατὰ
218 2405 268 2480 τὴν
293 2405 512 2486 Πανηγυρίσιραν
536 2407 606 2482 μετὰ
627 2412 676 2482 τῆς
700 2406 850 2484 ἐκκλησίας
870 2412 921 2482 τῆς
941 2403 1034 2485 Ἁγίας
1049 2405 1167 2486 Τριάδος
1189 2401 1235 2464 καὶ
1258 2407 1310 2462 τῶν
1332 2403 1421 2462 τόπων

123 2529 220 2587 αὑτοῦ·
243 2528 275 2587 τό
296 2528 369 2588 κατά
390 2529 436 2610 τδν
458 2529 655 2609 σταυροέλατον
671 2529 741 2604 μετὰ
755 2534 804 2607 τῆς
820 2528 972 2604 ἐκκλησίας
986 2533 1040 2588 τῶν
1056 2495 1186 2588 ΕἰσοδίωνΙ
1202 2525 1248 2586 καί
1263 2531 1316 2585 τῶν
1331 2527 1420 2585 τόπων

125 2651 220 2710 αὑτοῦ·
244 2651 275 2710 τό
302 2651 373 2710 κατὰ
399 2652 448 2726 τὴν
470 2652 619 2728 Σάλμοναν
645 2653 715 2727 μετὰ
741 2659 790 2728 τῆς
820 2647 970 2727 ἐκκλησίας
996 2657 1050 2711 τῶν
1077 2648 1161 2730 ἁγίων
1190 2647 1349 2710 ἀποστόλων
1375 2645 1422 2708 καί

122 2778 176 2831 τῶν
205 2775 297 2832 τόπων
321 2774 413 2834 αὑτοῦ·
444 2775 475 2834 τ“ο
497 2769 568 2834 κατὰ
589 2773 623 2834 τά
645 2772 762 2854 Σταυρία
785 2773 855 2850 μετὰ
876 2780 925 2849 τῆς
948 2773 1098 2850 ἐκκλησίας
1120 2777 1170 2848 τῆς
1192 2769 1273 2851 ἀγίας
1296 2769 1421 2850 Μαρίνης

121 2892 168 2953 καὶ
201 2899 256 2953 τῶν
285 2895 374 2955 τόπων
397 2895 490 2955 αὑτοῦ·
521 2895 552 2955 οδ
582 2896 653 2956 κατά
682 2897 731 2972 τὴν
755 2895 931 2972 Γουμένιτζαν
954 2896 999 2954 σὺν
1022 2895 1078 2966 τοῖς
1099 2894 1191 2964 τόποις
1214 2893 1307 2953 αὑτοῦ·
1337 2892 1368 2951 τό
1392 2893 1421 2950 ἐν

122 3023 154 3098 πῃ
182 3015 299 3098 Παλαιᾷ
322 3017 418 3100 Πάτρᾳ
439 3018 565 3093 όσπάτιον
588 3019 634 3077 οὑν
657 3017 756 3089 ἀλλοις
777 3019 882 3089 τόποις·
913 3018 944 3076 τό
967 3016 996 3076 ἐν
1018 3015 1057 3094 τῷ
1080 3015 1257 3094 Καλαμακίῳ
1280 3013 1350 3089 μετὰ
1371 3019 1420 3090 τῆς

124 3137 280 3215 ἐκκλησίας
305 3137 353 3200 καί
379 3145 433 3200 τῶν
459 3142 550 3200 τόπων
578 3142 670 3200 αὑτοῦ·
700 3141 731 3199 τό
754 3139 838 3217 Μέγα
861 3138 1014 3214 Ἀμπέλιον
1038 3137 1108 3214 μετὰ
1129 3144 1179 3214 τῆς
1202 3134 1353 3210 ἐκκλησίας
1375 3138 1422 3195 τοὺ

123 3261 205 3338 ἁγίου
229 3260 401 3322 Ἀθανααίου·
432 3263 462 3322 τό
490 3261 575 3344 ἐντῃ
602 3261 731 3342 Βοστίτζῃ
758 3263 886 3340 μετόχιον
914 3261 985 3336 μετὰ
1010 3261 1176 3320 τῶντόπων
1199 3256 1348 3319 αὑτοῦκαὶ
1371 3259 1421 3318 όσα

124 3382 204 3442 ἀλλα
235 3378 369 3463 ἀμπέλια,
400 3386 536 3465 χωράφια,
567 3385 681 3464 κηπους,
711 3382 812 3462 δένδρα
842 3381 889 3443 καί
920 3381 997 3443 ἀλλα
1027 3377 1204 3462 ἀριεριθμοπα
1235 3381 1293 3459 ἔχει
1327 3381 1356 3440 ἐν
1387 3385 1420 3462 τῃ

124 3503 247 3588 ἐπαρχίᾳ
270 3505 402 3566 Παλαιῶν
426 3506 541 3585 Πατρῶν
569 3505 615 3566 καί
641 3509 700 3578 ταῖς
722 3505 912 3582 ὑποκειμένας
935 3508 1001 3588 αὑτῇ
1025 3504 1190 3578 ἐπισκοπαῑς.
1228 3504 1298 3580 μετὰ
1319 3507 1420 3565 τούτων

124 3624 170 3687 οὑν
202 3625 251 3687 καὶ
282 3627 352 3703 μετὰ
381 3631 488 3688 πάντων
516 3635 570 3689 τῶν
599 3628 705 3691 λοιπῶν
726 3631 875 3706 κτημάτων
897 3627 944 3690 καί
966 3631 1134 3710 πραγμάτων
1156 3627 1203 3688 καί
1226 3627 1421 3707 ἀφιερωμοίτων

125 3751 205 3810 αὑτοῦ
236 3748 353 3830 ὑπάρχει
379 3739 586 3833 σταυροπηγιον,
616 3749 663 3811 καί
685 3752 797 3823 όπωςό
827 3751 979 3830 ἡγούμενος
1002 3751 1055 3832 έχῃ
1077 3751 1126 3826 τὴν
1149 3749 1245 3810 ἀδειαν
1268 3746 1422 3827 σφραγίζειν

125 3872 304 3950 ἀναγνώστας
331 3872 409 3932 ἔνδον
434 3879 485 3950 τῆς
515 3880 601 3951 μονῆς
630 3872 677 3934 καί
703 3874 836 3953 παρέχειν
859 3872 955 3933 άδειαν
976 3871 1023 3933 καὶ
1044 3874 1100 3944 τοῖς
1123 3868 1209 3944 ἀξίοις
1231 3870 1422 3953 ίερομονοίχοις

126 3991 258 4072 δέχεσθαι
280 3994 342 4067 τοὺς
364 3994 512 4074 λογισμοὺς
535 4001 589 4056 τῶν
611 3995 834 4072 συνασκουμένων
856 3997 991 4075 πατέρων,
1013 3992 1059 4055 καὶ
1082 3993 1178 4070 μηδείς
1194 3999 1246 4053 τῶν
1262 3995 1423 4073 ἡγουμένων

128 4113 239 4192 δὺνηται
271 4117 400 4176 καθιστάν
434 4117 592 4198 ἐπιτρόπους
623 4116 769 4193 κοσμικοὺς
802 4114 850 4176 καί
883 4117 997 4187 λαίκοὺς
1030 4115 1131 4196 ἀνδρας
1165 4113 1208 4174 ἐπὶ
1241 4116 1280 4196 τῷ
1310 4117 1423 4197 θεωρεῖν

127 4239 349 4319 μοναστηριακάς
371 4240 457 4299 αὑτῶν
480 4239 629 4318 ὑποθέσεις,
653 4237 720 4300 ἀλλ’
733 4240 783 4298 ὑπό
805 4245 854 4315 τῆς
876 4241 1032 4314 κοινότητος
1053 4242 1107 4298 τῶν
1125 4239 1250 4318 πατέρων
1267 4231 1344 4298 αὗται
1360 4238 1444 4332 δια-ῃ

126 4360 315 4440 περαίνονται,
338 4358 385 4420 καί
408 4353 506 4437 μηδείς
527 4366 581 4420 τῶν
602 4360 836 4442 προσηλωθέντων
858 4367 891 4443 τῃ
915 4365 984 4443 μονῇ
1007 4361 1089 4443 ταὺτῃ
1110 4359 1218 4435 δίνηται
1233 4360 1422 4421 λειποτακτεϊν

128 4483 189 4544 άνευ
212 4482 310 4556 ἀδείας
331 4487 377 4544 τοῦ
401 4485 553 4562 ἡγουμένου
575 4482 622 4544 καὶ
644 4483 759 4560 νομίμου
782 4482 878 4556 αἰτίας,
902 4484 916 4542 ό
939 4483 971 4544 δὲ
993 4483 1067 4565 παρὰ
1081 4486 1165 4543 ταῦτα
1179 4485 1313 4563 πράττων,
1338 4483 1420 4566 ἰερω-

128 4607 207 4679 μένος
230 4605 294 4685 μέν,
318 4605 416 4684 ἔνοχος
438 4606 547 4689 ὑπάρχῃ
569 4606 735 4687 καθαιρέσει,
759 4608 881 4685 μοναχθς
905 4605 935 4665 δέ
952 4604 1090 4687 ἀφορισμῷ
1106 4609 1187 4686 μέχρι
1202 4609 1249 4666 τοῦ
1266 4607 1422 4688 ἐπιστρέψαι

129 4726 165 4800 εἰς
192 4731 243 4806 τὴν
274 4731 420 4805 μετάνοιαν
453 4731 540 4790 αὑτοῦ.
577 4727 617 4801 εἰς
646 4729 811 4790 ἀνακαίνισιν
842 4724 887 4790 οὑν
916 4731 1008 4790 τοὺτου
1039 4733 1188 4811 γράφοντες
1219 4730 1424 4810 ἀποφαινόμεθα
