3194 5298
266 358 327 423 124

264 549 400 628 οἰκήματα
423 552 614 631 ἐμφυτευτικοί·
638 553 730 630 ἕτερον
751 551 852 629 τόπων,
876 549 904 608 ἐν
927 543 950 628 ᾧ
973 548 1136 626 εὑρίσκονται
1158 543 1206 606 καὶ
1227 544 1363 621 οἰκήματα
1379 543 1549 625 ἑταιριοίρχου

262 676 309 734 τοῦ
331 673 455 734 Καλίθου
481 671 528 733 καὶ
553 677 603 748 τῆς
625 673 748 753 ἀδελφῆς
771 674 850 732 αίποῦ
871 677 921 748 τῆς
943 669 1102 751 Φωκαίνης,
1133 668 1198 748 ὑπὲρ
1221 661 1258 726 ὧν
1280 667 1388 727 τελοῦσι
1410 664 1458 726 καὶ
1478 660 1550 726 οῦτοι

262 797 331 876 προς
359 797 390 855 τ“ο
419 797 502 876 μέρος
524 801 574 872 τῆς
601 783 728 876 ρηθείσης
748 795 899 870 σεβασμίοις
922 799 1007 870 μονῆς
1026 793 1058 852 ’τ“ο
1082 792 1187 866 ἐτήσιον
1211 789 1379 868 έμρῦτευμοι·
1406 788 1481 860 ἑντίνς
1504 792 1550 847 τοῦ

238 907 240 910 ’
263 915 405 996 εἰρημένου
432 919 547 996 κοὶστρου
573 915 764 996 ῦθρτμῦλωνες
790 913 956 998 ὁλοκαιρινοὶ
970 914 1016 996 ζ’,
1051 915 1092 994 ἐφ’
1106 906 1145 985 οίς
1171 911 1218 972 καί
1246 911 1387 992 έπορίσατο
1413 911 1444 970 τῦ
1466 912 1550 990 μέρος

262 1043 312 1114 τῆς
328 1038 409 1114 αὐτῆς
425 1037 575 1112 σεβασμίοις
591 1044 661 1114 μονῆ
678 1037 738 1108 ςκαὶ
754 1038 825 1098 θεῖον
841 1035 887 1098 καί
903 1037 999 1096 σεπτον
1014 1034 1231 1116 χρυοέβουλλον·
1251 1031 1374 1116 έτεροςί)
1391 1033 1550 1114 ῦθρτμῦλων

264 1157 295 1232 ἐξ
317 1159 465 1241 ἀγορασίας
487 1160 539 1220 ἀπο
561 1163 607 1219 τοῦ
622 1159 774 1220 Σιναθινοῦ·
799 1159 902 1235 ἀμπέλι
926 1157 954 1217 ἐν
976 1157 1168 1240 τῇτοποθεσίᾳ
1181 1160 1228 1217 τοῦ
1243 1155 1320 1234 ἁγίου
1335 1155 1481 1216 Βασιλείαν
1499 1152 1550 1212 &ab

263 1278 448 1362 προσενέξεως
463 1276 530 1366 [τοῦ]
547 1281 701 1342 Φιλίππου·
726 1284 816 1361 ἕτερον
833 1279 872 1353 εἰς
886 1282 931 1340 τον
952 1279 1093 1340 Ἐλαιῶνα
1108 1279 1161 1340 ἀπο
1177 1275 1363 1359 προσενέξεως
1377 1279 1425 1336 τοῦ
1437 1277 1549 1350 Τζίντζη
1589 1305 1590 1308 ¹

262 1401 308 1461 καί
324 1397 379 1487 [τὰ]
395 1405 441 1462 τοῦ
455 1403 615 1480 Βογολόγου
640 1405 779 1483 χωροίρια·
814 1401 961 1479 ἐξάμπελα
976 1402 1005 1460 ἐν
1020 1408 1053 1483 τη
1069 1401 1213 1482 τοποθεσίᾳ
1227 1405 1280 1459 τῶν
1295 1398 1418 1459 Δανείων
1434 1396 1464 1471 ἐξ
1480 1398 1550 1476 οἰγο-

262 1524 355 1604 ρασίας
370 1523 417 1583 καὶ
433 1525 485 1583 ἀπὸ
500 1523 685 1605 προσενέξεως
700 1523 820 1602 Μιχαὴλ
835 1528 880 1584 τοῦ
897 1523 1043 1604 Πελαργοῦ
1059 1523 1159 1598 μοθίων
1174 1520 1212 1580 ω’·
1238 1525 1328 1601 ἕτερον
1344 1521 1483 1601 χωραίριον
1500 1519 1549 1576 ἀπο

261 1641 447 1726 προσενέξεως
468 1649 514 1706 τοῦ
529 1645 682 1726 Ἀραβοιντᾶ
701 1645 741 1718 είς
759 1649 789 1706 τὸ
806 1646 965 1724 Ἀγελίτζην
985 1640 1086 1721 μοθίων
1104 1643 1149 1717 ις’·
1173 1651 1210 1722 γη
1231 1645 1283 1704 ἀπο
1303 1633 1492 1722 προσενέξεως
1506 1638 1550 1700 καί

263 1761 317 1853 [ἐξ]
334 1765 482 1848 ἀγορασίας
505 1765 543 1838 είς
562 1769 607 1827 τὀν
621 1770 702 1828 τόπον
717 1775 766 1844 τῆς
782 1768 934 1847 Μελιροίας
947 1767 1064 1844 πλησίον
1078 1773 1129 1842 τῆς
1143 1772 1197 1844 γῆς
1211 1771 1264 1826 τῶν
1280 1763 1481 1840 Κουβουκλέων
1498 1785 1550 1838 μο-
1589 1837 1590 1840 ¹

264 1888 327 1949 δίων
343 1886 400 1962 σξ’·
424 1891 504 1970 έτέρα
525 1896 561 1968 γῆ
586 1889 625 1963 εἰς
646 1892 694 1965 τὴν
710 1892 813 1950 Κὸσιαν
834 1889 951 1966 πλησίον
973 1895 1022 1964 τῆς
1044 1895 1097 1966 γῆς
1113 1893 1159 1948 τοῦ
1175 1888 1322 1968 Πελαργοῦ
1336 1885 1384 1946 καὶ
1399 1889 1446 1945 τοῦ
1461 1885 1548 1960 δημο-

263 2015 357 2071 σιακοῦ
375 2013 485 2092 συνθρου
507 2012 551 2072 σῦν
573 2019 606 2095 τῇ
629 2013 682 2072 ἀπο
704 2015 749 2072 τοῦ
765 2011 852 2091 Ξιρέα
867 2011 968 2088 μοδίων
984 2011 1037 2091 ρν’·
1063 2011 1142 2091 ἑτέρα
1156 2016 1193 2089 γῆ
1210 2007 1421 2088 διαπεριόριστος
1435 2007 1549 2083 πλησίον

263 2138 312 2210 της
333 2138 386 2212 γῆς
408 2137 460 2192 τῶν
477 2133 687 2208 Κουβουκλείων
708 2133 755 2194 καὶ
776 2141 826 2211 τῆς
847 2141 900 2213 γης
922 2137 968 2194 τοῦ
983 2134 1130 2212 Πελαργοῦ
1153 2131 1252 2207 μοθίων
1269 2129 1334 2212 ,αυ’·
1359 2131 1439 2209 ἑτέρα
1457 2136 1496 2208 γη
1514 2127 1550 2198 είς

263 2256 294 2314 τ“ο
317 2253 463 2330 Λειβοίθιον
486 2255 588 2332 μοθίων
610 2255 635 2315 σ’
660 2256 723 2316 ἄνευ
745 2262 794 2332 τῆς
818 2256 907 2316 ἐκεῖσε
930 2263 983 2334 γῆς
1004 2258 1051 2314 τοῦ
1074 2255 1194 2334 Δραγθη,
1225 2253 1254 2312 ἐν
1276 2248 1294 2334 ᾖ
1318 2251 1484 2331 εὑρίσκονται
1507 2248 1549 2310 καί
1589 2255 1590 2312 ί

264 2377 414 2452 μυλοτὸπια
437 2377 493 2458 δύο,
517 2375 557 2457 ἐρ’
567 2369 607 2449 οίς
630 2378 771 2458 ἐπορίοατο
794 2378 864 2438 κατὰ
887 2378 970 2457 μέρος
984 2378 1015 2436 πθ
1032 2377 1115 2454 μέρος
1129 2381 1177 2452 τῆς
1192 2375 1316 2450 τοιαύτης
1331 2372 1483 2448 οεβασμίας
1498 2392 1549 2447 μο-

263 2503 313 2575 νῆς
335 2499 407 2559 θεῖον
429 2498 475 2558 καί
498 2501 594 2559 σεπτὸν
616 2499 838 2580 χρυσέβουλλον·
863 2501 991 2577 μετόχιον
1013 2501 1165 2574 τιμώμενον
1185 2494 1225 2569 εἰς
1240 2496 1326 2571 ὄνομα
1339 2499 1386 2556 τοῦ
1400 2493 1493 2575 κυρίου
1507 2491 1550 2553 καί

264 2623 327 2680 θεοῦ
349 2618 395 2680 καί
417 2627 537 2702 σωτῆρος
558 2623 637 2697 ἡμῶν
654 2623 744 2697 Ἰησοῦ
759 2622 874 2702 Χριστοῦ
898 2621 1115 2696 ἐπικεκλημένοι
1137 2623 1182 2680 τοῦ
1199 2617 1388 2698 Γαοτελέγκου
1411 2617 1483 2692 μετὰ
1504 2623 1549 2691 τῆς

262 2749 396 2823 περιοχῆς
424 2741 471 2801 καί
500 2749 586 2818 νομῆς
613 2745 691 2802 αὺτοῦ
717 2742 764 2802 καὶ
791 2749 843 2802 τῶν
871 2745 916 2802 σὺν
941 2741 1010 2821 αῦτῷ
1033 2742 1273 2820 προσκαθημένων,
1310 2735 1386 2819 ἐρ’ίρ
1410 2740 1549 2818 έπορίσοιτο
1589 2789 1590 2816 ss

263 2863 311 2924 καί
332 2863 362 2924 το
385 2865 468 2944 μέρος
490 2855 539 2940 τῆς
560 2865 684 2942 τοιοῦτης
706 2865 856 2941 σεβασμίας
879 2872 965 2941 μονῆς
987 2863 1033 2924 καί
1056 2865 1128 2924 θεῖον
1151 2863 1197 2923 καὶ
1220 2863 1315 2922 σεπτθν
1329 2860 1547 2942 χρυσέβουλλον·

262 2985 323 3068 περὶ
349 2987 379 3046 τ“ο
410 2987 473 3046 αῦτθ
500 2987 627 3065 μετὸχιον
660 2995 721 3066 γῆν,
756 2989 849 3062 ἥντινα
878 2982 1017 3070 ἐκράτειί)
1044 2987 1173 3066 πρότερον
1201 2985 1216 3043 6
1243 2985 1333 3063 μέγας
1359 2984 1511 3060 λογοθέτης
1536 2983 1548 3039 6

264 3109 419 3186 Μετοχίτης
447 3109 551 3180 ἐκεῖνος
577 3107 624 3170 καί
651 3109 733 3185 ἐδόθη
760 3111 828 3190 προς
854 3111 885 3168 τθ
912 3111 995 3188 μέρος
1016 3112 1066 3184 τῆς
1087 3109 1211 3182 τοιαῦτης
1235 3112 1321 3182 μονῆς
1343 3104 1389 3164 διὰ
1410 3105 1483 3164 θείου
1505 3103 1547 3164 καί

263 3234 359 3290 σεπτοῦ
389 3230 606 3311 χρυσοβοῦλλου·
638 3233 667 3292 έν
689 3238 721 3314 τῇ
744 3232 887 3314 τοποθεσίᾳ
915 3237 965 3307 τῆς
987 3227 1210 3311 Στραστριβίτζας
1236 3228 1352 3304 πλησίον
1374 3231 1429 3287 τοῦ·
1442 3229 1546 3308 συνόρον

262 3355 309 3412 τοῦ
337 3350 474 3433 χωραρίου
503 3356 549 3412 τοῦ
571 3353 810 3434 Κραθασμοῦντου,
844 3359 894 3430 τῆς
923 3353 986 3413 θθοῦ
1015 3359 1065 3429 τῆς
1088 3350 1273 3431 έξερχομένης
1295 3349 1347 3410 ἀπὸ
1368 3355 1414 3411 τοῦ
1434 3353 1546 3429 κοίστρου
1589 3401 1590 3436 γ

263 3475 372 3554 Σερρῶν
401 3475 447 3533 καί
474 3475 631 3552 ἀπαγοίιοης
652 3473 698 3546 εἰς
719 3477 764 3534 τον
786 3479 919 3535 κάπεστον
943 3482 990 3551 τῆς
1013 3481 1066 3552 γῆς
1088 3477 1133 3533 τοῦ
1154 3475 1288 3553 Λοίοκαρη
1312 3471 1358 3533 καί
1381 3477 1427 3532 τοῦ
1451 3473 1544 3553 ρῦοικος
1589 3467 1590 3512 3

263 3593 365 3670 μοδίων
387 3595 610 3676 τετρακισχιλίων
632 3597 826 3678 τετρακοσίων·
851 3598 930 3676 έτέρα
952 3602 989 3676 γῆ
1013 3593 1051 3665 είς
1074 3597 1122 3671 τὴν
1138 3595 1235 3674 Ἰθέαν,
1258 3597 1352 3670 ἥντινα
1367 3589 1443 3672 εἶχεν
1459 3595 1473 3654 6
1491 3643 1497 3654 .
1514 3637 1542 3652 ..
1589 3611 1590 3616 ’

1365 3713 1386 3746 ’1

264 3717 388 3792 οίμπελον
411 3717 512 3793 μοδίων
527 3715 553 3778 κ’
575 3721 593 3793 ἢ
615 3717 810 3799 χεροοίμπελον
818 3717 842 3802 ³)
868 3719 968 3794 μοδίων
984 3717 1022 3790 ς’·
1047 3715 1203 3793 ἐξάμπελον
1219 3715 1321 3792 μοθίων
1338 3715 1361 3776 ιδ
1410 3713 1543 3796 προβολὴν
1589 3733 1590 3736 ’

263 3839 450 3916 μοκελλικήν·
472 3843 609 3920 χωροίριον
632 3841 735 3916 μοδίων
759 3837 784 3900 ι’·
808 3845 898 3922 ἕτερον
921 3839 1022 3916 μοθίων
1044 3839 1082 3918 γ’·
1105 3834 1345 3924 [προσκαθήμενοι]
1369 3839 1511 3918 Μαρθαῑος
1530 3833 1542 3892 6

261 3962 386 4040 χαλκεῦς
415 3963 429 4020 6
460 3963 664 4042 Πεπλεγμένος-
688 3964 747 4038 ἤτοι
777 3963 999 4044 θἈνατολικθς,
1030 3963 1089 4039 ἔχει
1123 3962 1220 4020 Ἄνναν
1250 3953 1470 4040 γυναικαδέλρην
1499 3957 1541 4031 τὴν

263 4083 414 4162 Ποταμίαν,
438 4085 611 4164 σίιγγαμβρον
634 4085 677 4145 ἐπ’
691 4085 757 4168 αῦτῇ
777 4131 784 4143 .
802 4133 808 4144 .
826 4131 831 4144 .
855 4084 925 4164 μῦρη
949 4084 1099 4143 ἐνοικιακον
1113 4083 1196 4154 τέλος
1210 4082 1362 4156 νομίσματα
1379 4080 1413 4142 ιδ’
1431 4081 1541 4157 μιλλιο-

263 4209 342 4286 ρησια
365 4253 420 4268 ...
444 4208 458 4266 6
485 4206 540 4279 υίος
562 4208 702 4287 Τισουροῐς
724 4208 785 4285 ἔχει
807 4208 912 4286 μητέρα
935 4205 1093 4284 Θεοδώραν,
1122 4203 1242 4265 οἰκιακθν
1264 4205 1346 4276 τέλος
1453 4201 1491 4274 είς
1515 4201 1541 4257 τῦ

261 4327 361 4408 χωρίον
390 4331 435 4388 τὀν
460 4329 586 4389 Ποίνακον
616 4329 669 4388 ἀπο
695 4333 748 4388 τῶν
771 4329 914 4406 Κυνηγῶν,
941 4331 1016 4406 χήρα
1042 4329 1059 4402 ἡ
1086 4331 1132 4386 τοῦ
1155 4328 1296 4406 Μερζάνη,
1325 4327 1383 4404 ἔχει
1406 4325 1477 4395 υίοίις
1500 4317 1541 4382 καὶ

262 4453 412 4532 θυγατέρας
435 4451 480 4512 καί
503 4452 623 4532 Τεριλοιν
650 4453 784 4538 θυγατέρα
806 4449 986 4530 Ζομπρίτζαν,
1017 4450 1142 4529 γαμβρὸν
1166 4449 1208 4508 ἐπ’
1222 4451 1287 4530 αῦτῄ
1311 4448 1435 4528 Βλοίχου,
1466 4447 1540 4512 τέλος

367 4715 386 4779 ¹)
405 4711 492 4780 ἑτέρων
510 4715 530 4763 1.
602 4713 622 4778 ²)
639 4709 724 4779 ἐκράτη
742 4713 762 4762 Ι,
832 4711 853 4772 ³)
871 4708 1043 4779 χρυσαίμπελον
1062 4713 1083 4760 1.
