3194 5298
271 359 343 425 130*

267 557 476 636 προστάγματος
497 561 546 633 τῆς
570 553 712 630 βασιλείας
735 577 786 631 μου
810 553 849 629 εἰς
866 555 1064 636 ἀνενοχλησίαν
1080 557 1169 638 αύτού,
1192 557 1210 636 ἡ
1231 555 1358 667 βασιλείρι
1375 578 1428 634 μου
1443 554 1554 636 εύλογεν

268 675 315 738 καὶ
345 677 451 738 δικαίαν
473 679 521 766 την
548 679 660 755 τοπικὴν
685 677 806 752 ἐξέτασιν
828 678 875 740 καὶ
898 679 1041 758 διάγνωσιν
1063 679 1185 760 κρίνασα,
1218 679 1278 740 ἐπεὶ
1301 674 1403 741 δὲκαὶ
1426 675 1483 766 [δι’]
1499 680 1555 739 ἐπι-

267 800 379 874 στασίας
401 801 539 881 ἀσφαλοῦς
563 801 673 880 ἐγένετο
696 799 742 861 καὶ
764 801 965 881 ήκριβωμένης,
991 802 1049 880 ἐχει
1064 801 1176 878 θέλημα
1191 800 1238 862 καὶ
1254 801 1408 881 διορίζεται,
1431 801 1475 861 ἵνα
1488 801 1555 860 κατὰ

267 923 316 997 τἠν
339 922 484 1001 περίληψιν
510 928 556 984 τοῦ
582 925 728 1003 γεγονότος
757 923 828 1003 αύτῷ
857 923 891 999 δὴ
913 923 952 1003 τῷ
975 925 1158 1004 Φωκοπούλῳ
1180 926 1342 1004 γράμματος
1363 926 1439 1004 πκροί
1460 944 1490 982 τε
1511 929 1555 996 της

267 1045 392 1123 κεφαλῆς
411 1043 457 1104 καὶ
472 1051 524 1105 τῶν
540 1045 644 1106 λοιπῶν
661 1043 809 1126 ἀρχόντων,
832 1049 871 1116 ὡς
887 1044 999 1126 εἴρηται,
1024 1045 1085 1123 ἔχει
1098 1051 1187 1105 πᾶσαν
1204 1044 1308 1126 ἀδειαν,
1332 1046 1396 1106 ὅσον
1413 1045 1554 1116 ἐδικαιώθη

266 1161 301 1225 νά
325 1169 424 1248 ποιήσῃ
453 1165 499 1227 καί
525 1165 565 1238 είς
591 1168 621 1226 τδ
644 1167 769 1243 ύσπητιον
791 1171 837 1227 τοῦ
860 1167 986 1242 μύλωνος
1009 1167 1088 1226 αύτού
1110 1164 1157 1228 καί
1179 1169 1270 1247 ἕτερον
1294 1167 1482 1248 ἐργαστήριον,
1513 1164 1555 1225 καὶ

267 1288 380 1364 νέμηται
402 1292 478 1348 τούτο
505 1288 654 1360 ἀκωλύτως
676 1287 723 1348 καὶ
745 1287 955 1366 ἀνεμποδίστως,
982 1285 1030 1347 καί
1053 1289 1115 1348 ούδέ
1137 1289 1167 1348 εδ
1190 1287 1325 1348 ἀντίθετον
1349 1289 1442 1348 τούτοιν
1466 1289 1554 1367 μέρος,

267 1409 351 1487 ἤγουν
374 1409 399 1469 οί
419 1409 518 1482 παῖδες
539 1414 585 1470 τού
599 1409 808 1487 Διπλοβατοίτζη
833 1409 947 1489 ἐκείνου,
971 1409 1190 1488 διενοχλησουσιν
1214 1409 1267 1470 ἀπὸ
1289 1415 1335 1468 τοῦ
1355 1415 1400 1468 νύν
1416 1411 1497 1490 χοίριν
1512 1416 1556 1483 τῆς

267 1531 391 1606 τοιαύτης
417 1532 580 1611 ὑποθέσεως,
611 1531 688 1590 ἀλλὰ
719 1533 834 1606 μένωσιν
864 1529 1046 1613 εἰρηνεύοντες
1069 1529 1116 1591 καὶ
1138 1533 1306 1612 στέργοντες,
1337 1533 1400 1592 ύσον
1423 1533 1442 1606 ἡ
1464 1532 1555 1604 τοπικὴ

269 1651 407 1714 ἐπιστασία
433 1651 479 1712 καὶ
508 1650 651 1731 διάγνωσις
674 1652 828 1733 ἀπεφήνατο
852 1647 964 1714 δίκαιον.
1003 1651 1043 1725 εἰς
1064 1653 1118 1732 γὰρ
1139 1653 1188 1727 τὴν
1210 1650 1273 1733 περί
1294 1652 1386 1712 τούτου
1410 1653 1555 1730 ἀσφάλειαν

268 1775 378 1854 ἐγένετο
401 1772 448 1834 καὶ
469 1773 500 1834 τ“ο
520 1774 606 1851 παρόν
628 1779 677 1850 τῆς
697 1774 839 1850 βασιλείας
855 1793 906 1850 μου
921 1775 1092 1855 πρόσταγμα,
1116 1771 1193 1850 μηνὶ
1216 1769 1386 1854 ἀπριλλίῳ
1402 1772 1462 1835 ίνδ.
1479 1773 1516 1834 ιδ’
1531 1779 1553 1850 †.

371 1891 492 1974 ηίέίχε
522 1893 635 1956 δὲκαὶ
658 1893 697 1954 δι’
711 1897 855 1976 ἐρυθρῶν
877 1899 1081 1975 γραμμάτων
1104 1901 1162 1972 τῆς
1185 1895 1366 1971 βασιλικῆς
1389 1894 1446 1956 καὶ
1467 1895 1555 1966 θείας

268 2020 385 2099 χειρδς
406 2019 455 2077 τό·
494 2017 661 2096 Στέφανος
682 2019 796 2090 πιστδς
819 2017 979 2092 βασιλεὺς
1000 2015 1055 2077 καί
1077 2017 1205 2096 κρσίλης
1230 2015 1262 2076 ἐν
1284 2016 1414 2098 Χριστῷ
1437 2017 1480 2095 τῷ
1497 2016 1555 2093 θεῷ

252 2138 411 2220 ῚΣερβίας
433 2137 488 2198 καὶ
512 2137 697 2214 Ῥωμανίας
719 2142 746 2214 †.

371 2267 515 2321 Ιοοπτιίάεσ
527 2267 578 2322 Νν.
593 2269 642 2321 20.
660 2265 740 2322 Solus
752 2285 840 2321 annus
851 2268 929 2338 τεφιιί
940 2264 1074 2336 Stephani
1082 2267 1247 2336 undecimus,
1260 2267 1309 2338 φιιιΙ
1323 2269 1468 2336 at1346,
1482 2267 1556 2322 θαύεί

266 2371 436 2426 indictionem
451 2370 535 2425 XIV.

482 2671 629 2738 XXXII.
653 2671 900 2762 [6857-13491,
923 2696 1034 2738 mense
1057 2677 1181 2758 martio,
1204 2674 1269 2739 ind.
1293 2675 1336 2740 H.

512 2856 574 2911 Rex
589 2855 743 2927 Stephanus
755 2855 855 2912 Βαίου
869 2857 1013 2926 adjudicat
1027 2858 1188 2912 monasterio
1203 2857 1310 2914 νιούαννι.

541 3060 758 3134 Δικαιώματα
783 3065 841 3134 τῆς
862 3059 1048 3140 Τριμυλίας
1070 3063 1274 3140 πρόσταγμα.
1330 3109 1331 3112 ¹

369 3237 386 3311 †
403 3233 543 3294 Πάνοεπτε
564 3233 645 3292 σεπτέ
661 3228 724 3305 δούξ
738 3236 785 3292 τού
799 3232 917 3308 θέματσς
932 3231 1054 3312 Βολεραῦ
1068 3231 1114 3292 καὶ
1131 3234 1362 3314 Μοσυνοπόλεως,
1385 3235 1495 3316 Σερρῶν
1510 3232 1553 3295 καί

265 3353 461 3436 Στρυμόνοςί),
491 3359 540 3434 κύρ
570 3354 707 3429 Μανουὴλ
729 3354 840 3434 Λιβερέ.
879 3353 904 3412 οἱ
934 3354 986 3413 ἀπὸ
1014 3360 1064 3429 της
1093 3355 1164 3414 κατὰ
1193 3355 1242 3427 τὰς
1269 3357 1374 3437 Σέρρας
1406 3355 1553 3432 σεβασμίοις

266 3482 353 3552 μονῆς
381 3479 428 3535 τού
453 3475 540 3552 τιμίου
568 3473 678 3548 ἐνδόξου
704 3479 838 3555 προφήτου
861 3475 1021 3555 Προδρόμου
1047 3474 1094 3536 καί
1116 3477 1266 3537 Βαπτιστού
1288 3479 1415 3539 ’ίωοίννου
1439 3475 1552 3556 μοναχοὶ
1587 3467 1588 3472 ’

264 3597 392 3679 ἀνέφερον
414 3603 448 3680 τῇ
472 3597 598 3680 βασιλείᾳ
621 3617 681 3678 μου,
705 3599 745 3657 ὅτι
766 3603 868 3678 προσῆν
892 3596 1011 3657 ἔκπαλαι
1032 3603 1066 3679 τῇ
1088 3599 1195 3680 τοιαύτη
1218 3599 1354 3681 σεβασμίᾳ
1377 3605 1447 3682 μονῇ
1464 3601 1551 3675 μυλο-

262 3721 364 3797 τάπιον,
387 3720 402 3778 θ
425 3717 459 3795 δὴ
482 3719 646 3795 μυλοτόπιον
668 3715 815 3791 ἀνεδέξατό
838 3740 877 3791 τις
892 3720 1022 3790 Σανιοίνος
1044 3719 1199 3798 λεγόμενος
1222 3719 1275 3780 ἀντδ
1293 3715 1360 3806 [τού]
1375 3722 1550 3800 καθηγουμέ-

264 3841 406 3913 νεύσαντος
427 3841 478 3922 πρίν
501 3843 608 3922 χρόνων
631 3841 660 3900 ἐν
682 3847 715 3924 τῇ
737 3841 845 3922 τοιαύτη
869 3846 948 3922 μονῇ,
969 3840 1110 3900 Ἀντωνίου
1131 3845 1178 3900 τού
1193 3841 1391 3922 Μοσχοπόλου,
1415 3843 1449 3902 ἵν’
1462 3843 1550 3923 ἐγείρῃ

264 3961 379 4039 μύλωνα
401 3962 444 4022 ἐπ’
457 3961 528 4044 αύτῷ
552 3959 583 4036 ἐξ
606 3961 712 4024 οἰκείων
735 3959 849 4042 ἐξόδων,
872 3961 918 4021 καὶ
942 3962 1052 4038 ἐποίησε
1073 3963 1225 4042 συμφωνίαν
1242 3963 1388 4046 ἔγγραφον,
1412 3966 1487 4037 ὅπως
1502 3965 1551 4046 ἔχη
1587 3965 1588 3970 ’

264 4084 344 4156 αθτδς
366 4083 527 4156 δΣανιάνος
551 4079 620 4160 μετὰ
636 4081 688 4144 τῶν
705 4083 884 4159 δηλωθέντων
901 4088 1030 4160 μοναχῶν
1046 4083 1091 4142 τὀν
1106 4087 1224 4144 τοιοῦτον
1241 4085 1356 4160 μύλωνα
1372 4082 1403 4158 ἐξ
1418 4083 1549 4164 ἡμισείας,

263 4203 309 4266 καί
333 4205 475 4286 μερίζωσιν
499 4205 594 4281 ἐπίσης
615 4207 663 4281 την
687 4203 717 4278 ἐξ
741 4206 820 4265 αύτού
843 4203 957 4284 εἴσοδον,
981 4205 1078 4284 μέχρις
1099 4207 1132 4264 ἀν
1154 4209 1212 4278 τοῖς
1226 4207 1306 4277 ζῶσιν
1321 4201 1400 4280 οὗτος
1415 4209 1550 4288 συγκαλέ-

263 4345 354 4406 γηται,
378 4325 448 4400 μετὰ
471 4325 502 4387 δὲ
524 4327 572 4402 τὴν
594 4327 725 4401 τελευτὴν
748 4327 827 4386 αἰπού
850 4325 1033 4404 ἐπανέρχηται
1054 4325 1137 4386 πάλιν
1159 4325 1206 4386 καὶ
1221 4328 1239 4402 ἡ
1256 4328 1337 4409 ἑτέρα
1350 4329 1463 4404 ἡμίσεια
1478 4329 1550 4409 μερὶς

262 4451 308 4509 τού
330 4447 410 4508 αύτού
432 4449 558 4524 μύλωνος
581 4449 648 4529 πρδς
669 4448 700 4507 τδ
724 4449 806 4525 μέρος
828 4451 878 4522 τῆς
899 4447 1023 4522 τοιαύτης
1038 4453 1136 4522 μονῆς·
1161 4449 1200 4520 ὡς
1215 4447 1239 4506 δ’
1253 4448 1432 4527 ἐτελεύτησεν
1447 4453 1462 4512 ό
1477 4449 1548 4532 εἰρη-

368 4711 389 4777 1)
408 4707 564 4778 Στρυμμύνυς
581 4710 602 4760 1.
