3166 5298
1184 372 1185 375 ¹
1248 343 1308 407 113

43 539 110 610 μένον
133 537 200 613 μετὰ
226 543 280 598 τῶν
308 539 338 598 ἐν
362 537 433 618 αυτῷ
456 538 586 620 βιβαρίων
608 536 655 598 καὶ
678 537 817 598 αδλακίων
839 536 886 598 καὶ
908 537 1073 616 σανδαλίων,
1096 543 1150 597 τῶν
1170 558 1201 598 τε
1222 558 1308 618 προσ-

42 661 184 736 καθημένων
208 663 297 740 α’νσοῶ,
320 666 369 738 τῆς
391 667 443 740 γῆς
465 659 587 721 καὶτῶν
610 660 706 721 ἀλλων
729 659 839 720 δικαίων
861 659 907 720 καὶ
929 660 1081 738 προνομίων
1100 659 1193 721 αὐτοῦ·
1216 665 1254 738 γῆ
1269 659 1309 734 εἰς

41 787 75 841 τοῦ
93 783 216 863 Τζυοίνου,
239 781 355 858 πλησίον
377 788 427 858 τῆς
449 787 502 861 γῆς
524 787 569 842 τοῦ
585 782 724 842 Φιλοθέσυ
747 781 794 842 καὶ
815 787 865 857 τῆς
886 787 940 861 γῆς
961 787 1010 858 τῆς
1025 781 1183 860 Ζελιχόβης
1193 780 1226 865 ¹),
1250 784 1309 858 ῆτις

41 902 74 963 καί
92 904 283 984 τροκατείχετο
305 905 380 984 παρὰ
400 910 450 980 τῆς
473 909 572 979 μονῆς·
597 905 724 982 μετόχιον
747 901 945 984 όἈσῶματος,
968 903 1034 985 όπερ
1057 905 1116 983 ἔχει
1131 909 1184 984 γῆν
1200 904 1229 964 έν
1245 903 1308 964 δια-

12 1049 13 1052 ’
41 1028 112 1104 φόροις
136 1029 228 1098 τόποις
257 1023 288 1098 ἐξ
315 1025 418 1106 ἀγορᾶς
448 1025 494 1084 καί
520 1022 707 1105 προσενέξεως
736 1023 783 1084 καὶ
811 1025 999 1106 ἀπογραφοιῆς
1025 1028 1227 1106 καταστάσεως,
1261 1023 1309 1086 καί

42 1149 164 1219 μετὰτῶν
187 1148 248 1208 ἐκεῖ
268 1153 348 1228 τριῶν
371 1147 504 1222 μυλῶνων
526 1147 574 1208 καί
591 1147 835 1226 προσκαθημένων·
858 1150 985 1225 μετόχιον
1002 1147 1109 1231 ἐντὀςί)
1124 1154 1177 1208 τῶν
1193 1149 1308 1227 Ζιχνῶν,

42 1268 89 1350 ίπρ
111 1271 169 1347 ἔχει
192 1269 317 1346 ἀμπέλια
341 1269 369 1328 ἐν
392 1268 527 1349 διαφόροις
549 1270 639 1340 τόποις
661 1266 708 1330 καί
731 1267 859 1345 μίνλωνας
881 1273 965 1350 τρεῖς·
990 1268 1016 1329 οἱ
1038 1269 1162 1330 Ἰουδαῖοι
1185 1269 1211 1330 οἱ
1233 1270 1310 1342 ἐντός

41 1397 79 1448 τῶν
97 1392 213 1469 Ζιχνῶν·
249 1389 289 1462 εἰς
316 1393 347 1452 τό
368 1391 468 1472 χωρίον
490 1392 538 1466 τὴν
561 1392 645 1450 Κάτω
670 1389 779 1450 Οίίονιαν
802 1388 943 1466 οἰκονομία
965 1391 1122 1473 ὑπερπὺρων
1145 1392 1242 1452 έκατδν
1264 1392 1310 1452 σδν

40 1516 81 1583 τοῖς
105 1515 243 1594 παροίκοις
272 1516 327 1586 τοῖς
358 1513 557 1593 εὑρισκομένοις
586 1511 626 1585 είς
656 1513 770 1592 διάφοροι
798 1511 887 1593 χωρία
914 1509 961 1572 καὶ
991 1514 1024 1572 ἐκ
1049 1510 1237 1594 προσενέξεως
1264 1519 1310 1574 τοῦ

43 1635 243 1719 Μιργορίτουί)·
261 1633 300 1708 εἰς
316 1637 345 1696 τό
361 1637 424 1696 αυτδ
439 1633 540 1716 χωρίον
556 1634 679 1711 ἀμπέλια
693 1633 740 1694 καὶ
755 1636 881 1715 χωροίφια
897 1634 926 1694 έν
942 1634 1076 1714 διαφόροις
1091 1638 1192 1708 τόποις·
1209 1620 1310 1716 χωρίον

40 1759 64 1815 τὰ
76 1759 245 1834 Μονοσπῆτια
268 1758 338 1834 μετὰ
359 1763 408 1834 τῆς
429 1761 515 1834 νομῆς
537 1753 585 1816 καὶ
606 1761 737 1836 περιοχῆς
760 1757 839 1818 αὺτοῦ
861 1755 980 1816 καὶτῶν
999 1755 1136 1838 παροίκων
1156 1756 1203 1818 καί
1224 1779 1310 1838 προσ-

12 1941 14 1966 5
40 1881 181 1956 ιείςμένων
206 1879 299 1940 ον’ντοίν·
322 1879 423 1960 χωρίον
444 1881 475 1939 τό
497 1883 543 1940 τοῦ
558 1877 670 1939 Λάκκου
679 1877 702 1960 ¹)
727 1877 797 1953 μετὰ
818 1884 871 1938 τῶν
888 1879 916 1938 ἐν
932 1877 1003 1958 αυτῷ
1019 1881 1249 1959 προσκαθημένων
1264 1878 1312 1940 καὶ

40 2008 77 2076 τῆς
93 2007 221 2082 περιοχῆς
243 2001 290 2062 καὶ
312 2007 398 2079 νομῆς
406 1999 431 2086 ⁵)
455 2003 549 2062 αὐτοῦ·
574 2001 694 2082 ἀγριδιον
716 2002 734 2074 ῆ
756 2001 924 2082 Κεραυνίτζα
946 2001 1016 2076 μετὰ
1037 2007 1091 2062 τῶν
1112 2001 1249 2083 παροίκων
1264 2001 1311 2062 καὶ

41 2127 250 2202 προκαθημένων
272 2123 319 2186 καί
341 2130 389 2202 τῆς
404 2129 491 2200 νομῆς
506 2121 553 2184 καί
566 2129 699 2205 περιοχῆς
716 2124 807 2184 αίντοῶ1
833 2121 871 2195 είς
890 2124 920 2182 τό
935 2123 1035 2204 χωρίον
1051 2125 1095 2184 τὀν
1111 2121 1310 2216 Τοπόλτζιονί)

41 2246 143 2323 πίροικσι
166 2245 265 2306 εἴκοσι·
288 2245 350 2326 περὶ
371 2247 421 2320 τὰς
435 2247 573 2328 Σέρρνιςί)
597 2245 793 2326 ὑδρομῶλωνας
816 2246 907 2306 ἐννέα·
933 2246 1099 2327 έργαστῆρια
1113 2247 1227 2328 διοίφορα
1240 2246 1312 2308 κατὰ

42 2367 76 2440 τῆν
94 2369 237 2445 βασιλικὴν
259 2370 348 2446 πύλην
370 2340 417 2430 καί
440 2367 518 2430 ἀλλα
539 2367 676 2445 οἰκήματα
699 2367 813 2449 δισίφορα
835 2368 975 2430 ἐνοικισικὰ
997 2368 1025 2428 ἐν
1049 2367 1184 2450 διαφόροις
1206 2371 1311 2442 τόποις·

41 2491 146 2568 μετόχιον
174 2489 213 2564 εἰς
236 2493 267 2550 τό
289 2489 444 2576 Τριλίσινί)
471 2494 501 2552 τδ
529 2489 569 2564 εἰς
589 2493 620 2552 τ“ο
643 2492 729 2568 ὄνομα
750 2485 903 2567 τιμώμενον
925 2497 974 2568 τῆς
1004 2490 1151 2573 ὑπεραγίας
1175 2491 1313 2554 Θεοτόκου

40 2607 75 2668 ναὶ
99 2612 315 2690 έπικεκλημένον
340 2617 386 2674 τοῶ
408 2611 611 2694 Βεμπελάκηί)
640 2614 710 2689 μετὰ
735 2619 789 2672 τῶν
818 2613 845 2674 ἐν
873 2611 945 2692 αυτῷ
972 2613 1019 2673 δύο
1046 2614 1192 2694 μετοχίων,
1223 2610 1261 2676 ῶν
1282 2616 1313 2676 τό

12 2695 14 2738 ¹
41 2731 79 2802 μέν
98 2735 124 2792 έν
145 2734 261 2810 πλησίον
284 2740 333 2812 τῆς
347 2735 565 2816 Τρουλίανηςίί)
586 2735 616 2795 τδ
640 2735 877 2811 ἐπονομαζόμενον
900 2741 949 2811 τῆς
964 2734 1112 2817 ὑπερογίας
1128 2735 1266 2797 θεοτόκου
1277 2737 1312 2814 ¹¹)

41 2859 74 2912 τοῦ
93 2856 191 2936 Τςέρνῆ
223 2857 294 2933 μετὰ
320 2863 373 2916 τῶν
401 2857 429 2916 έν
458 2857 529 2935 αὐτῷ
555 2857 796 2937 προσκαθημένων,
826 2858 856 2916 τδ
880 2857 904 2917 δ’
917 2859 1010 2938 ἕτερον
1037 2859 1108 2936 πέρα
1134 2863 1180 2918 τοῦ
1202 2859 1312 2918 Μέοτου

12 2971 13 2980 ’
40 2975 61 3031 τό
78 2976 222 3056 λεγόμενον
246 2979 260 3040 ὁ
284 2979 428 3061 Γραδίοτος
455 2975 525 3056 μετὰ
552 2984 604 3040 τῶν
627 2979 655 3040 ἐν
678 2977 749 3058 αὐτῷ
771 2979 908 3059 παροίκων
931 2977 978 3040 καί
997 2980 1234 3060 προσκαθημένων
1263 2979 1309 3040 καί

12 3181 13 3188 γ
41 3103 73 3157 τοί
87 3101 205 3174 μίλωνος
219 3099 267 3162 καὶ
281 3107 331 3179 τῆς
344 3103 477 3179 πλονινῆς
486 3099 523 3184 ¹²)
539 3106 589 3179 τῆς
604 3101 807 3180 ἑπιλεγομένης
827 3104 873 3161 τοῦ
890 3099 984 3178 Ἁγίου
1000 3101 1136 3180 Γεωργίου
1151 3105 1196 3162 τοῦ
1212 3103 1310 3183 Παρά-

43 3238 96 3279 σσκα
108 3221 149 3302 ¹¹),
170 3221 218 3283 καὶ
238 3229 289 3300 τῆς
306 3220 554 3305 Λουμπουτίσςςίί)
578 3222 647 3300 μετὰ
669 3221 715 3284 καί
730 3229 779 3298 τῆς
794 3222 887 3298 ἁλλης
900 3228 1033 3302 περιοχῆς
1046 3220 1094 3283 καί
1109 3229 1195 3299 νομῆς
1211 3223 1310 3284 αίντῶν·

43 3338 63 3396 ἐν
80 3349 109 3423 τῆ
130 3345 272 3426 τοποθεσίᾳ
294 3349 340 3405 τοῦ
355 3344 492 3424 Σφσλενοῶ
513 3343 613 3426 δένδρα
627 3347 829 3424 τεσσαράκοντα
845 3343 1057 3422 βαλανιδέαίό)Ι
1082 3342 1121 3416 είς
1136 3346 1181 3405 τὀν
1198 3345 1313 3405 Πάνακα

43 3460 126 3524 ἐλαιῶν
140 3465 185 3526 καί
200 3469 327 3548 πάροικοι
341 3471 427 3548 τρεῖς·
443 3467 549 3547 Χρόσος
560 3469 594 3544 ¹¹)
610 3467 784 3538 όΤζυκαλοίς
798 3463 844 3526 καί
860 3466 1062 3538 ίίωνσταντϊνος
1077 3467 1092 3524 ό
1108 3467 1264 3548 Χλιαρηνδς
1275 3463 1311 3551 ¹¹)

43 3585 97 3655 μετὰ
116 3593 159 3648 τοῦ
180 3588 306 3670 γαμβροῦ
330 3590 408 3650 αῐντοῶ
430 3587 476 3650 καὶ
500 3589 594 3663 μύλων
617 3582 656 3660 εἷς
679 3588 849 3668 όλοκαιρινδς
871 3587 918 3648 καὶ
940 3591 1065 3668 πάροικοι
1085 3587 1132 3649 καὶ
1152 3590 1312 3670 προσκαθῆ-

45 3724 113 3776 μενσι.
145 3713 378 3792 προσευῆργέτῆσε
400 3709 446 3772 καί
469 3712 486 3784 ῆ
509 3710 648 3792 νραλόπῆς
670 3729 721 3786 μου
742 3715 840 3770 τοίπα·
865 3709 904 3784 είς
925 3711 970 3771 τόν
992 3708 1094 3790 χωρίον
1114 3713 1145 3771 τό
1168 3711 1313 3792 Λεγγίνιον

44 3827 79 3900 τὴν
98 3829 246 3909 οἰκονομίαν
268 3838 314 3893 τοῦ
330 3834 463 3916 Λαίσκαρη
488 3833 591 3894 ἐκείνου
612 3833 682 3910 μετὰ
696 3837 742 3894 τοῦ
764 3833 958 3912 ζευγηλατείου
972 3838 1018 3894 τοῦ
1033 3835 1222 3912 κατεχομένου
1237 3834 1313 3916 παρὰ

45 3955 79 4006 τοῦ
92 3953 308 4031 ίίαντακουζηνοῦ
330 3954 377 4016 καί
399 3962 452 4015 τῶν
476 3955 504 4015 έν
527 3957 594 4038 αὐτῆ
616 3963 779 4037 χειμερινῶν
793 3961 873 4036 τριῶν
883 3953 922 4038 18)
939 3955 1136 4036 ὑδρομυλῶνων
1150 3954 1197 4016 καί
1211 3959 1258 4016 τοῦ
1274 3953 1313 4027 είς

131 4225 150 4290 ¹)
173 4221 306 4293 Ζελεχόβῆς
333 4225 353 4274 Ι.
424 4224 445 4290 ²)
470 4221 502 4284 είς
526 4224 551 4276 S.
623 4224 644 4288 ³)
667 4221 846 4293 Ἀμαργαρίτου
870 4225 896 4274 S.
968 4223 989 4290 ⁴)
1012 4221 1113 4274 Λοίκινου
1136 4224 1162 4275 S.
1234 4224 1255 4291 ί)
1274 4221 1315 4274 καὶ

47 4317 77 4376 ῗίὶ
92 4322 160 4386 νομῆς
181 4319 219 4370 καί
241 4323 283 4384 τῆς
305 4321 419 4389 περιοχῆς
438 4320 463 4371 S.
535 4319 555 4384 ὅ)
575 4317 712 4379 Τοπόλτζον
730 4319 756 4372 S.
830 4317 923 4388 ῆπερί
945 4315 975 4369 τὰ
997 4317 1064 4387 ίίέροι
1082 4322 1107 4373 S.
1134 4321 1176 4371 Ex
1200 4335 1312 4388 sequen·

48 4410 103 4463 tibus
121 4413 211 4481 liquot,
237 4423 336 4468 rectam
361 4431 418 4468 οειο
440 4417 583 4468 Ιεοέίουειυ
607 4411 629 4468 Ι.
701 4415 722 4482 ⁸)
746 4413 773 4466 τὸ
796 4413 828 4474 εἰς
851 4413 968 4482 Τριλήοιν
990 4417 1010 4467 1.
1081 4413 1102 4481 ¹)
1121 4411 1268 4485 Βαμπελάκη
1291 4419 1313 4470 1.

49 4505 251 4576 Ῑῆίρουλλιαννῆς
269 4513 289 4563 1.
363 4513 393 4578 ¹¹)
410 4511 424 4578 ῆ
443 4509 561 4580 ὑπεραγίσ
580 4510 689 4569 δεοτόκος
707 4513 728 4563 Ι.
801 4511 832 4576 ¹²)
852 4509 972 4576 ίίλανικῆς
991 4511 1016 4562 S.
1091 4511 1120 4578 ¹³)
1138 4509 1275 4579 ίίριάσιακα
1291 4513 1313 4564 1.

50 4601 72 4657 ¹¹)
87 4603 303 4670 νίουμπουτσίσηςί
384 4608 415 4675 ¹⁵)
432 4605 591 4672 βαλανιδίαΙ.
664 4607 694 4672 ¹¹)
712 4605 799 4664 Χώσας
813 4606 839 4657 S.
911 4605 942 4672 ¹¹)
961 4603 1083 4674 Χλιερινός
1096 4608 1116 4656 1.
1189 4607 1220 4672 ¹⁸)
1240 4609 1314 4674 τριῶν

50 4709 100 4764 χειρ.
116 4701 134 4750 Ι,

1091 4807 1107 4856 8
