3194 5298
259 345 320 409 156

256 542 384 618 ἑαυτήνί)
408 540 525 600 ἐκαίνισε
547 543 666 619 πάντως,
690 541 778 620 ἀρχὴν
802 541 870 599 οὕτω
893 541 1015 614 λαβόντα
1037 541 1190 616 καλλίστην
1213 543 1279 621 πρός
1301 544 1346 601 τὀν
1372 539 1440 618 ἑξῆς
1464 544 1555 601 ἔπειτα

255 667 354 744 χρόνον
378 662 508 744 ἐνεργῆῖ)
532 662 699 722 δείκνυσθαι·
729 663 797 722 σῦτω
820 663 891 722 πολθ
913 665 1046 723 πάντοθεν
1071 665 1130 741 ἔχει
1152 665 1183 722 τό
1206 665 1298 723 πεῖθον
1322 664 1388 740 αῦτη
1413 663 1463 723 καὶ
1488 685 1554 723 κατ-

256 788 409 865 αναγκάζον
433 783 564 862 εὔλογον·
587 786 617 844 τό
639 785 693 863 γὰρ
717 785 750 858 δή
774 785 845 843 κατὰ
867 785 915 860 τὴν
936 785 1145 860 Πελοπόννησον
1165 783 1333 866 περιώνυμον
1356 787 1421 845 ἄστυ
1438 787 1554 861 Μονεμ-

256 908 353 984 βασίας
380 901 437 968 ἐστί
463 907 514 982 μὲν
542 909 580 979 ὡς
608 907 722 982 ἀληθῶς
747 913 801 966 τῶν
829 909 889 966 κατ’
903 909 984 983 αὐτὴν
1013 907 1046 983 δὴ
1074 911 1182 968 πάντων
1191 905 1216 991 ¹)
1245 908 1342 988 μακρῷ
1364 910 1490 990 προέχον
1512 909 1556 968 καὶ

254 1031 288 1089 τά
310 1037 405 1112 πρῶτα
427 1030 461 1106 δὴ
485 1037 577 1108 σαφῶς
600 1032 725 1090 ἀπάντων
748 1033 906 1110 φερόμενον,
930 1033 968 1103 ὡς
991 1031 1098 1106 μηδένα
1121 1029 1217 1107 μηδενὶ
1240 1038 1292 1090 τῶν
1308 1032 1393 1112 ταῦτρ
1408 1053 1444 1111 γε
1461 1031 1555 1091 ἀλλων

255 1149 333 1235 άλλη
359 1155 466 1212 πάντων
493 1155 580 1227 πάντη
608 1150 766 1212 καλλίστων
795 1151 935 1226 ἐπιδήλως
963 1153 1116 1233 ἐναρίθμιον
1144 1151 1190 1212 καί
1214 1151 1391 1229 μήπολλῶν
1414 1153 1555 1213 λείπεσθαι

257 1272 460 1356 ξυγχωροῦνί)
492 1276 553 1333 νέον
577 1274 628 1348 μὲν
653 1274 779 1345 ἐπιεικῶς
802 1273 889 1348 ὄνομα
910 1271 958 1333 καὶ
979 1275 1065 1344 κλέος
1087 1273 1133 1334 καὶ
1156 1275 1187 1334 οῦ
1208 1275 1346 1354 πόρρωθεν
1369 1283 1423 1334 τῶν
1448 1275 1555 1334 ῦπισθεν

256 1399 364 1478 χρόνων
385 1391 463 1474 ἧκεν,
488 1395 585 1476 μυρίας
607 1395 639 1454 δὲ
662 1397 737 1470 ἀμως
759 1392 807 1454 καί
828 1397 988 1470 παμμήκεις
1010 1395 1060 1467 τάς
1083 1393 1247 1476 εὐφημίαςῦ)
1263 1395 1310 1455 καὶ
1325 1401 1470 1475 πανταχοῦ
1485 1419 1555 1470 πεμ-

257 1523 350 1600 πεῦον,
374 1519 411 1590 ῶς
435 1517 461 1578 εἴ
474 1517 530 1600 τιῦ)
553 1515 599 1577 καὶ
623 1517 697 1577 ἀλλο
720 1523 772 1576 τῶν
797 1517 932 1595 ἐπιφανῶν
955 1515 1001 1576 καί
1023 1515 1173 1598 περιδόξων
1197 1517 1314 1594 ἀκούειν,
1339 1519 1388 1578 οῦκ
1412 1517 1458 1578 ἐπὶ
1474 1521 1555 1594 μόνης

256 1648 306 1719 τῆς
329 1641 476 1716 βασιλικῆς
497 1637 649 1718 ἡγεμονίας
672 1645 720 1714 τῆς
741 1641 889 1719 ἡμετέρας,
913 1637 1058 1698 ἀλλὰκαὶ
1082 1639 1183 1717 σχεδον
1206 1645 1256 1716 τής
1272 1640 1424 1720 ἀλλοτρίας
1441 1642 1554 1717 ἀπάσης,

257 1762 304 1824 καί
327 1763 380 1844 γάρ
404 1763 438 1839 δὴ
460 1765 495 1822 τά
517 1783 547 1821 τε
570 1761 648 1822 ἀλλα
669 1763 768 1836 κοσμεῖ
788 1762 819 1820 τό
843 1762 916 1832 ἀστυ,
940 1759 985 1820 καὶ
1006 1763 1109 1834 θέσεως
1125 1761 1247 1842 εὺκαιρία
1261 1761 1307 1822 καί
1322 1765 1390 1843 πρός
1406 1763 1556 1842 ἀσφάλειαν

258 1887 404 1966 ἑρυμνότης
432 1882 478 1945 καί
505 1885 611 1959 πλῆθος
635 1883 756 1958 μάλιστα
778 1881 926 1963 οἰκητόρων
949 1881 996 1942 καὶ
1018 1883 1176 1958 πολυολβίοι
1197 1881 1245 1944 καί
1266 1885 1409 1957 πολιτείας
1433 1887 1556 1963 εὐγένεια

257 2007 303 2068 καί
326 2013 432 2084 τεχνῶν
456 2002 585 2081 ἀσκήσεις
606 2003 653 2064 καί
677 2006 780 2084 ἀγοραῖς
803 2003 934 2082 δαψίλεια
955 2007 1062 2064 πάντων
1084 2011 1167 2086 πάσα,
1192 2007 1416 2086 εῦεμπορῶτατόν
1436 2027 1467 2066 τε
1485 2005 1509 2065 εί
1525 2007 1554 2079 δή

257 2152 284 2191 τι
310 2127 357 2189 καὶ
386 2130 459 2189 ἀλλο
487 2129 607 2204 μάλιστα
633 2128 701 2208 πρός
728 2127 833 2186 ἅπαντα
859 2127 945 2186 πλοῦν
967 2126 1013 2186 καὶ
1036 2127 1176 2203 θαλάσσης
1199 2129 1304 2187 ἅπαντα
1327 2129 1397 2208 μέρη
1421 2130 1526 2200 θέσεως
1534 2129 1555 2208 ¹)

258 2251 287 2312 εὖ
311 2253 390 2329 ἐχον·
425 2249 472 2311 καὶ
494 2250 580 2310 τοίνυν
602 2249 673 2310 πολὺ
697 2251 726 2308 τό
741 2255 794 2308 τῶν
810 2247 953 2309 οίκσθντων
971 2249 1085 2310 ἐνταῦθα
1100 2249 1264 2311 ίκανόπλοον
1280 2249 1327 2310 καὶ
1342 2252 1554 2332 θαλαττουργόν,

258 2372 452 2454 ρωμαλαιότης
477 2393 507 2432 τε
530 2371 576 2432 καί
599 2375 723 2450 φρόνημα
747 2371 887 2450 δραστικὸν
910 2392 940 2430 τε
962 2370 1008 2430 καί
1030 2372 1184 2452 ἐμπράκτον
1204 2371 1251 2432 καί
1275 2371 1317 2455 (τό
1337 2374 1490 2434 κάλλιστον
1506 2381 1555 2431 τῶν

258 2493 369 2576 ἀλλων)
393 2496 514 2570 μάλιστα
535 2496 554 2570 ἡ
575 2496 643 2573 πρός
665 2493 714 2568 τὴν
737 2492 880 2567 βασιλείαν
904 2515 955 2569 μου
978 2495 1091 2573 ἐνεργός
1112 2515 1142 2553 τε
1164 2493 1211 2553 καί
1235 2495 1366 2574 ἄτρεπτος
1389 2499 1554 2556 παντάπασιν

258 2615 348 2678 εὔνοια
377 2613 424 2676 καί
450 2618 468 2693 ή
490 2617 557 2695 πρός
583 2617 614 2675 τό
640 2617 720 2693 γένος
745 2615 866 2695 ἀναφορά
888 2635 918 2674 τε
941 2613 988 2674 καί
1010 2616 1137 2676 κοινωνία
1159 2619 1266 2676 πάντων
1289 2616 1434 2690 ἀνάλωτος
1456 2624 1553 2696 καιρῶν

257 2759 287 2798 τε
309 2736 356 2798 καί
378 2741 557 2818 πραγμάτων,
583 2735 611 2796 εῦ
633 2757 663 2796 τε
686 2735 733 2796 καί
756 2737 854 2808 άλλως
878 2737 1006 2816 ἐχόντων,
1031 2737 1060 2796 ἐν
1082 2737 1200 2810 πολλοῖς
1222 2738 1276 2815 ήδη
1292 2745 1345 2799 τῶν
1360 2741 1553 2819 προλαβόντων

256 2865 363 2941 χρόνων
386 2863 434 2935 τὴν
457 2863 553 2940 πεῖραν
577 2860 660 2920 δοῦσα
682 2858 729 2918 καί
751 2862 781 2918 τό
803 2861 894 2920 πιστόν
918 2857 1046 2932 καθάπαξ
1070 2861 1190 2921 ἄσειστον
1215 2861 1377 2940 ἐγγυωμένη
1388 2860 1424 2944 ¹),
1455 2861 1502 2923 καὶ
1522 2861 1553 2920 τίι

258 2983 308 3060 μὲν
329 2989 375 3043 τοῦ
393 2985 500 3081 ἀστεος,
523 2984 561 3054 ὡς
583 2981 611 3041 ἐν
627 2981 741 3061 ὀλίγοις,
766 2984 844 3062 οὔτω,
869 2983 992 3061 φεύγοντι
1014 2980 1052 3060 τῷ
1068 2983 1147 3064 λόγῳ
1163 2985 1193 3043 τό
1209 2989 1308 3060 μῆκος.
1332 2981 1551 3064 ξυλλαγχάνειί)

259 3107 284 3167 δ’
299 3107 336 3166 ἐτι
365 3103 411 3166 καί
437 3109 515 3166 τοῦτο
543 3110 587 3164 νῦν
610 3100 680 3164 είναι
707 3107 855 3180 θαυμάσιον
879 3099 944 3182 οἷον,
975 3107 1013 3164 ὅτι
1039 3111 1089 3180 τῆς
1111 3107 1172 3165 κατ’
1187 3107 1249 3165 αὐτό
1271 3109 1380 3179 πάντως
1404 3109 1552 3186 ἁγιωτάτης

260 3229 411 3304 ἐκκλησίας
420 3227 457 3309 ¹⁰)
480 3227 628 3304 ποιμὴνίῑ)
652 3227 749 3308 ἀρτίως
771 3229 849 3287 πάντ’
863 3229 979 3309 ἀριστος,
1002 3229 1089 3299 πολῖις
1112 3232 1168 3301 τοῖς
1191 3229 1261 3288 κατὰ
1283 3231 1345 3290 θεόν
1362 3231 1395 3289 ἐκ
1410 3233 1473 3290 νέου
1488 3233 1550 3290 πάνυ

256 3373 296 3411 τοι
320 3350 368 3411 καί
391 3349 430 3422 εἰς
452 3356 541 3432 γῆρας
563 3351 617 3426 ἤδη
642 3349 757 3432 βαθυίῖ)
779 3353 866 3428 τοῦτο,
890 3355 934 3409 νῦν
957 3351 1011 3428 ήδη
1034 3353 1169 3426 καμάτοις
1186 3351 1390 3433 ἐγκαρτερήσας
1404 3351 1453 3412 καίΙ
1468 3373 1550 3412 κατα-

258 3475 467 3549 κεκοσμημένος
484 3472 524 3545 είς
540 3469 622 3552 ἀκρον
638 3479 687 3548 τῆς
703 3476 837 3553 μονήρους
848 3473 882 3549 13)
899 3475 981 3547 αὐτῆς
998 3475 1100 3552 βιοτῆς,
1124 3474 1264 3554 ἀτρέπτως
1280 3473 1319 3546 είς
1329 3473 1365 3557 ¹¹)
1381 3481 1492 3536 τοσοῦτο
1508 3482 1550 3547 τῆς

260 3593 290 3668 ἐξ
312 3597 401 3676 ἀρχῆς
425 3595 575 3667 ἐνστάσεως
597 3593 644 3654 καί
665 3591 832 3654 παντάπασιν
856 3595 1016 3674 ἀνενδότως,
1039 3594 1085 3654 καί
1109 3599 1199 3676 ῶσπερ
1222 3595 1249 3655 εί
1265 3618 1305 3668 τις
1320 3599 1382 3669 νέος
1398 3597 1549 3678 θερμῶςίί)

258 3719 377 3793 ἅπτοιτο,
404 3715 450 3776 καί
478 3717 516 3792 μὴ
544 3717 617 3797 παρά
643 3721 752 3777 τοσοῦτο
774 3719 916 3796 προκόψας
938 3739 960 3776 τι
988 3717 1035 3777 καὶ
1057 3719 1216 3798 πρσηνυκὼς
1238 3717 1285 3778 καί
1308 3721 1358 3794 μὲν
1371 3721 1406 3796 ¹¹¹)
1429 3721 1549 3780 πλεῖστον

257 3843 318 3900 ὅσον
350 3839 400 3898 ῦπό
430 3845 479 3914 τής
510 3839 578 3900 οῦτω
607 3840 715 3919 χρονίου
745 3839 792 3900 καί
821 3841 969 3910 πολυετοῦς
998 3839 1045 3900 καί
1074 3835 1162 3914 βιαίου
1189 3841 1291 3920 σφόδρα
1318 3841 1388 3900 κατά
1416 3845 1462 3902 τόν
1485 3845 1549 3902 θεῖον

362 4135 381 4201 ¹)
396 4133 479 4199 ἑαυτῆς
492 4135 520 4185 Ζ.
592 4137 612 4200 ¹)
627 4133 662 4201 ἐφ’
675 4135 758 4198 ίαυτής
778 4135 897 4202 κεκίνηκεν
917 4134 971 4200 av)
987 4155 1011 4205 μ.
1026 4135 1133 4205 ἐναργῶς
1146 4135 1178 4186 δι’
1190 4134 1274 4200 ἑαυτῆς
1288 4138 1318 4188 B.
1390 4139 1412 4204 ³)
1427 4137 1511 4202 ταῦτην
1524 4137 1547 4185 B.

256 4233 278 4296 ⁴)
298 4233 346 4282 τῶν
365 4229 438 4300 ταύτῃ
457 4249 485 4299 γε
504 4225 588 4280 ἀλλων
607 4229 729 4281 λείπεσθαι
749 4229 766 4289 ξΔ
787 4233 816 4283 Z.
829 4233 934 4298 reliqua
952 4234 1049 4282 omisit.
1122 4234 1146 4296 ¹)
1162 4231 1273 4300 δεόμενον
1292 4231 1332 4281 καί
1350 4233 1496 4302 παμγιήκους
1514 4235 1547 4292 τῆς

256 4326 307 4394 εὖφ.
332 4328 372 4378 Fl.
392 4329 422 4378 B.
494 4327 515 4392 ὓ)
535 4324 571 4391 εἴη
595 4329 625 4378 B.
699 4329 718 4392 ¹)
738 4326 791 4386 θέας
816 4329 844 4378 B.
916 4329 937 4393 ¹¹)
957 4326 1061 4394 καθάπερ
1085 4325 1172 4378 ἄλλοτε
1192 4326 1332 4397 ἐγνωσμένη
1352 4331 1379 4380 Ζ.
1399 4331 1429 4380 R.
1450 4323 1547 4382 καθάπαξ

256 4420 363 4491 ἀσφαλές
383 4421 531 4491 ἐγγυουμένη
545 4424 575 4473 Β.
647 4425 667 4488 ¹)
687 4420 885 4491 Ευλλαγχάνοντα
903 4425 972 4472 τοῦτο
986 4424 1015 4474 B.
1089 4425 1119 4489 ¹¹¹)
1139 4427 1166 4492 τῇ
1182 4463 1187 4474 .
1201 4464 1227 4476 ..
1247 4420 1369 4492 ἁγιωτάτῃ
1384 4422 1501 4491 ἐκκλησίᾳ
1513 4422 1547 4474 Fl.

258 4521 288 4585 ¹¹)
308 4520 382 4570 deest
394 4521 422 4569 Z.
436 4519 466 4570 R.
540 4521 570 4584 ¹¹)
591 4517 613 4578 ἐς
630 4524 706 4586 γῆρας
724 4519 753 4582 ἠδ
836 4519 909 4571 Ζ.1ἐ.
927 4516 1015 4582 ήθηΒ.
1090 4519 1120 4586 ¹³)
1141 4517 1259 4588 μακαρίας
1279 4523 1306 4570 Ζ.
1326 4521 1357 4570 R.
1378 4523 1408 4571 13.
1483 4522 1511 4586 ¹¹)
1528 4515 1546 4573 ἐς

255 4617 282 4666 Ζ,
355 4615 385 4681 ¹⁵)
409 4609 462 4678 νηὸς
490 4613 555 4682 ίεράς
582 4615 657 4666 addit
680 4615 708 4664 B.
783 4615 813 4678 ¹¹)
838 4615 876 4663 καί
901 4611 933 4682 μὴ
963 4613 1027 4680 πσρόι
1051 4615 1089 4664 καί
1115 4613 1160 4682 μήν
1185 4615 1298 4666 πλεῖστον
1322 4617 1352 4668 R.
1378 4619 1406 4670 Z.
1432 4616 1473 4667 καὶ

259 4708 392 4779 παράδοξον
411 4711 441 4762 Β.
