3208 5310
258 349 299 416 70

257 545 371 625 κοῦρτης
406 565 461 620 μσς
494 543 540 604 καὶ
575 549 628 604 τῶν
658 545 763 604 λοιπῶν
797 545 972 624 ὁρρικιαλίων
1006 566 1060 620 μας
1089 550 1142 604 τῶν
1173 548 1217 604 νῦν
1250 544 1395 619 ἐσωμὲνων
1425 543 1471 602 καὶ
1500 551 1551 603 τῶν

257 667 419 741 μελλόντων
451 665 593 746 εὑρεθῆναι
617 667 669 724 οἰπὸ
691 669 738 725 τοῦ
761 669 805 724 νῦν
828 665 874 725 καὶ
899 666 1043 746 ἔμπροσεν,
1076 667 1131 724 ὁσω
1154 667 1171 740 ἡ
1196 665 1335 725 αὀθεντεία
1366 685 1417 739 μου
1440 668 1551 745 εθεργέ-

256 808 335 862 πηοεν
367 786 406 860 εἰς
436 788 482 848 τδν
513 789 756 867 ὁπεραγηπεμὲνον
787 807 838 863 μου
866 787 995 869 ἄρχωντα
1016 785 1063 848 καὶ
1086 788 1181 862 λήζιον
1205 788 1296 866 αῐκτης,
1328 787 1419 866 κόριον
1443 788 1551 858 Νοότζω

256 909 398 990 Σηγοόρω,
430 909 573 969 αὸθεντικὸι
598 911 725 990 χωράρια
746 909 831 988 ἤγουν
854 909 884 968 τδ
907 910 1015 988 χωράρι
1037 915 1090 968 τῶν
1114 886 1229 990 Δατὸων,
1260 907 1313 968 ἀπὲ
1336 909 1381 967 τδν
1403 910 1485 988 πόρον
1507 913 1551 968 τοῦ
1590 927 1591 932 ’

258 1031 404 1105 ΙἸοωόμονο
435 1033 489 1103 ἕως
520 1029 559 1102 εἰς
588 1031 637 1105 τὴν
664 1030 717 1090 ἀπὸ
748 1027 856 1108 εῦγαοιν
882 1033 929 1090 τοῦ
952 1034 1055 1110 στενοῦ,
1086 1031 1211 1090 καθὸσων
1236 1029 1293 1088 ἕναι
1317 1026 1551 1107 δικαιολογημένα

257 1152 401 1212 αθθεντικὰ
427 1154 530 1233 ἥμερον
553 1154 599 1212 καὶ
623 1153 716 1231 ἄγριον
738 1151 785 1210 καὶ
807 1152 841 1210 τὰ
864 1147 929 1226 ἑξῆς
951 1156 998 1212 τοῦ
1020 1152 1140 1231 ὁρισμοῦ,
1172 1151 1238 1212 διότι
1261 1153 1379 1232 γρόρουν
1402 1150 1449 1211 καὶ
1472 1152 1550 1230 ἕτερα

256 1276 382 1354 χωράιρια
412 1273 470 1332 ἀντὶ
499 1275 589 1353 γρόρα
617 1294 668 1348 μου
691 1275 722 1332 τδ,
745 1272 875 1332 ἐπῦλυπον
899 1270 938 1344 εἰς
960 1273 1099 1352 περαίοοιν
1122 1271 1168 1332 καὶ
1191 1272 1351 1351 ἀσφάλειαν.
1398 1267 1445 1332 καὶ
1468 1273 1550 1342 οθιως
1590 1275 1591 1282 ’

257 1393 381 1476 ἑγροὶπτη
414 1397 432 1470 ἡ
467 1399 591 1476 παροῦσα
627 1395 717 1476 γραφὴ
755 1394 801 1455 καὶ
838 1397 920 1454 κὸπια
953 1399 999 1456 τοῦ
1032 1397 1143 1476 ὁρισμοῦ
1177 1396 1328 1476 ἔμπροσθεν
1361 1401 1416 1455 τῶν
1449 1396 1550 1454 ἄνωθεν

257 1517 396 1598 ἀρχόντων
426 1515 476 1599 ,καὶ
512 1517 660 1598 ἐπληρώθη
693 1515 739 1577 καὶ
771 1512 914 1592 ἐβουλώθη
944 1519 1042 1597 πρότον
1072 1517 1148 1598 παρὰ
1178 1524 1227 1593 τῆς
1257 1519 1361 1576 ἄνωθεν
1391 1515 1549 1596 ὁρχοντίοης
1590 1525 1591 1536 ³

255 1639 303 1700 καὶ
333 1637 393 1699 ἐπεὶ
422 1639 497 1720 παρὰ
527 1645 579 1698 τῶν
609 1637 747 1719 ἀρχόντων
772 1639 801 1697 ἐν
825 1637 889 1714 μηνὶ
910 1635 957 1698 καὶ
981 1637 1121 1699 ἰνδικτιῶνι
1143 1641 1195 1719 πρὸ
1218 1640 1322 1699 ἄνωθεν
1347 1640 1423 1710 ἔτους
1446 1635 1549 1721 ,ςῆξθ
1590 1705 1591 1708 ¹

255 1760 432 1835 βεβαιώσεως
455 1762 545 1820 ἕνεκα.

363 1888 437 1959 Oriq.
455 1889 540 1943 αθατι.
558 1907 618 1942 ουτοι
640 1889 745 1960 sigillis.
771 1889 936 1943 Asamum
957 1890 986 1942 ιἰι
1009 1889 1093 1943 tahal.
1111 1891 1282 1958 ‹piscopatus
1304 1889 1386 1942 latini
1406 1887 1546 1958 ΖασμτιιΙιιῖ
1590 1919 1591 1964 3

353 2173 393 2239 V.
417 2172 642 2256 6978—1469,
667 2173 717 2237 30.
736 2174 940 2259 septembris,
964 2175 1028 2239 ind.
1046 2174 1106 2239 III.
1131 2176 1163 2237 in
1187 2174 1308 2240 Sancta
1332 2175 1457 2240 Maura.

255 2341 415 2394 Leonardus
439 2341 496 2394 III.
524 2341 616 2410 Τοσοο,
643 2342 732 2393 ίθτηοο
755 2341 909 2408 Palatium,
934 2340 1056 2392 domiuus
1076 2341 1222 2409 Leucadis,
1249 2339 1386 2410 Ζαεμιτθιι·
1407 2347 1431 2392 τι
1454 2341 1549 2410 &pha-
1590 2367 1591 2412 j

254 2445 351 2512 Ioniae,
384 2445 468 2498 donat
495 2445 619 2498 ecclesiae
648 2443 786 2513 Zacynthi
805 2445 998 2514 possessionem
1027 2445 1126 2497 dictam
1157 2444 1317 2514 Οαὼμσπαόα
1344 2461 1403 2497 cum
1431 2446 1548 2497 omnibus
1590 2439 1591 2506 λ

766 2549 880 2616 jambus
903 2555 928 2601 et
950 2549 1032 2602 ῦοπτῖσ,

359 2731 565 2812 Λεονοίρδος,
599 2735 711 2811 χάριτι
746 2733 822 2792 θεοῦ
853 2731 1012 2808 αθθέντης
1042 2731 1245 2792 δεοποτάτου
1275 2732 1438 2794 δουκάτου
1469 2735 1548 2792 Λευ·
1590 2795 1591 2808 ,

255 2853 374 2932 χάδον,
397 2856 515 2925 κόντος
537 2852 766 2932 Κεφαλονίας,
790 2852 981 2914 Παλατινοῦ
1003 2851 1058 2912 καὶ
1080 2859 1142 2912 τῶν
1165 2850 1252 2927 ἑξῆς.
1285 2853 1330 2914 διὰ
1351 2858 1398 2914 τοῦ
1420 2857 1549 2936 παρόντος

254 2976 426 3056 οὺεργετικοῦ
456 2972 502 3034 καὶ
531 2974 735 3055 φιλοδορετικοῦ
764 2975 875 3055 ὁρισμοῦ
905 2995 960 3050 μας
981 2976 999 3050 ἡ
1024 2972 1163 3034 αῦθεντεία
1193 2995 1245 3049 μου
1272 2974 1472 3050 δηλοποιοῦμεν
1495 2977 1548 3044 τοῖς
1590 2993 1591 3058 ι

252 3102 328 3176 πᾶσι,
353 3099 391 3170 ῦς
415 3097 454 3156 ὁτι
476 3096 634 3174 δι’ἀγάπην
656 3093 703 3155 καὶ
725 3095 897 3176 παράκλησιν
920 3099 966 3156 τοῦ
989 3095 1197 3174 θεοφιλεστάτου
1215 3096 1359 3156 ἐπισκόπου
1375 3097 1547 3176 Κεραλονίας

253 3216 300 3278 καὶ
315 3219 464 3294 Ζακύνθου,
486 3213 558 3278 κατὰ
580 3218 669 3298 κόριον
693 3218 834 3296 ἀγαπητοῦ
856 3239 908 3294 μου
931 3220 1042 3299 πατρός,
1065 3223 1111 3278 τοῦ
1134 3217 1212 3298 μιοὲρ
1228 3219 1384 3296 Ντζουοὶννη
1401 3219 1546 3296 Ἀντώνιον,
1590 3225 1591 3286 3

253 3339 270 3414 ἡ
296 3339 420 3399 αθθεντία
448 3359 500 3415 μου
531 3338 674 3415 ἑὸώσαμεν
704 3337 751 3399 καὶ
781 3339 891 3416 δίδομεν
920 3337 967 3398 καὶ
990 3339 1170 3420 ἐδωρήσαμεν
1194 3337 1234 3412 εἰς
1256 3339 1305 3417 τὴν
1329 3339 1478 3415 ἐπισκοπὴν
1500 3345 1547 3414 της

253 3459 392 3520 Ζακόνθου
419 3459 474 3519 ὁλα
495 3459 528 3519 τὰ
551 3459 749 3540 Καλογεροὶτοι,
779 3463 905 3536 κτήματα
927 3458 975 3520 καὶ
996 3463 1155 3542 πράγματα,
1186 3461 1220 3521 νὸι
1241 3455 1313 3522 εἶναι
1334 3459 1381 3522 καὶ
1404 3461 1547 3537 διαμένωσι

253 3583 362 3652 πάντως
379 3576 432 3642 ἀπδ
446 3584 493 3641 τοῦ
512 3584 557 3641 νῦν
577 3579 623 3642 καὶ
647 3579 687 3652 εἰς
708 3582 739 3642 τδ
762 3577 828 3658 ἑᾶς
850 3583 974 3662 με’μπρον
997 3579 1043 3642 καὶ
1067 3583 1188 3663 ἅρμωσις
1210 3589 1259 3658 τῆς
1282 3584 1365 3659 αὸτῦς
1388 3581 1546 3660 ἐκκλησίας,

252 3701 313 3776 ἤτοι
336 3697 406 3762 εἴναι
429 3702 587 3782 ἐκκλήσιες,
618 3701 741 3782 ὁστητια,
772 3703 917 3788 ἀμπέλια,
932 3703 1087 3783 τεριβὸλιοι,
1112 3703 1221 3784 δένδρα,
1244 3706 1381 3784 χωρόρια,
1404 3707 1481 3766 τόποι
1504 3701 1545 3764 καὶ

254 3824 390 3906 μανδρικὸι
421 3822 479 3903 ζῷα
509 3822 556 3884 καὶ
586 3823 641 3885 ἔτοι
664 3825 745 3904 ἕτερα
768 3819 835 3884 εἶναι
858 3825 953 3900 κινητὰ
976 3823 1022 3886 καὶ
1045 3825 1170 3905 ἀκίνητα,
1200 3825 1234 3884 νὸι
1256 3825 1290 3884 τὰ
1311 3826 1373 3904 ἔχει
1394 3829 1483 3886 πάντα
1504 3823 1545 3885 καὶ

252 3946 286 4006 νὰ
314 3947 349 4006 τὰ
376 3946 500 4016 δεοπὸζει
527 3941 573 4004 καὶ
597 3941 745 4017 ἐξουσιάζει
767 3951 800 4028 τῇ
823 3947 890 4028 αὐτῇ
914 3947 1053 4026 ἁγιωτοὶιη
1077 3946 1210 4029 ἐπισκοπῇ
1232 3953 1282 4022 τῆς
1304 3947 1443 4008 Ζακύνθου
1466 3945 1545 4008 καὶὸ

252 4067 444 4148 ἀντειρημένος
467 4066 675 4147 θεοφιλέστατος
698 4066 855 4148 ἐπίσκοπος,
878 4069 893 4126 ὁ
916 4066 993 4148 μισὲρ
1009 4069 1174 4150 Τζουόννης,
1197 4066 1244 4129 καὶ
1267 4069 1327 4128 ὁλοι
1350 4069 1375 4129 οἱ
1399 4069 1545 4146 ἐπίσκοποι,

252 4191 318 4250 ὁπου
347 4189 480 4264 ἠθέλαοιν
508 4187 579 4250 εἴστε
603 4187 643 4262 εἰς
656 4189 713 4266 ’τὴν
736 4187 881 4270 εἰρημένην
905 4189 1054 4265 ἐπισκοπὴν
1077 4186 1147 4264 μετὰ
1169 4196 1218 4266 τῆς
1241 4186 1422 4266 ἀποβιώσειθς
1444 4189 1544 4266 τουμὲ

251 4312 285 4370 τὰ
315 4309 407 4371 δίκαια
435 4309 482 4370 καὶ
512 4313 695 4392 συμρερόταις
724 4309 772 4371 καὶ
799 4311 835 4387 μὲ
862 4310 909 4386 την
932 4311 1019 4387 νομὴν
1041 4309 1087 4372 καὶ
1111 4313 1251 4387 συνήθειάν
1273 4315 1335 4386 τους
1357 4313 1393 4388 με
1416 4313 1483 4385 ὁλες
1504 4309 1545 4378 τὲς

251 4431 407 4512 εὸεργεσὸες
429 4431 476 4494 καὶ
498 4435 619 4512 χάριτες,
647 4433 713 4494 ὁποῦ
737 4433 796 4512 ἔχει
820 4431 860 4505 εἰς
882 4432 915 4492 τὰ
938 4434 1019 4514 ἕτερά
1041 4453 1090 4509 της
1112 4436 1261 4515 πράγματα
1283 4433 1330 4495 καὶ
1353 4435 1544 4515 ἀντειρημένης

252 4553 411 4632 ἐπισκοπῆς,
443 4553 483 4625 εἰς
514 4555 594 4614 ὁποῖα
623 4556 711 4614 πάντα
741 4554 775 4613 νὸι
805 4549 874 4614 εἶναι
901 4553 948 4615 καὶ
970 4555 1004 4614 νδ
1027 4553 1174 4631 διαμένωσι
1197 4555 1394 4635 ἀνενόχλητος,
1425 4557 1542 4632 ἀνεμπό-

250 4673 349 4751 διστος,
381 4675 534 4748 ἀδιόσιστος
566 4674 612 4736 καὶ
642 4676 716 4754 παρὰ
742 4677 843 4748 παντὸς
866 4676 1005 4757 ἀνθρόνπου
1029 4677 1254 4758 ὁοκανδάλιατος,
1286 4677 1325 4751 εἰς
1347 4680 1378 4738 τδ
1402 4681 1440 4754 μὴ
1465 4679 1543 4756 ἔχωσι
