3222 5284
1311 357 1375 422 383

63 550 172 611 δοκοῦν
205 553 283 634 αὑτῇ,
314 555 390 612 τοὺτο
414 551 448 627 δὴ
471 549 518 612 καί
550 556 620 612 ποιῶ
643 549 690 612 καί
720 551 881 633 διορίζομαι,
909 552 955 611 ίνα
984 552 1054 628 μετά
1076 553 1125 626 τἠν
1149 551 1220 628 ἐμὴν
1242 555 1288 612 τοὺ
1309 549 1375 634 τῇδε

63 671 129 746 βίου
164 675 329 748 μετάστασιν
358 675 465 756 κατέχῃ
494 671 542 734 καί
570 675 685 749 νέμηται
711 675 729 749 ἡ
759 675 937 748 ποθεινοτάιη
968 695 1019 750 μου
1048 675 1298 755 πορρυρογέννητος
1328 671 1375 733 καὶ

62 797 247 877 καισοίρισσα,
276 795 346 877 κυρά
367 795 459 876 Ἄννα,
490 796 570 875 ἄχρις
599 798 631 854 ἀν
659 798 703 878 ζῇ,
733 796 805 856 κατὰ
831 797 862 856 τό
893 795 1034 856 ἀκώλυτον
1061 795 1091 855 οὑ
1121 795 1261 871 μόνοντὰ
1286 797 1375 854 πάντα

62 917 176 977 κελλία
209 918 301 996 αὑτῆς,
333 917 362 978 ἐν
389 911 431 990 οἷς
457 917 504 978 καί
534 919 625 993 ζώσης
655 917 723 993 ἐμοὺ
745 919 793 993 τὴν
823 918 981 994 κοταμονίην
1012 917 1139 998 ἐποιεῖτο,
1169 916 1248 976 ἀλλά
1270 915 1304 992 δὴ
1327 915 1374 976 καί

64 1041 162 1100 πάντα
186 1040 221 1098 τά
245 1040 274 1098 ἐν
296 1045 329 1122 τῇ
351 1039 572 1120 Κεχαριτωμένῃ
595 1037 743 1119 οἰκήματα,
774 1040 826 1099 ὅσα
848 1039 975 1116 δηλονότι
999 1037 1039 1110 εἰς
1060 1044 1157 1118 χρῆσιν
1180 1037 1302 1120 ὑπῆρχον
1324 1045 1374 1115 τῆς

67 1161 222 1236 βασιλείας
245 1182 296 1236 μου
318 1161 365 1222 καί
387 1168 440 1222 τῶν
462 1161 566 1222 παίδων
589 1159 636 1221 καί
651 1167 705 1222 τῶν
728 1161 889 1242 ὑποχειρίων
904 1162 983 1236 ἡμῶν
999 1160 1105 1241 ἀνδρῶν
1120 1181 1150 1220 τε
1164 1159 1213 1220 καί
1227 1167 1373 1242 γυναικῶν,

66 1285 116 1343 σὺν
141 1289 177 1366 τῇ
203 1281 257 1357 ἔξω
281 1283 352 1367 αὑλῇ
375 1291 408 1366 τῇ
430 1284 493 1344 καθ’
506 1285 612 1345 εὑθείοιν
639 1285 755 1366 κειμένῃ
776 1289 826 1362 τής
848 1282 923 1354 ἐντὀς
947 1283 1035 1358 αὑλῇς
1056 1288 1110 1342 τῶν
1132 1283 1373 1366 πολυτελεστέρων

65 1403 246 1482 οἰκημοίτων·
269 1404 330 1486 περί
353 1405 407 1486 γὰρ
421 1411 472 1481 τής
494 1405 588 1482 ἀλλης
611 1405 708 1484 αὑλῆς,
730 1400 899 1481 ήιίμπελών
921 1425 988 1464 ποτε
1010 1404 1214 1484 γρηματίζουσα
1230 1403 1270 1478 εἰς
1284 1405 1374 1481 αὑλὴν
1434 1381 1437 1392 ’

66 1526 258 1607 μετημείρθη,
288 1529 418 1608 κρατήσει
440 1529 458 1602 ή
481 1526 543 1608 περὶ
574 1529 657 1604 αὑτῆς
679 1527 742 1607 παρ’
756 1526 822 1602 ἐμοῦ
852 1529 1025 1604 γενησομένη
1057 1526 1206 1601 ότεδήποτε
1237 1528 1373 1608 ἔγγραφος

67 1648 230 1730 πρόσταξις.
277 1649 315 1710 ἔτι
337 1671 371 1728 γε
394 1650 448 1725 μὴν
478 1647 526 1709 καί
552 1651 601 1725 τήν
632 1639 783 1726 ἐκκλησίαν
805 1653 851 1708 τοὺ
881 1648 959 1727 ἁγίου
981 1648 1136 1728 Δημητρίου
1160 1648 1206 1708 οὑν
1228 1651 1285 1720 τοῖς
1315 1646 1373 1708 δυοί

66 1772 198 1852 λουτροῖς
220 1770 268 1832 καί
289 1778 322 1854 τῇ
346 1769 421 1854 τρίτη
452 1771 541 1853 μερίδι
563 1776 609 1832 τοὺ
633 1770 812 1850 εἰσαγομένου
836 1771 865 1830 ἐν
887 1772 944 1842 τοῖς
958 1775 1008 1845 τής
1031 1775 1116 1846 μονῆς
1146 1771 1242 1850 βρυτοὺ
1263 1769 1372 1848 ὓδατος,

67 1895 165 1965 καθὼς
198 1894 326 1972 δηλονότι
356 1894 420 1975 παρ’
434 1893 502 1969 έμοὺ
531 1895 705 1973 κατέχονται,
736 1893 881 1973 όφειλουοα
909 1899 998 1953 πᾶσαν
1031 1893 1106 1970 ἔχειν
1138 1893 1233 1954 ἄδειαν
1262 1891 1309 1952 καί
1340 1893 1372 1952 ἐκ

67 2023 171 2092 καινῆς
194 2018 276 2096 έτεροι
298 2013 435 2092 οἰκήματα
458 2015 618 2096 ἀνεγείρειν,
649 2007 695 2076 οία
717 2015 856 2096 βοὺλεται,
887 2012 934 2075 καί
956 2015 990 2073 τά
1012 2013 1087 2094 ὄντα,
1117 2017 1150 2074 τοί
1173 2035 1204 2074 τε
1226 2014 1373 2074 δεσποτικὰ

67 2137 117 2198 καί
140 2138 176 2198 τὰ
199 2134 279 2198 ἀλλα
301 2138 442 2214 ἀλλοιοῦν,
466 2139 504 2208 ὡς
520 2141 552 2197 ἀν
576 2136 694 2218 αἱρῆται,
717 2136 764 2198 καί
787 2141 954 2220 μεταποιεῖν,
979 2135 1048 2208 εἰςδ
1067 2137 1145 2196 θέλει
1167 2142 1272 2217 σχῆμα,
1295 2141 1372 2198 τοῦτο

68 2261 155 2335 μόνον
177 2260 432 2340 παραρυλοίττουσα,
455 2261 486 2319 τ“ο
502 2261 571 2335 μήτε
589 2257 672 2340 βάρος
692 2260 753 2319 νέον
769 2257 928 2335 οἱανδήποτε
952 2259 1080 2318 ἐπιθεῖναι
1094 2257 1134 2338 τῷ
1150 2259 1271 2342 διαιρέτῃ
1286 2257 1372 2337 τοίχῳ

68 2381 231 2462 ἀμφοτέρων
261 2387 315 2442 τῶν
346 2387 447 2460 μονῶν,
478 2385 524 2441 τοῦ
546 2402 575 2440 τε
599 2377 803 2462 Φιλανθριὺπου
833 2379 944 2458 δηλαδὴ
974 2379 1021 2440 καί
1050 2386 1101 2455 τῆς
1124 2381 1371 2460 Κεχαριτωμένης,

69 2507 142 2578 μήτε
165 2503 214 2580 τήν
237 2503 400 2564 κατοπτείαν
424 2503 499 2582 ἔχειν
521 2503 583 2563 κατ’
597 2504 693 2564 αὑτῶν.
741 2503 812 2578 μετὰ
834 2501 865 2562 δὲ
887 2502 1050 2583 παρέλευοιν
1074 2503 1157 2578 οάτής
1179 2502 1223 2561 ἵνα
1247 2503 1301 2584 ἔχη
1323 2502 1372 2576 τήν

68 2631 169 2704 χρῆσιν
191 2623 239 2685 καί
261 2625 384 2704 κατοχὴν
406 2624 454 2685 καί
477 2625 563 2701 νομήν
579 2631 631 2685 τῶν
655 2625 910 2706 ἀναγεγραμμένων
932 2627 1039 2684 πόντων
1056 2623 1190 2698 ἀκινήτων
1205 2622 1252 2684 καί
1268 2624 1371 2684 λοιπῶν

70 2747 225 2823 δικαίωνὴ
257 2749 435 2824 ποθεινοτάτη
466 2767 518 2822 μου
548 2747 661 2826 έγγόνη,
691 2747 761 2828 κυρά
783 2745 885 2827 Εἰρήνη
915 2747 933 2820 ή
957 2747 1103 2826 Δοὺκοιινα,
1133 2747 1151 2821 ἡ
1182 2747 1300 2825 θυγοίιηρ
1322 2751 1372 2823 τής

69 2875 155 2950 κυρᾶς
179 2867 289 2946 Ἄννης,
317 2870 390 2930 κατὰ
411 2872 441 2930 τό
464 2866 634 2930 ἀδιοίστικτον
656 2868 703 2929 καὶ
726 2865 944 2950 ἀνυπεξαίρετον,
974 2870 1064 2944 μόνων
1086 2867 1273 2944 καταλυθῆναι
1296 2868 1371 2947 ὀρει-

69 2991 176 3051 λόντων
200 2992 271 3067 μετά
292 2993 340 3066 την
363 2996 410 3052 τοὺ
432 2991 499 3074 τῇδε
523 2990 582 3066 βίου
612 2993 774 3068 μετοίοτασιν
796 2997 846 3067 τής
868 2993 1127 3072 πορρυρογεννήτου,
1156 2995 1241 3070 κυράς
1262 2989 1370 3065 Ἄννης,

70 3119 122 3172 τῶν
146 3113 356 3196 ἀπηωρημένων
379 3113 537 3191 οἰκημάτων
561 3112 664 3187 ἔξωθεν
679 3118 725 3174 τοὺ
741 3113 875 3195 διαιρέτου
897 3113 989 3191 τοίχου
1005 3111 1052 3172 καί
1068 3111 1281 3186 ἀποβλεπόντων
1303 3113 1371 3192 πρός

69 3235 113 3294 τὀν
136 3241 226 3312 κῆπον
248 3241 298 3313 τῆς
319 3239 366 3296 τοὺ
389 3237 590 3318 Φιλανθράτου
621 3243 716 3312 μονῆς,
750 3236 778 3295 ἐν
801 3227 842 3308 οἷς
872 3235 1000 3312 δηλονότι
1031 3237 1152 3315 σήμερον
1181 3235 1370 3310 καταμένειή

71 3355 229 3432 δηλωθείοα
257 3359 517 3438 πορρυρογέννητος,
548 3357 706 3436 όφειλοντος
735 3362 782 3418 τοὺ
811 3359 929 3418 τοιοθτου
962 3356 1056 3436 τοίχου
1085 3358 1225 3436 ὑψωθῆναι
1254 3355 1301 3416 καί
1332 3357 1370 3418 έτι

69 3479 170 3557 πήχεις
194 3478 250 3538 δὺο.
293 3478 365 3554 μετὰ
387 3477 419 3538 δὲ
440 3480 572 3554 τελευτήν
593 3485 644 3556 τῆς
665 3485 749 3560 κυρᾶς
772 3478 901 3561 Εἰρήνης,
926 3477 949 3539 εἰ
973 3479 1024 3555 μὲν
1047 3477 1091 3540 ἐπὶ
1115 3479 1232 3562 διαθήκη
1255 3479 1372 3562 τελευτᾷ

69 3601 86 3676 ἠ
110 3603 203 3680 μήτηρ
226 3601 309 3676 αὑτῆς
330 3601 348 3676 ή
370 3601 629 3683 πορρυρογέννητος,
652 3601 697 3660 ίνα
719 3603 892 3684 παραπέμπη
915 3599 1050 3662 ταῦτάτε
1071 3602 1106 3661 τὰ
1129 3601 1275 3663 δεσποτικὰ
1290 3600 1370 3677 οἰκή-

71 3743 145 3796 ματα
167 3720 215 3782 καί
237 3723 333 3804 λοιποί,
356 3721 396 3796 εἰς
412 3717 468 3784 οίον
484 3727 517 3782 ἀν
542 3723 642 3804 αίροιτο
665 3730 719 3784 τῶν
741 3723 845 3784 παίδων
869 3723 952 3800 αὑτῆς
973 3727 991 3798 ἡ
1014 3723 1135 3804 ἐγγόνων
1149 3727 1168 3799 ἢ
1183 3725 1370 3806 προεγγόνων,

71 3843 125 3904 εἴτε
149 3845 274 3924 ἄρρενος,
298 3843 353 3904 είτε
375 3843 477 3920 θήλεος
499 3847 596 3925 γένους
620 3845 699 3906 ἐστίν.
746 3844 772 3904 εἰ
794 3845 825 3904 δὲ
848 3847 900 3926 πρδ
922 3851 972 3921 τῆς
994 3851 1078 3926 κυρᾶς
1098 3843 1216 3926 Εἰρήνης
1238 3849 1255 3922 ή
1279 3850 1370 3928 μήτηρ

71 3966 154 4042 αὑτῆς
176 3967 223 4026 τὀν
245 3965 312 4048 τῇδε
334 3967 485 4027 καταλὺσει
508 3965 567 4042 βίον
590 3969 608 4042 ἢ
631 3964 678 4026 καί
700 3967 811 4047 ὑοτερον
835 3967 886 4042 μὲν
909 3966 1027 4045 ἐκείνης,
1050 3967 1090 4042 μή
1114 3967 1238 4044 διάθηται
1255 3969 1286 4028 δὲ
1309 3967 1371 4050 περί

71 4089 172 4170 ταίτου,
197 4086 356 4170 (ἀδιάφορον
378 4085 456 4170 γάρ),
479 4090 540 4148 τότε
554 4088 585 4148 τδ
609 4087 712 4148 δίκαιον
734 4093 785 4164 τῆς
806 4093 931 4166 κατοχῆς
946 4087 992 4147 καί
1007 4094 1096 4163 νομῆς
1109 4093 1164 4148 τῶν
1188 4089 1369 4168 ἀναγεγραμ-

72 4213 161 4286 μένων
184 4208 342 4286 οἰκημάτων
364 4209 411 4271 καί
433 4211 538 4272 λοιπῶν
559 4211 766 4292 περιελεὺοεται
789 4209 829 4282 εἰς
851 4212 897 4272 τόν
911 4207 950 4289 τῷ
972 4201 1065 4292 χρόνῲ
1086 4213 1258 4292 προσήκοντα
1280 4213 1298 4285 ἢ
1320 4212 1369 4286 τὴν

71 4337 259 4414 προσήκουσαν
274 4339 328 4394 τῶν
343 4331 447 4394 παίδων
462 4336 481 4409 ἢ
499 4334 621 4413 ἐγγόνων
636 4337 843 4414 ἢπροεγγόνων
854 4339 903 4410 τῆς
914 4335 1163 4414 πορφυρογεννήτου
1174 4337 1258 4414 κυρᾶς
1270 4329 1369 4408 Ἄννης

72 4456 140 4529 μετὰ
163 4450 324 4529 διαστίξεως
346 4458 438 4532 μέντοι
457 4456 591 4535 τοιαύτης,
614 4457 684 4515 ὥστε
702 4454 727 4516 εἰ
742 4455 793 4532 μὲν
809 4456 839 4514 τδ
861 4458 1015 4535 πρόσωπον,
1039 4449 1106 4534 ᾧτδ
1121 4457 1239 4514 τοιοῦτον
1256 4453 1369 4533 ἁρμόσει

73 4575 186 4656 δίκαιον,
211 4575 254 4638 ἐπί
277 4577 394 4662 διαθήκῃ
416 4583 463 4637 τοῦ
479 4577 539 4652 βίου
553 4579 646 4638 τοὺτου
669 4577 836 4657 μεθίσταται,
860 4577 936 4654 ἔχειν
959 4572 1055 4636 ἄδειαν
1077 4579 1270 4656 παραπέμπειν
1285 4581 1369 4636 ταῦτα

73 4698 110 4769 τίς
132 4691 190 4760 οἷον
212 4702 246 4758 ἀν
270 4699 396 4776 βούλοιτο
412 4702 458 4758 τόν
474 4699 506 4771 ἐξ
529 4701 608 4760 αὑτοῦ
630 4703 829 4779 καταγομένων
851 4697 965 4778 παίδων,
990 4698 1111 4776 ἐγγόνων
1126 4693 1180 4783 [τε]
1195 4697 1242 4758 καί
1258 4695 1366 4777 ἐφεξῆς.
