3486 5282
135 502 151 572 †
173 498 296 576 Ιερευς
319 495 498 578 Θεόδωρος
520 497 575 557 καί
597 499 827 578 σακελλαίριος
849 499 893 556 M
887 499 1024 572 ιθίιμνης
1046 505 1073 576 †.
1117 473 1121 480 ί

136 623 150 692 ί

172 621 296 698 Ἱερεθς
318 620 378 678 Γ
344 641 385 679 εω
392 641 486 700 ργιος
507 619 563 679 καί
586 621 620 700 ῥε
627 621 804 702 ρενδάριος
827 621 1057 696 Μεθῦμνηςγ.

135 741 366 818 βΜανουὴλ
361 763 468 822 ιερευς
494 740 550 802 καὶ
577 741 757 818 οἰκονόμος
781 743 958 818 Μεθθμνης
985 743 1024 802 τά
1047 739 1173 802 ἀνωθεν
1196 743 1324 804 οἰκειο-

44 862 153 941 ιείοως
172 865 303 943 γράψαι
325 868 349 940 ι-

135 989 150 1060 γ
173 986 325 1061 Ἰωάννης
347 987 508 1062 Τωμάζσς
530 984 587 1046 καί
609 985 834 1067 ταβουλάρισς
858 987 1033 1062 Μιθῦμνης
1054 992 1079 1063 β.

307 1331 350 1398 ΙΙ.
376 1332 598 1410 7035-1527,
623 1355 733 1398 mense
756 1335 854 1421 iunio,
877 1333 942 1398 ind.
967 1333 1042 1398 XV.

46 1515 197 1569 Ρσισίσισλσ
218 1517 347 1570 Ieremias
367 1517 391 1569 1.
414 1516 554 1586 confirmat
570 1517 720 1587 ρτίυίίσρία
739 1518 960 1570 monasteriorum
982 1515 1079 1572 Sancti
1099 1518 1240 1572 Μέσίιαὲίία
1261 1519 1328 1572 dicti

365 1621 448 1674 Praei
461 1627 486 1675 σί
503 1619 619 1675 Sanctae
636 1619 748 1675 Mariae
765 1619 991 1692 Μμτεέιιίοιὶσεσσ.

135 1846 150 1917 †
183 1841 362 1922 Ἱερεμίας,
398 1841 485 1920 ἐλέῳ
518 1842 594 1901 θεοῦ
628 1841 891 1922 ἀρχιεπίσκσπος
927 1843 1326 1920 Κωνσταντινούπάλεως,

46 1961 124 2032 Νέας
147 1963 283 2041 Ῥώμης,
306 1961 362 2022 καί
385 1961 617 2037 οίκουμενικδς
642 1964 858 2043 Ιίατριάρχης
880 1967 904 2040 †.

135 2089 150 2158 γ
170 2086 213 2166 Τῇ
235 2083 316 2160 ἡμῶν
338 2085 484 2156 συνσδικῶς
505 2086 701 2166 προκαθημένῃ
718 2087 868 2166 μετριότητι
885 2087 900 2143 ὁ
916 2087 944 2145 έν
960 2085 1149 2166 ίερσμονάχοις
1165 2089 1325 2161 τιμιώτατος

46 2211 85 2286 νῦρ
100 2207 227 2284 Ἰγνάτιος
249 2203 296 2266 καί
317 2207 499 2282 πνευματικὸς
519 2206 608 2286 πατὴρ
632 2207 665 2265 ἐκ
679 2207 811 2283 Καλονῆς
832 2213 883 2282 τῆς
906 2208 935 2266 έν
951 2209 1095 2290 Μιτυλήνῃ
1118 2207 1242 2289 ἀνέφερε,
1265 2216 1326 2280 πῶς

48 2326 71 2384 ἐκ
90 2329 223 2402 θεμελίων
244 2329 371 2388 παλαιῶν
394 2327 425 2401 ἐξ
448 2327 522 2388 ἰδίων
545 2329 736 2404 ἀναλωμάτων
758 2328 804 2388 καὶ
826 2331 919 2389 κόπων
942 2330 1070 2410 ἀνήγειρε
1092 2331 1157 2388 ναίον
1176 2335 1222 2389 τσῦ
1237 2329 1325 2404 Ταξι-

48 2451 117 2528 α’ργρυ
137 2457 190 2510 τῶν
212 2451 283 2510 Ἄνω
306 2451 454 2526 Δυνάμεων
475 2452 521 2509 τ’σν
544 2450 573 2510 ἑν
596 2450 635 2530 τῷ
658 2451 789 2532 Αειμιῦνι,
811 2449 859 2510 καί
881 2451 1028 2531 ἀριέρωσεν
1052 2451 1082 2510 ἐν
1105 2450 1176 2532 αὐτῷ
1198 2456 1325 2533 χωράρισι

48 2570 80 2629 ισί
102 2571 207 2652 δένδρα,
230 2571 277 2632 καὶ
298 2573 401 2633 κελλία
424 2574 527 2632 ἔκτισεν
549 2571 596 2633 καί
619 2573 786 2648 ἀμπελῶνας
803 2573 922 2652 ἐποίησε,
946 2572 993 2632 καί
1008 2577 1088 2654 ἕτερα
1104 2576 1186 2650 σκεῦιγ
1202 2574 1249 2634 καί
1263 2571 1326 2656 ίερά

49 2687 171 2776 ίριέρωοε,
194 2693 241 2755 καί
265 2700 309 2757 νῦν
325 2694 440 2756 οἰκοῦσιν
456 2697 485 2756 ἐν
500 2695 572 2774 αὐτῷ
587 2695 762 2776 ίερομάναχοι
777 2695 824 2756 καί
839 2695 965 2774 μσναχοί.
996 2699 1064 2776 προς
1078 2697 1180 2769 τσθτσις
1194 2697 1325 2778 ᾐτήσατο,

47 2813 78 2873 ἵνα
91 2817 129 2892 εἴη
144 2819 162 2894 ἡ
180 2819 289 2895 τοιαῦτη
305 2819 375 2894 μονὴ
392 2818 526 2897 ἐλευθέρα
540 2819 574 2878 ἐκ
587 2820 705 2898 πάντων,
726 2820 845 2895 μηδενδς
862 2816 985 2892 ἐξουσίαν
1002 2820 1113 2896 ἔχοντος
1127 2819 1176 2894 τὴν
1192 2824 1324 2898 τυχοῦσαν

49 2935 68 2992 ἐν
87 2937 191 3023 aba-32¹),
216 2943 285 3015 μήτε
309 2941 398 3020 σὐτος,
422 2939 495 3014 ἅπαξ
518 2937 670 3020 ἀφιερώσας
693 2941 773 3016 αίκτὴν
796 2939 835 3019 τῷ
850 2939 915 3020 θεῷ,
938 2943 1008 3015 μήτε
1023 2961 1064 3012 τις
1080 2943 1172 3018 έτερσς
1186 2945 1240 2999 τῶν
1257 2962 1325 3018 συγ·
1362 2997 1363 3000 ,

48 3067 116 3134 γενῶν
139 3064 217 3122 σι’στσῦ
239 3060 287 3120 καί
310 3064 409 3133 ζῶντος
431 3061 478 3122 καί
501 3061 683 3132 ἀποθανόντος
706 3062 795 3141 αὑτοῦ,
827 3065 896 3137 μήτε
919 3063 934 3120 δ
955 3065 1002 3122 τοῦ
1023 3063 1105 3120 πάτου
1128 3062 1271 3142 ἀρχιερεὺς
1293 3064 1324 3121 τδ

49 3179 131 3242 οίσνοῦν
153 3185 258 3244 ἐκεῖθεν
282 3179 413 3264 ἀπαιτεῖν,
439 3182 461 3243 εί
484 3184 523 3260 μὴ
547 3187 629 3259 μόνον
651 3185 681 3243 τδ
705 3187 874 3259 μνημόσυνον
897 3185 977 3243 αὐτοῦ
1001 3184 1075 3261 ἔχειν
1099 3183 1128 3242 ἐν
1151 3185 1211 3253 ταῖς
1233 3183 1326 3262 ἀγίαις

49 3303 154 3378 τελεταῖς
175 3304 223 3364 καί
246 3304 323 3366 οῦδὲν
347 3305 431 3384 ἄλλο,
453 3306 606 3383 ἡγούμενον
629 3304 660 3364 δὲ
684 3305 848 3383 ἐκλέγεσθαι
870 3304 932 3376 τοῦς
955 3304 1046 3364 ἐκεῖσε
1069 3303 1207 3382 μσναχοῦς
1230 3303 1263 3364 ἑκ
1277 3309 1324 3365 τσῦ

51 3427 113 3494 μέσον
135 3429 221 3488 αῦτιῦν
244 3426 291 3487 καί
313 3430 360 3503 ζῆν
383 3427 526 3503 κοινοβίως
549 3425 588 3499 είς
611 3425 696 3486 αίιῦνα
718 3427 763 3486 τδν
787 3429 902 3487 ἅπαντα.
941 3430 1024 3486 ταῦτα
1047 3429 1213 3502 ζητήσαντας
1236 3428 1325 3506 αὺτοῦ,

51 3545 78 3615 ὡς
98 3548 198 3629 εὔλογα
225 3548 273 3608 καί
296 3549 388 3610 δίκαια
410 3547 456 3608 καί
478 3551 496 3623 ἠ
520 3551 663 3627 μετριότης
686 3547 765 3624 ἡμῶν
790 3549 822 3608 ἐπ
826 3548 984 3624 ιεββαιοῦσα
1005 3550 1035 3608 τδ
1057 3549 1143 3625 παρδν
1167 3547 1239 3627 οιίιτῷ
1263 3549 1325 3608 ἐπι-

51 3673 144 3748 χερηγεῖ
163 3673 291 3751 γράμμα,
315 3671 349 3731 δι’
362 3665 392 3730 οὗ
415 3669 599 3750 ἀποφαίνεται,
622 3671 665 3728 ἵνα
687 3671 717 3728 τδ
739 3674 820 3751 κῦρος
844 3671 982 3749 έγωσι,
961 3691 991 3729 το
1016 3669 1126 3744 βέβαιον
1149 3667 1196 3729 καί
1217 3667 1324 3746 ἀμετα-

52 3789 109 3866 πνίητ
110 3813 145 3854 ον.
192 3792 217 3853 εί
240 3793 272 3852 δέ
293 3813 333 3864 τις
361 3790 400 3864 είς
422 3793 570 3852 κατάλυσιν
592 3793 725 3868 τολμήσει
747 3792 873 3872 χωρῆσαί
893 3813 964 3863 τινος
988 3793 1020 3851 ἐκ
1041 3792 1140 3851 τούτων
1162 3794 1181 3864 ἢ
1203 3792 1324 3852 καθολου

52 3909 109 3980 ἢὲί
122 3917 208 3996 μέρει,
230 3914 274 3974 ἵνα
297 3913 339 3988 εἴη
362 3914 561 3994 ὑπ’ἀρορισμδν
584 3913 683 3974 ἀλυτον
705 3915 750 3973 τὀν
774 3914 826 3972 ἀπο
849 3915 912 3973 θεοῦ
933 3915 1159 3993 παντοκράτορος.
1198 3913 1236 3972 ἔτι
1257 3913 1324 3974 ἀνέ-

54 4049 110 4109 μρεν
133 4039 207 4116 ἡμῖν,
239 4035 283 4095 ίνα
309 4035 453 4115 δρείλωσιν
480 4035 638 4110 ἐπιβλέπειν
665 4034 711 4095 καί
743 4035 839 4115 ἐφορᾶν
871 4034 896 4095 σί
918 4035 947 4093 ἐν
970 4033 1036 4115 τῇδε
1057 4040 1090 4115 τῇ
1114 4039 1184 4114 μονῇ
1208 4033 1326 4113 μοναχοί

56 4151 89 4212 καί
105 4161 130 4218 ιδ
153 4161 350 4239 σταυρσπήγιον
372 4159 421 4233 τὴν
445 4158 585 4238 Πανσιγίσιν
608 4159 729 4233 μεστὴν
753 4159 990 4237 Μερσινιιῦιισσαν,
1017 4157 1082 4235 ὅπερ
1106 4156 1243 4216 ἀνέκτισεν
1266 4155 1326 4237 ἰδίῳ

54 4275 145 4356 θίν’-ωδ
172 4282 261 4358 αὐτὸς,
292 4279 338 4340 καί
367 4280 520 4360 ἐκπληροῦν
547 4278 593 4340 καί
620 4282 651 4339 τ“ο
673 4280 734 4339 κατ’
750 4280 810 4350 ἔτος
833 4279 974 4354 διδόμενον
996 4275 1058 4358 περὶ
1081 4278 1160 4336 αὐτοῦ
1182 4279 1325 4338 κανονικδν

55 4395 88 4453 καί
109 4409 167 4462 πᾶσι
193 4407 301 4482 τρόποις
325 4403 571 4478 ἀντιλαμβάνεσθαι
596 4404 676 4462 αὐτοῦ
698 4401 769 4461 κοιτά
792 4401 912 4476 δύναμιν.
958 4400 1027 4459 οῦτω
1050 4400 1184 4478 θεσριλιῦς
1206 4397 1254 4458 καί
1277 4401 1324 4459 εἶι-

57 4549 233 4569 ...κ’-..νυ-

133 4665 153 4733 ¹)
173 4663 239 4735 αάτῷ
257 4667 290 4715 Κ.
