3486 5282
367 267 430 334 σοι

366 465 422 534 ἕως
444 464 509 523 όπσῦ
531 464 652 546 καταντᾷ
676 461 714 535 εἰς
736 465 782 523 τόν
804 463 952 522 τόποντδν
975 460 1173 541 ἐπιλεγόμενον
1196 462 1415 542 Ζευγαρόπετρα,
1449 461 1543 542 εὑρέθη
1567 461 1651 521 διατε-

365 586 501 663 ταγμένον
529 585 573 664 ἀφ’
586 578 620 644 οθ
638 585 796 665 ’ττληρόνωσι
819 585 879 644 κατ’
893 585 959 656 ἔτος
976 582 1015 655 είς
1037 585 1083 644 τόν
1107 582 1247 657 βασιλικόν
1270 603 1321 658 μου
1344 583 1477 662 θησαυρὸν
1499 585 1532 645 τά
1553 586 1653 663 τριάντα
1696 609 1697 658 γ

365 709 445 768 πέντε
467 706 594 785 χιλιάδες
616 707 706 768 λεπτά
729 706 855 788 (άσπρα),
879 706 942 766 ’σ’ντα
965 707 995 766 τό
1018 705 1152 781 ἀντίτιμον
1175 712 1224 781 τῆς
1247 705 1391 778 ἀσυδοσίας
1405 727 1470 782 των,
1494 707 1527 766 νόι
1542 708 1578 782 μὴ
1594 707 1651 764 ἑνο-

365 829 489 907 χλῶνταί
510 829 597 890 πλέον
624 830 660 904 μὲ
688 829 845 904 ἀπαιτήσεις
872 828 994 888 δεκάτων
1021 827 1067 888 καί
1095 827 1192 887 ἀλλων
1215 829 1311 908 φόρων.
1344 826 1390 888 καί
1414 827 1589 908 ἐρωτηθέντος
1611 835 1652 886 τοῦ

367 950 400 1010 ἐκ
425 956 479 1010 τῶν
502 951 667 1030 λειτουργῶν
690 971 742 1026 μου
764 952 991 1030 περιφανεστάτου
1014 951 1102 1024 Ἃσμὴ
1127 949 1234 1030 ἑφένδη,
1261 954 1307 1008 τοῦ
1328 957 1378 1026 τῆς
1401 949 1583 1030 διατηρήσεως
1604 959 1652 1007 τῶν
1696 927 1697 988 ί

365 1078 534 1148 κανονισμῶν
555 1077 602 1133 τοῦ
624 1072 751 1152 Μωρέως
772 1069 834 1151 περί
856 1076 902 1131 τοῦ
924 1072 949 1130 τί
971 1067 1040 1130 εἰναι
1063 1071 1213 1150 ἀναγκαῖον
1236 1071 1270 1130 νόι
1292 1073 1360 1154 γένη
1384 1071 1413 1130 ἐν
1436 1072 1518 1154 σαίντῃ
1540 1073 1651 1152 τῇίιπσ-

366 1196 448 1274 θέσει,
473 1195 567 1270 ἐπειδὴ
591 1193 778 1269 έπεβεβαίωσε
802 1195 836 1253 δι’
847 1193 1037 1273 ένσφράγίστου
1053 1193 1189 1273 ἐγγράφου
1204 1195 1417 1270 πιστοποιήσεώς
1432 1215 1489 1274 του,
1513 1196 1551 1253 ότι
1566 1194 1651 1266 ἐπειδὴ

367 1315 395 1376 αί
424 1316 563 1388 ὑποθέσεις
593 1315 639 1376 καὶ
671 1317 768 1376 ἔννοιαι
798 1321 850 1376 τῶν
882 1314 1048 1376 έκδοθέντων
1081 1315 1231 1398 βασιλικῶν
1260 1337 1311 1390 μου
1337 1315 1492 1396 φερμανίων
1519 1315 1564 1375 δὲν
1584 1317 1651 1376 ἀντι-

366 1441 510 1518 φάσκουσιν
532 1437 572 1512 εἰς
593 1439 642 1510 τὰς
665 1436 784 1514 αἰτήσεις
805 1444 859 1498 τῶν
882 1438 1084 1518 διαληφθέντων
1099 1438 1275 1518 καλογηρων,
1298 1439 1332 1498 νόι
1348 1438 1449 1520 ἐκδοθῇ
1465 1437 1591 1513 βασιλικάΙ
1606 1459 1651 1514 μευ

367 1561 484 1640 διατοιγίΙ
507 1562 648 1642 σύμφωνος
671 1561 707 1638 μὲ
728 1561 763 1621 τά
786 1561 906 1622 ἔκπαλαι
928 1559 978 1620 καί·
997 1561 1068 1621 κατὰ
1088 1562 1229 1641 διαφόρους
1250 1561 1354 1639 ἐποχὰς
1369 1561 1518 1622 ἐκδοθέντα
1533 1559 1652 1636 βασιλικά

367 1691 425 1759 μου
440 1686 583 1764 φερμάνσα.
608 1684 654 1744 διὰ
674 1689 751 1744 τοῦτο
775 1684 864 1763 ἕγεινε
887 1684 1016 1758 βασιλική
1040 1705 1091 1758 μου
1115 1683 1231 1761 διαταγίη
1253 1683 1286 1742 νόι
1311 1684 1457 1764 ὲνεργηθῇ,
1483 1683 1575 1754 καθὼς
1596 1683 1651 1741 διι-

367 1805 475 1881 βεβαιοῖ
497 1807 511 1866 ό
535 1805 679 1888 εἰρημένος
701 1806 834 1886 θπουργός
857 1827 918 1886 μου,
947 1804 995 1866 καί
1018 1806 1159 1884 διατάττω,
1183 1807 1241 1881 ἅμα
1262 1807 1397 1884 φθάσωσιν
1420 1804 1446 1866 οί
1467 1807 1590 1884 φέροντες
1610 1805 1651 1876 τὴν

367 1928 512 2004 βασιλικήν
536 1951 587 2005 μου
610 1929 752 2008 διαταγην,
776 1932 841 2003 σείς,
866 1929 962 2000 οἵτινες
985 1922 1057 1988 εἰσθε
1081 1928 1256 2006 ἐγνωσμένοι,
1280 1929 1294 1987 δ
1314 1947 1344 1986 τε
1367 1926 1481 2006 ἡγεμὼν
1497 1925 1543 1986 καί
1558 1926 1583 1986 οἰ
1597 1927 1650 1984 δια-

366 2051 516 2130 ληφθέντες
537 2051 636 2130 κριταί,
659 2051 692 2109 νά
717 2051 881 2130 ένεργησητε
903 2049 950 2110 καί
972 2047 1046 2130 τὼρα
1069 2050 1115 2110 καί
1135 2053 1249 2110 πάντοτε
1266 2051 1395 2128 σύμφωνα
1411 2049 1446 2124 μέ
1461 2050 1511 2124 τὴν
1525 2052 1651 2127 παροῦσαι
1696 2113 1697 2156 ,

367 2173 512 2249 βασιλικήν
535 2195 586 2248 μου
609 2174 743 2252 διαταγην
765 2174 836 2234 κατὰ
857 2175 904 2232 τόν
927 2175 983 2233 άνω
1006 2171 1150 2252 εἰρημένον
1172 2174 1270 2252 τρόπον
1292 2171 1340 2234 καί
1362 2172 1396 2230 νά
1418 2173 1456 2246 μὴ
1473 2169 1579 2246 δείξητε
1595 2169 1650 2228 διά·
1696 2165 1697 2252 γ

366 2297 439 2354 θεσιν
465 2293 519 2365 καί,
540 2295 630 2355 κλίσιν
658 2293 697 2366 εἰς
724 2295 754 2354 τό
778 2295 897 2354 ἐναντίον
921 2297 1012 2370 αὐτῆς.
1060 2296 1128 2354 οθτω
1149 2296 1297 2373 γινώσκετε
1320 2292 1367 2354 καί
1389 2294 1546 2354 πιστεύσατε
1569 2291 1650 2362 είςτο

1696 2383 1697 2432 ί

367 2416 510 2490 βασιλικόν
534 2437 585 2491 μου
608 2419 729 2493 σημεῖον.

472 2537 626 2612 Ἐξεδόθη
648 2545 686 2620 τῇ
713 2535 750 2598 17
774 2543 833 2614 τῆς
855 2539 1001 2613 σελήνης
1017 2539 1199 2614 Ῥεμπιοθλ
1220 2535 1322 2613 Ἐβὲλ
1342 2536 1374 2594 ἐν
1395 2537 1464 2596 έτει
1483 2533 1564 2598 1219
1584 2533 1650 2615 (ἀπό
1696 2581 1697 2634 ,

1696 2639 1697 2684 ἰ

367 2661 509 2740 Χριστοῦ
535 2656 640 2738 1803).

391 2809 393 2814 ’
470 2783 549 2860 (Ὅτι
574 2783 653 2856 πιστὴ
680 2783 698 2858 ἠ
726 2785 874 2858 μετάρασις
899 2803 933 2864 τη
959 2780 998 2842 12
1027 2781 1128 2842 ἰουλίσυ
1154 2779 1237 2842 1834
1260 2783 1289 2840 ἐν
1314 2782 1418 2860 Ἄργει.
1465 2777 1651 2858 ὁδιερμηνεθς

365 2908 412 2963 τοῦ
434 2905 576 2979 βασιλείου
597 2911 647 2980 τῆς
671 2903 811 2973 Ἑλλάδος
835 2905 1037 2983 Ἰουσσυφμπέίς
1060 2902 1344 2985 Ἀχμετπασαζαδές.)

1696 3013 1697 3042 ί

1696 3045 1697 3076 ί

485 3213 577 3280 XIV.
603 3214 827 3298 7322-1814,
850 3217 880 3280 ί).
905 3217 1024 3280 mensis
1048 3215 1167 3302 aprilis,
1192 3215 1258 3279 ind.
1283 3214 1326 3277 ΙΙ.
1351 3215 1542 3278 Bucarestii.

368 3399 483 3452 Ιοαιιτετε
501 3400 625 3466 Οαταόεα,
643 3400 761 3452 υοθυοάα
783 3399 1003 3469 ίθιρτουίαοίιίιιτ,
1017 3400 1178 3454 monasterio
1194 3399 1223 3452 S.
1242 3399 1434 3470 Θεοηφίίάίσισ
1453 3398 1561 3465 Oarypi,
1577 3396 1602 3446 ιἰι
1617 3395 1648 3445 in·
1696 3413 1697 3416 ¹

780 3503 842 3556 ευίιι
858 3504 993 3576 Ανιόίροιιί,
1015 3505 1098 3558 donat
1113 3505 1243 3558 redditus.

400 3704 554 3778 Ἰωάννης
578 3704 747 3786 Γεωργίου
770 3706 959 3784 Καρατσάς,
984 3706 1160 3782 βσεβόδας,
1186 3706 1271 3786 ἐλέῳ
1295 3707 1369 3764 θεοῦ
1392 3706 1551 3778 αὐθέντης
1572 3699 1619 3761 καί

724 3829 859 3906 ἡγεμὼν
882 3825 988 3902 πάσης
1005 3828 1299 3908 Οἰνγκροβλαχίας.

471 3999 583 4076 Ἐπειδὴ
606 4003 636 4061 τδ
659 4003 731 4062 θεῖον
746 4000 793 4062 καί
813 4001 885 4082 ἱερόν
902 4006 1080 4083 μσνοιστηριον
1096 4002 1208 4082 Καρῆπι
1224 4003 1470 4082 ἐπονομαζόμενον,
1496 4001 1524 4061 ἐν
1539 4006 1570 4082 τῇ
1585 4000 1646 4072 νήσῳ

368 4121 529 4205 Ἀντιγόνου,
553 4125 619 4205 άπερ
641 4123 736 4184 νεωστί
760 4125 898 4205 ἀνηγέρθη
923 4125 955 4184 ἐκ
977 4123 1124 4200 θεμελίων,
1149 4125 1178 4182 ἐν
1202 4120 1224 4204 ᾧ
1247 4123 1456 4204 πανηγυρίζεται
1471 4125 1489 4198 ί,
1506 4126 1595 4198 μνήμη
1610 4121 1646 4176 τοῦ

368 4246 614 4326 μεγαλσμάριυρος
637 4245 716 4326 ἁγίου
739 4248 875 4327 Γεωργίου
897 4251 944 4306 τοῦ
966 4249 1179 4326 θαυματουργοῦ,
1203 4248 1318 4326 ὑπάρχει
1341 4248 1461 4324 γνωστδν
1484 4267 1517 4329 τη
1539 4244 1645 4323 ἡμετέρᾳ

363 4368 518 4451 αθθεντείφι,
542 4370 581 4428 ότι
605 4369 753 4449 εὑρίσκεται
777 4369 806 4428 ἐν
828 4375 925 4450 πτωχῇ
949 4365 1112 4430 καταστάσει
1133 4367 1180 4428 καί
1209 4369 1238 4428 ἐν
1260 4371 1385 4448 στερήσει
1407 4369 1532 4448 πολλῶν,
1555 4365 1645 4445 άγρῄ-

367 4491 441 4560 ζαυστ
464 4489 602 4570 βοηθείας,
634 4491 676 4566 μὴ.
698 4492 762 4569 ἔχον
786 4493 870 4566 μέσον
893 4491 926 4550 νά
949 4491 1081 4566 βοηθῆται
1104 4488 1143 4560 είς
1165 4491 1189 4550 τ’
1202 4491 1340 4568 ἀναγκαῖά
1361 4512 1407 4550 του
1430 4487 1524 4572 ἔξοδα,
1553 4487 1645 4560 καθ’ἥν

367 4613 434 4692 προς
461 4613 495 4672 τά
521 4614 582 4672 θεῖα
608 4617 770 4692 καταγώγια
797 4616 930 4694 τρέφομεν
958 4609 1104 4688 εὐλάβειαν
1133 4611 1171 4684 εἰς
1198 4614 1227 4670 τίν
1254 4613 1287 4672 νά
1313 4615 1512 4694 συντρέχωμεν,
1543 4615 1599 4671 ὅσον
1620 4608 1644 4677 ῖί
