3246 5288
1321 348 1386 412 413

66 536 164 614 εὒχὴν
192 539 333 618 τρισαγίου
354 539 429 618 παρὰ
450 537 558 600 πάντων
588 539 744 618 λεγομένου
772 539 882 600 ποιείτω
904 542 977 620 τρεῖς
1000 539 1114 614 βαθείας
1135 541 1309 619 γονυκλισίας
1332 542 1386 616 έμ-

64 661 202 738 πρεσθεν
224 659 272 722 καὶ
301 661 417 737 πλησίον
440 665 485 722 τοῦ
518 661 596 740 ἁγίου
626 661 788 737 βηματοςό
819 661 1028 740 ἐκλελεγμένος
1050 660 1097 722 καὶ
1118 663 1281 742 προκριθείς.
1326 658 1386 723 εἶτα

65 779 119 840 καί
147 784 224 843 αῦτόι
246 783 280 843 τὰ
310 783 370 863 ἱερὰ
391 782 438 844 καί
466 785 527 844 θεῖα
557 781 733 858 εἰκονίσματα
754 783 802 844 καὶ
832 783 968 860 σεβάσμια
990 788 1036 844 τοῦ
1066 783 1157 864 κυρίου
1179 783 1224 844 καὶ
1254 785 1318 844 θεοῦ
1339 782 1386 844 καὶ

67 909 210 986 σωτῆρος
231 906 311 983 ἡμῶν
335 906 423 982 Ἰησοῦ
446 907 563 986 Χριστοῦ
584 904 632 966 καί
654 911 704 982 τῆς
734 905 882 986 ύπεραγίας
910 905 1056 982 δεσποίνης
1085 907 1165 980 ἡμῶν
1188 907 1315 966 θεοτόκου
1339 907 1385 965 εῦ-

67 1025 184 1100 λοιβῶς
214 1028 376 1098 ἀσπαζέσθω
398 1027 445 1087 καί
468 1027 540 1100 μετὰ
568 1031 650 1086 ταῦτα
671 1029 720 1102 τὴν
743 1029 931 1108 προσήκουσαν
961 1028 1122 1103 ἀπσνεμέτω
1148 1028 1325 1108 προσκύνησιν
1348 1027 1386 1107 τῷ

68 1155 244 1228 προεστῶτι,
268 1145 319 1208 εἷθ’
332 1150 416 1220 ούτως
439 1149 579 1209 ύτοκλινεῖ
601 1149 650 1222 τἠν
673 1149 768 1208 ἑαυτοῦ
790 1148 914 1228 κεφαλὴν
939 1145 1167 1228 ἀπερικοῖλυπτον,
1190 1147 1229 1226 τῷ
1253 1148 1284 1208 δὲ
1306 1149 1386 1228 τιμίῳ

70 1270 240 1350 σφραγίζων
272 1269 375 1342 ἐκεῖνος
406 1265 541 1356 [αύτδν]ί)
573 1270 679 1350 σταυρῷ
710 1271 778 1330 ούτω
801 1291 860 1342 πως
892 1271 1019 1344 εὐλαβῶς
1047 1271 1142 1350 λέγει·
1173 1272 1211 1350 ,,ἠ
1238 1272 1319 1350 χὰρις
1341 1275 1387 1330 τοῦ

70 1392 221 1467 παναγίου
242 1392 405 1467 πνεύματος,
429 1391 543 1470 ἀδελφέ,
567 1392 612 1452 διὰ
634 1397 687 1451 τῶν
710 1393 818 1472 θερμῶν
841 1392 993 1472 πρεσβειῶν
1015 1399 1066 1470 τῆς
1080 1395 1219 1470 πανὰγνου
1243 1391 1387 1468 δεσποίνης

71 1516 165 1588 ἡμῶν
188 1516 317 1574 θεοτόκου
340 1513 386 1574 καὶ
410 1513 444 1574 δι’
457 1515 546 1592 εῦχῶν
569 1519 622 1574 τῶν
653 1514 739 1593 ἁγίων
761 1511 808 1574 καί
831 1516 967 1595 θεοφόρων
995 1517 1120 1596 πατέρων
1143 1516 1223 1590 ἡμῶν
1245 1513 1387 1595 προχειρί-

74 1635 164 1707 ζετοιί
184 1655 217 1696 σε
240 1635 381 1712 οἰκονόμον
404 1641 453 1710 τῆς
476 1635 630 1712 σεβασμίας
652 1642 738 1712 μονῆς
759 1637 870 1712 ἡμῶνίέ.
903 1637 995 1697 ἔπειτα
1017 1638 1063 1696 τόν
1079 1637 1108 1696 ἐν
1128 1631 1212 1718 κυρίῳ
1232 1635 1295 1708 δούς
1315 1635 1387 1716 αἰκιῷ

75 1759 230 1834 ἀσπασμόν
254 1759 405 1838 ἔμπροσθεν
427 1764 481 1817 τῶν
505 1758 590 1837 ἁγίων
612 1757 764 1836 κιγκλίδων
786 1757 872 1834 ἵστησι
887 1757 934 1818 καί
954 1759 1023 1818 ούτω
1045 1759 1292 1840 προσερχέσθωοαν
1315 1757 1387 1836 αύτῷ

76 1887 161 1941 παῖσα
189 1883 208 1956 ἡ
239 1879 394 1959 ἀδελφότης
423 1878 470 1939 καί
500 1879 621 1958 καθεξῆς
651 1880 731 1941 αὐτόν
762 1881 975 1952 ἀσπαζέσθωσαν
1005 1884 1133 1954 ἅπαντες.
1179 1883 1250 1959 μετὰ
1280 1882 1311 1942 δὲ
1341 1886 1386 1942 τόν

79 2005 232 2080 ἀσπασμόν
260 1999 328 2075 δόξα
349 2001 388 2081 τῷ
411 2001 466 2082 θεῷ
496 2003 672 2084 ἀναφερέσθω
694 2002 742 2064 καὶ
771 2004 901 2076 ἀπόλυσις
932 2005 1038 2064 ἑπέσθω
1069 2004 1171 2082 μετάἐ)
1193 2005 1242 2079 τὴν
1266 2006 1387 2080 συνήθως

79 2133 132 2186 τοῦ
154 2126 253 2206 ἱερέως
276 2127 369 2204 εῦχήν.
415 2123 439 2184 εἰ
463 2123 562 2185 δὲκαὶ
584 2125 752 2205 χειροτονίαν
775 2125 871 2208 ἱερέως
894 2126 954 2204 ἔχει
976 2128 991 2185 ό
1013 2127 1263 2206 προχειριζόμενος,
1293 2125 1334 2198 εἰς
1355 2127 1386 2186 τδ

81 2248 268 2328 οἰκονομεῖον,
292 2247 402 2324 μᾶλλον
426 2250 458 2306 ἀν
482 2246 523 2323 είη
548 2247 737 2326 εῦὰρεστος3)·
761 2250 869 2308 πάντων
891 2244 937 2307 σύν
956 2253 1009 2308 τῶν
1033 2248 1129 2308 ἀλλων
1152 2247 1310 2328 ἀναγκαίων
1334 2248 1386 2326 ἀφ-

83 2373 188 2446 εμένος
211 2371 225 2428 ό
247 2368 386 2448 προεστὼς
410 2367 450 2442 εἰς
473 2369 611 2447 ἐπίσκεψιν
635 2369 803 2446 διαναστητω
826 2369 896 2445 μετὰ
918 2377 965 2430 τοῦ
986 2371 1221 2450 προχειρισθέντας
1244 2369 1387 2446 οἰκονόμου

85 2491 131 2552 ἐπί
154 2499 209 2552 τῶν
231 2499 281 2568 τῆς
304 2497 391 2568 μονῆς
421 2492 546 2550 ἁπάντων
577 2490 757 2573 μετοχίωνί),
789 2495 828 2564 ὡς
850 2490 896 2552 καί
920 2491 1110 2572 ἀκριβέστερον
1133 2497 1216 2552 ταῦτα
1240 2489 1386 2572 ἐξερευνή-

85 2617 186 2674 σασθαι
208 2612 255 2674 καί
277 2615 447 2690 καταμαθεῖν
469 2611 516 2672 καί
542 2619 701 2696 προογραφῇ
729 2609 944 2692 σημειώσασθαι,
975 2615 990 2672 ό
1014 2613 1045 2674 δέ
1067 2635 1102 2693 γε
1125 2613 1287 2695 προρρηθείς
1309 2613 1386 2674 οἰκο-

84 2743 173 2812 νόμος
197 2739 332 2817 ἐπιτηρεῖν
361 2736 453 2816 χρεὼν
479 2737 583 2806 πάντας
604 2736 666 2808 τοὺς
689 2735 851 2812 διακονητάς
873 2735 920 2796 καί
943 2736 1063 2811 μισθίους
1083 2733 1132 2795 καὶ
1154 2734 1257 2795 διδόναι
1281 2736 1387 2814 ἐκοίσιῳ

85 2863 117 2919 τό
141 2859 298 2937 ἀναλογοῦν
321 2861 479 2938 σιτηρέσιον.
512 2857 573 2917 δέον
598 2857 680 2936 ἐντῷ
703 2858 791 2937 καιρῷ
812 2863 858 2918 τοῦ
881 2859 977 2938 θέρους
992 2855 1038 2918 καὶ
1058 2861 1108 2932 της
1130 2857 1231 2936 τρύγης
1253 2856 1386 2932 σταλῆναι

86 2986 155 3063 πρός
177 2982 211 3040 τέι
234 2983 350 3058 μετόχια
372 2979 419 3040 καί
449 2981 557 3060 ἑτέρους
579 2987 632 3039 τῶν
660 2980 787 3060 ἀδελφῶν
810 2985 855 3040 τοῦ
886 2981 960 3058 ἔχειν
989 2981 1097 3050 τούτους
1118 2980 1134 3037 ό
1157 2977 1300 3054 οἰκονόμος
1322 2999 1386 3037 συν-

88 3104 186 3184 εργούς
208 3103 256 3163 καὶ
277 3101 614 3177 συναντιλαμβανσμένους
638 3103 717 3160 αὐτόν
740 3099 787 3161 καί
811 3100 850 3173 εἰς
872 3103 918 3160 τδν
940 3101 1036 3180 ἀγῶνα
1058 3099 1105 3160 καὶ
1120 3101 1169 3176 την
1192 3099 1310 3175 σπουδὴν
1332 3105 1386 3158 τῶν

87 3225 212 3286 εἰσοόίων
235 3229 446 3301 συμπονοῦντας,
477 3221 624 3283 ἀλλὰκαὶ
647 3223 774 3300 ἀψευδεῖς
804 3225 941 3303 μάρτυρας
972 3223 1079 3294 τούτους
1103 3223 1177 3300 ἔχειν
1200 3219 1240 3295 εἰς
1261 3222 1311 3296 τήν
1333 3227 1387 3280 τῶν

89 3346 310 3407 εἰσοδιασθέντων
341 3346 502 3424 ἀσφάλειαν,
532 3349 737 3426 προσγραφῆναι
761 3345 809 3420 τὴν
833 3345 947 3404 έκάστου
978 3343 1066 3415 εἴδους
1097 3342 1159 3403 δέον
1181 3344 1317 3419 ποσότητα
1340 3341 1386 3403 καὶ

87 3467 125 3548 τῷ
147 3473 297 3548 προεστῶτι
319 3468 560 3548 προσκομισθῆναι.
591 3463 638 3524 καί
655 3466 734 3537 αύτδς
750 3466 780 3525 δέ
802 3465 920 3544 ἀσφαλεῖ
940 3470 1031 3545 γραφῇ
1054 3466 1223 3540 σημειούσθω
1239 3463 1285 3524 καὶ
1301 3460 1386 3550 [ἐν]·“’)

87 3589 176 3670 καιρῷ
197 3589 237 3668 τῷ
258 3592 421 3669 προσήκοντι
452 3586 574 3660 ἐξετάσει
596 3591 644 3662 τὴν
666 3593 720 3646 τῶν
745 3585 965 3648 εἰσοδιασθέντων
988 3589 1169 3667 κατσίχρησιν·
1201 3587 1231 3645 οῦ
1253 3587 1306 3666 γάρ
1330 3586 1387 3658 ἕξει

88 3711 130 3770 ἐπ’
144 3709 277 3782 ἀδείαςό
308 3709 451 3784 οἰκονόμος
480 3705 600 3793 [ἀνευθὴ
629 3715 678 3784 τῆς
704 3713 750 3768 τού
772 3714 942 3788 προεστῶτος
972 3707 1116 3786 εἰδήσεως,
1147 3709 1261 3786 γνώμης
1283 3729 1313 3767 τε
1340 3706 1386 3766 καὶ

88 3834 233 3906 θελήσεως
254 3833 339 3891 ποιεῖν
362 3853 396 3908 τι,
421 3830 498 3890 ἀλλά
520 3836 601 3889 πᾶσιν
624 3826 817 3901 ἐξοικολουθεῖν
837 3831 917 3890 αὺτοῦ
932 3833 988 3902 τοῖς
1003 3829 1091 3908 ἴχνεσι
1105 3829 1152 3889 καί
1166 3832 1223 3902 τοῖς
1238 3830 1385 3908 θελήμαοι,

88 3957 161 4014 καθοί
183 3975 235 4013 που
258 3949 334 4032 φησὶν
357 3952 372 4010 ό
395 3951 541 4031 Σολομὼν,
565 3953 604 4010 ότι
627 3950 698 4023 μετά
721 3951 824 4027 βουλῆς
846 3953 935 4011 πάντα
955 3955 1051 4030 ποιεῖν,
1079 3951 1157 4011 ἀλλὰ
1179 3949 1224 4012 καί
1246 3951 1309 4010 αῦτδ
1324 3949 1386 4028 φησί

87 4079 115 4135 τό
139 4075 213 4155 ἰερδν
237 4073 400 4153 εύαγγέλιον
423 4075 463 4132 ότι
486 4073 688 4151 ,,καταβέβηκα
712 4073 744 4130 ἐκ
760 4077 806 4132 τοῦ
828 4073 950 4153 ούρανοῦ,
975 4074 1026 4151 ούχ
1041 4073 1086 4132 ἵνα
1099 4078 1169 4132 ποιῶ
1184 4073 1213 4130 τό
1230 4073 1341 4146 θέλημα
1356 4073 1386 4130 τδ

89 4199 165 4276 ἐμόν,
189 4196 268 4256 ἀλλά
291 4197 321 4254 τό
344 4198 455 4271 θέλημα
477 4199 523 4254 τοῦ
545 4195 702 4270 πέμψαντός
726 4214 777 4268 μου
799 4196 936 4274 πατρός·“ι
960 4195 991 4254 ού
1012 4194 1067 4274 γὰρ
1083 4191 1144 4270 ἐμοὶ
1167 4193 1302 4268 βουλητδν
1324 4193 1387 4263 τούς

88 4317 278 4398 μεττχιαρίους
301 4318 375 4395 ἔχειν
405 4317 447 4376 ἐπ’
463 4315 586 4390 ἐξουσίας
608 4317 642 4375 τά
663 4323 717 4375 τῶν
739 4315 906 4396 προαστείων
937 4316 1049 4396 εἰσόδια,
1080 4316 1158 4376 ἀλλά
1179 4317 1214 4374 τά
1235 4315 1387 4394 γεηπονικά

193 4603 214 4670 ¹)
232 4601 430 4669 Supplevimus.
503 4598 573 4668 2)μέ
595 4602 625 4653 O.
696 4602 718 4668 ³)
737 4598 864 4670 εὖὰρεστσν
882 4601 914 4652 Ε.
985 4601 1005 4668 ⁴)
1023 4600 1156 4671 μετοχείων
1174 4601 1206 4652 E.
1278 4601 1300 4666 ⁶)
1315 4560 1385 4668 'Sup-

88 4699 229 4766 plevimus.
299 4698 321 4766 θ)
340 4697 539 4764 Supplevimus.
