3246 5288
1319 371 1383 435 419

69 571 216 638 εστῶτος·
248 564 347 638 ἄλλως
369 569 433 645 γοίρ,
458 564 481 624 εἰ
502 567 539 641 μὴ
556 566 590 625 τόν
605 566 711 626 παλαιὰ
726 565 889 644 κομίζοιντο,
913 565 994 624 καινὰ
1010 565 1113 626 διδόναι
1130 567 1178 625 τάκ
1194 565 1382 646 ἐπιτρέπομεν.

68 687 132 746 καὶ
155 692 236 746 ταῦτα
264 688 315 762 μὲν
339 685 509 766 διαπραξέτω
532 688 547 746 ό
570 687 738 768 δοχειοίριος·
767 688 782 745 ό
805 687 836 746 δέ
858 709 893 766 γε
916 688 1006 759 ἀλλος
1027 685 1097 747 ἴδιον
1120 685 1167 746 καὶ
1190 687 1268 758 αθτδς
1293 687 1382 764 ἐχέτω

68 807 133 867 καί
149 809 327 888 ἀρορισμένον
343 807 455 887 οἴκημα,
480 807 588 886 δοχεῖον
604 808 742 869 καὶτοῦτο
759 809 972 888 όνομαζόμενον,
995 809 1046 869 κάν
1062 809 1146 889 τοώτῳ
1161 809 1209 884 τὴν
1224 810 1382 889 παχυτέραν

70 931 153 1004 ὓλην
182 931 289 989 ἅπασαν
320 935 368 1004 τῆς
399 935 485 1004 μονῆς
517 929 732 1006 ἐναποκειμένην
761 931 917 1009 τυγχάνειν,
946 929 1099 1008 γεηπονικδι
1128 931 1209 1007 τυχόν
1237 929 1382 1010 ἐργαλεῖα,

72 1051 262 1128 χαλκώματα
286 1073 319 1115 ,τε
345 1049 391 1111 καὶ
423 1052 501 1112 ἄλλα
526 1059 560 1134 τῇ
590 1057 660 1134 μονῇ
687 1052 810 1130 χρειώδη
837 1049 884 1110 καί
912 1050 1059 1129 ἀναγκαῖα,
1091 1053 1108 1109 δ
1136 1047 1292 1123 διακαθέξει
1320 1050 1382 1110 ἐπι-

74 1174 251 1252 μελέστερόν
281 1195 311 1235 τε
338 1172 387 1234 καὶ
418 1172 619 1253 ἀσφαλέστερον
649 1173 719 1249 μετὰ
748 1179 924 1253 προσγραρῆς
955 1178 1038 1232 ταῦτα
1068 1173 1306 1253 παραλαμβάνων,
1336 1171 1383 1234 καί

76 1291 160 1366 αὖθις
187 1294 334 1368 ἀποδιδοὺς
360 1297 417 1368 τοῖς
442 1295 539 1374 χρείαν
566 1296 657 1373 ἔχουσι
684 1295 784 1354 τούτων
813 1295 997 1374 διακονηταῖς,
1026 1293 1065 1366 είς
1092 1315 1122 1354 τε
1144 1295 1194 1367 τόις
1215 1295 1383 1372 γεηπονικδις

75 1416 128 1476 καί
157 1417 258 1489 λοιπάς
286 1416 412 1489 δουλείας
434 1423 484 1493 τῆς
511 1422 607 1498 μονῆς,
637 1419 674 1489 ὡς
698 1419 731 1474 ἂν
755 1415 857 1492 εἴδησιν
888 1417 941 1498 ἔχῃ
964 1417 978 1474 ό
1001 1419 1131 1496 τοιοῦτος,
1157 1419 1222 1477 ποῖα
1244 1416 1292 1476 καί
1312 1419 1383 1476 πόσα

76 1545 135 1596 τῶν
170 1540 328 1620 προσρόρων
362 1539 516 1620 ἐργαλείων
551 1541 657 1617 ἑκοίοτῳ
690 1542 810 1618 πρόσεισι
843 1544 897 1598 τῶν
931 1538 1107 1614 διακονητῶν.
1157 1542 1203 1598 τοῦ
1237 1541 1317 1598 αθτοῦ
1351 1537 1382 1598 δὲ

80 1659 240 1738 δαχειαρίου
264 1663 344 1741 ἔργον
368 1663 442 1721 ἔσται
464 1660 511 1720 καί
534 1662 564 1720 τό
585 1662 630 1721 τόν
653 1661 812 1739 χαλκευιην
835 1660 971 1739 ἐπιτηρεῖν
993 1666 1043 1736 τῆς
1066 1667 1162 1736 μονῆς.

187 1781 240 1841 κε’.
277 1783 440 1860 Ἀναγκαῖόν
471 1803 516 1858 μοι
546 1781 593 1842 καί
622 1787 676 1841 τῶν
706 1781 802 1842 ἄλλων
834 1783 1031 1857 ἐπιμνησθῆναι
1060 1781 1218 1862 διακονιῶν,
1249 1775 1306 1841 οἷον
1335 1782 1381 1840 τόν

80 1905 258 1983 ὡρεισίρισνί)
286 1902 354 1982 ρημί
381 1903 428 1962 καί
455 1905 501 1962 τόν
528 1903 731 1984 ἀποθηκοίτορα,
760 1899 838 1962 ἀλλά
864 1903 897 1978 δὴ
926 1901 972 1962 καί
998 1903 1059 1975 τοὺς
1083 1905 1290 1983 στρατοκόπους.
1335 1907 1382 1961 τοῦ

81 2025 159 2102 ἔχειν
185 2031 292 2105 πρῶτον
320 2025 371 2100 μὲν
392 2027 438 2084 τόν
461 2025 543 2104 φόβον
565 2029 612 2085 τοῦ
635 2026 697 2085 θεοῦ
719 2024 766 2084 καὶ
788 2025 859 2084 κατὰ
880 2027 925 2084 τόν
950 2019 1017 2110 [τοῦ]
1030 2023 1053 2100 ²)
1076 2030 1246 2104 προεστῶτος
1269 2024 1380 2104 όρισμδν

83 2147 191 2205 ἅπαντα
217 2149 303 2206 ποιεῖν
331 2147 360 2205 έν
386 2167 417 2206 τε
443 2151 476 2229 τῇ
505 2146 603 2226 είσόδῳ
630 2145 677 2206 καί
705 2144 804 2226 ἐξόδῳ,
831 2148 919 2206 πάντα
946 2147 1037 2225 μέτρῳ
1065 2145 1187 2206 δίδοσθαι
1213 2144 1260 2206 καί
1289 2147 1381 2226 μέτρῳ

83 2267 252 2346 λαμβάνειν,
287 2270 325 2339 ώς
354 2289 406 2328 που
437 2266 499 2347 ρησί
529 2269 559 2328 τδ
593 2267 665 2348 ἱερόν
699 2269 877 2348 εθαγγέλιον,
912 2269 951 2328 ότι
981 2268 1033 2348 ,,έν
1064 2262 1086 2348 ᾧ
1120 2270 1212 2348 με’τρῳ
1246 2269 1379 2347 μετρεῖτε,

83 2389 340 2470 ἀντιμετρηθήσεται
363 2391 454 2466 ὑμῖν“.
489 2391 536 2451 καί
558 2391 630 2450 κατὰ
651 2393 700 2466 τὴν
723 2393 875 2467 συνήθειαν,
898 2393 932 2467 ἢν
954 2391 1129 2471 παρελάβετε
1151 2389 1215 2469 παρ’
1233 2389 1305 2470 ἐμοί,
1332 2391 1381 2464 τὴν

84 2512 188 2571 ἀνωθεν
220 2513 489 2592 παρακολουθοῦσαν,
520 2514 590 2572 οῦτω
618 2515 730 2594 ποιεῖτε,
761 2511 808 2572 καί
831 2509 861 2572 εὖ
885 2514 953 2573 ἔστω
980 2513 1051 2589 θμῖν.
1097 2511 1122 2571 εἰ
1149 2512 1174 2572 δ’
1192 2511 1257 2584 ἴσως
1283 2533 1323 2584 τις
1351 2509 1383 2585 ἐξ

83 2633 158 2708 Ιὐμῶν
185 2633 259 2713 παρὰ
285 2635 398 2711 γνώμην
424 2638 471 2694 τοῦ
497 2639 666 2713 προεστῶτος
692 2633 782 2710 ποιοίη
810 2633 857 2695 καί
883 2637 1027 2713 νοσρισμός
1054 2655 1095 2706 τις
1120 2634 1225 2713 γίνεται
1252 2633 1305 2694 ἀπό
1327 2639 1381 2694 τῶν

83 2755 261 2815 ἀνατιθέντων
277 2755 359 2834 αθτῳ,
382 2755 509 2827 ὑπόδικος
530 2757 604 2816 ἔσται
619 2763 652 2838 τῇ
669 2757 739 2837 ἁγνῇ
756 2757 910 2835 θεομήτορι,
935 2757 979 2835 ἀρ’
991 2751 1025 2831 ἧς
1041 2757 1094 2836 ἄρα
1108 2753 1156 2814 καί
1170 2757 1220 2831 τὴν
1241 2755 1381 2816 διακονίαν

84 2876 253 2956 παρέλαβεν,
276 2877 466 2955 ἀποσχόμενος
480 2878 625 2956 προθθμως
640 2875 687 2936 καί
703 2875 813 2948 ἀδόλως
834 2876 1001 2952 διακονῆσαι.
1035 2877 1112 2936 ἀλλὰ
1134 2876 1181 2936 καί
1204 2877 1218 2935 ό
1240 2876 1381 2956 προεστώς
1431 2903 1433 2907 ·

85 3002 176 3057 τοῦτον
200 2997 250 3074 μὲν
267 2997 385 3074 ἐκβαλεῖ
399 3005 448 3074 τῆς
471 2998 620 3078 διακονίας,
642 2996 689 3057 καί
712 2999 801 3058 ἄλλον
824 2999 881 3058 ἀντ’
895 2998 998 3057 ἐκείνου
1021 3004 1129 3069 πάντως
1151 2999 1380 3079 προβλήσεταιί).

84 3119 120 3198 τῷ
145 3119 176 3179 δὲ
199 3119 325 3191 ῦποθλως
347 3119 512 3180 διακονοῦντι
536 3121 679 3195 δοθήσεται
703 3119 834 3196 ἐπιτίμιον
858 3121 887 3178 ἐν
910 3119 984 3200 ἄρτῳ
1005 3117 1052 3180 καί
1074 3119 1149 3179 θδατι
1172 3120 1244 3180 κατὰ
1265 3121 1314 3196 τὴν
1333 3125 1380 3181 τοῦ

85 3241 244 3320 σροῖλματος
267 3240 414 3319 ἀναλόγως
436 3244 580 3320 ποσότητα.
1166 3322 1168 3326 Ι

187 3361 247 3438 κς’.
273 3362 366 3440 Ἐπὶί)
390 3364 422 3423 δὲ
438 3365 540 3436 τούτοις
555 3363 601 3424 καὶ
620 3367 697 3424 τοῦτο
719 3365 780 3440 ὑμῖν
804 3363 1000 3439 διακελεύομαι
1022 3363 1078 3436 τοῖς
1098 3363 1176 3438 ἐμοῖς
1196 3365 1312 3443 πατράσι
1334 3361 1381 3424 καί

85 3485 224 3565 ἀδελφοῖς,
252 3487 289 3556 ὡς
317 3487 349 3544 ἂν
377 3485 419 3562 ε’ίη
448 3492 528 3546 πᾶσιν
555 3487 572 3560 ἡ
602 3487 667 3560 αθτὴ
695 3488 778 3566 τρορή
805 3505 836 3545 τε
863 3484 910 3546 καί
936 3488 1028 3556 πόσις·
1058 3487 1156 3561 μόνους
1182 3485 1236 3566 γὰρ
1261 3485 1381 3556 ἐκείνους

85 3607 264 3685 θεραπευτέον
288 3607 316 3665 ἐν
341 3609 425 3668 ἅπασι
447 3606 493 3666 καί
515 3609 740 3686 χειραγωγητέον
764 3606 803 3679 εἰς
826 3605 949 3688 δύναμιν,
981 3608 1037 3667 ὅσοι
1062 3607 1095 3682 δὴ
1118 3608 1265 3686 προρανεῖς
1288 3607 1380 3688 ἀρρω-

84 3728 172 3800 στείας
187 3728 362 3809 περίκεινται,
385 3727 432 3789 καί
448 3727 556 3789 δέονται
577 3731 660 3807 τυχόν
677 3729 722 3787 διὰ
740 3733 817 3789 τοῦτο
841 3729 971 3810 βρώσεως
984 3750 1014 3788 τε
1029 3727 1077 3789 καὶ
1099 3729 1206 3801 πόσεως
1227 3727 1381 3810 κρείττονος

83 3852 147 3930 πρός
169 3849 292 3908 σθστασιν
314 3853 361 3910 τοῦ
383 3851 510 3922 ἀσθενοῦς
533 3851 620 3910 αὐτῶν
641 3848 688 3910 καί
710 3850 884 3931 ταλαιπώρου
907 3853 1046 3926 σώματος·
1070 3853 1148 3910 τοῦτο
1169 3850 1224 3931 γὰρ
1245 3848 1292 3910 καί
1316 3849 1379 3910 δια-

84 3971 197 4052 κρίσεως
213 3966 289 4048 οίμαι
303 3969 351 4032 καὶ
365 3973 414 4047 τὴν
429 3972 577 4048 συνείδησιν
594 3979 648 4031 τῶν
667 3973 773 4032 λοιπῶν
795 3971 936 4052 διατηροῦν
959 3968 1194 4044 ἀσκανδαλίστως.
1226 3971 1251 4031 οί
1265 3971 1380 4050 ἀδελροί

85 4092 114 4152 δὲ
128 4095 208 4168 ἡμῶν
224 4093 250 4153 οἱ
272 4094 405 4174 ἄρρωστοι
428 4093 465 4170 μὴ
489 4097 566 4154 τοῦτο
588 4095 787 4173 τεθαρρηκότες
810 4093 951 4154 ἐκλύουσιν
974 4093 1085 4164 έαυτοθς
1107 4096 1249 4168 ζητοῦντες
1269 4095 1380 4173 περιττοί

84 4235 147 4294 τινα,
175 4213 223 4274 καὶ
251 4216 321 4294 ἅπερ
346 4213 413 4286 ἴσως
436 4215 492 4274 οῦδ
509 4213 549 4287 είς
575 4215 661 4292 ἀκοήν
688 4235 754 4274 ποτε
778 4212 917 4294 ἐδέξαντο,
945 4215 984 4290 μὴ
1007 4217 1048 4274 ότι
1069 4235 1103 4295 γε
1130 4210 1204 4274 είδον
1226 4217 1244 4289 ἢ
1268 4215 1378 4294 έραγον,

90 4336 158 4396 ’λλθ
188 4337 376 4414 ουνεχέτωσαν
403 4338 513 4409 ἑαυτοθς
540 4335 587 4396 καί
618 4337 842 4397 ουστελλὲτωσαν
872 4337 1033 4415 ἀρκοῦμενοι
1061 4336 1175 4408 ἐκείνοις
1202 4335 1248 4396 καί
1276 4337 1378 4414 μόνοις,

86 4449 122 4530 οῖς
144 4459 198 4538 ἄρα
219 4459 237 4532 ἡ
259 4461 306 4518 τοῦ
328 4462 423 4538 καιροῦ
445 4460 491 4518 καί
513 4465 563 4532 της
587 4459 713 4538 εθπορίας
734 4465 784 4534 τῆς
807 4464 893 4537 μονῆς
915 4459 1045 4540 περιφορὰ
1067 4459 1205 4535 τοῦτουςί)
1230 4455 1377 4530 δεξιοῦται·

86 4615 287 4624 ψ.

185 4718 205 4783 ¹)
223 4713 323 4784 όριοίρην
336 4717 367 4767 E.
423 4717 442 4782 ²)
463 4717 660 4784 Supplevimus.
715 4717 735 4784 ³)
755 4715 979 4785 προσβλησεταιΕ.
1032 4718 1053 4784 ⁴)
1067 4715 1116 4768 ἐπεὶ
1129 4717 1160 4767 Ε,
1216 4718 1235 4780 ⁵)
1249 4714 1333 4780 ταύτης
1346 4715 1378 4766 Ε.

1121 4820 1171 4870 27*
