3208 5310
663 717 694 792 I.

122 908 286 1000 Diplomata
309 910 480 984 monasterii
503 909 533 983 S.
552 909 682 995 Mariae,
705 909 776 982 dicti
798 907 958 996 Νυυιιιιιιυ,
982 910 1011 983 ln
1034 911 1133 985 insula
1156 911 1234 986 Chio.

268 1169 296 1234 I.
322 1166 566 1255 (6553-1045)
588 1190 699 1234 mense
721 1167 886 1234 februario
909 1169 974 1234 ind.
999 1169 1093 1234 XIII.

61 1334 186 1402 Imperator
203 1335 397 1388 ίίοτιειακίίαασ
413 1331 606 1390 Μυκοαιαοίιυσ
624 1337 707 1390 donat
726 1336 888 1390 monasterio
908 1335 938 1390 S.
955 1335 1076 1405 Mariae,
1094 1336 1165 1388 ιίίοίο
1185 1337 1328 1406 Neamone,

362 1441 534 1511 σαρίσαρίιιία
558 1441 625 1493 duos
640 1457 761 1493 nummos
776 1457 874 1493 aureos
889 1457 1003 1493 annuos.

62 1620 216 1681 Πιττάκιον
245 1627 302 1682 τοῦ
333 1623 517 1704 μακαρίτου
545 1623 714 1697 βασιλέως
740 1627 838 1704 κυροῦ
865 1623 1115 1684 Κωνσταντίνου
1142 1627 1196 1684 τοῦ
1223 1625 1332 1684 Μονο-

626 1748 743 1823 μάχου.

140 1899 223 1960 Ἶσον
246 1904 303 1960 τοῦ
325 1896 649 1986 καταπεμφθένίτος]
673 1901 764 1961 θείου
783 1899 840 1961 καὶ
856 1901 1012 1976 εῦσεβοῦς
1029 1899 1204 1975 βασιλικοῦ
1219 1921 1332 1962 πιττά-

60 2019 113 2079 ιίου
131 2023 208 2102 προς
223 2022 408 2082 Εῦστάίλιον
423 2022 624 2102 βεστοίρχην,
649 2021 702 2082 ἐπὶ
716 2027 772 2084 τοῦ
786 2028 948 2093 κοιτῶνος
962 2019 1018 2081 καὶ
1035 2019 1163 2082 εἰδικον
1179 2019 1244 2108 [διὰ
1259 2019 1333 2108 τ]“ην

62 2140 84 2197 ἐν
100 2147 133 2222 τῇ
153 2143 220 2222 Χίῳ
243 2147 409 2202 συστᾶσαν
431 2144 535 2222 εῦαγῆ
558 2142 647 2202 Νέαν
666 2145 779 2218 Μονὴν
803 2144 891 2224 παρὰ
912 2149 975 2202 τῶν
997 2143 1252 2218 εῦλαβεοτάτων
1276 2165 1334 2219 μο-

61 2269 146 2340 ιιγῦν
160 2263 292 2339 Νικήτα
315 2267 370 2324 καί
386 2263 542 2324 Ἰωάννου
559 2260 637 2350 ίτὴν]
653 2263 709 2325 καὶ
732 2263 784 2326 ἐπ’
796 2264 934 2340 ὀνόματι
952 2261 1166 2350 [τιμωμένην]
1182 2271 1240 2342 τῆς
1264 2262 1334 2325 ἀει-

60 2385 197 2462 τορθένου
219 2383 278 2444 καὶ
301 2386 519 2466 ίλεομήτορος.

143 2513 158 2582 †
181 2508 338 2568 Ἐτίνιτωσεν
364 2508 382 2582 ἡ
410 2507 537 2582 βασιλεία
565 2527 616 2584 μου
643 2506 797 2582 λαμβάνειν
826 2503 886 2592 [τὴν
914 2509 943 2568 ἐν
970 2513 1003 2590 τῇ
1029 2507 1088 2589 Χίῳ
1113 2509 1188 2589 παρὰ
1211 2516 1263 2568 τῶν
1287 2509 1335 2567 εῦ-

62 2623 214 2700 λαβεστάτων
246 2634 379 2706 μοναχῶν
407 2628 515 2703 Νικήτα
543 2627 590 2687 καὶ
613 2629 742 2688 Ἰωάννου
772 2633 903 2688 συστᾶσαν
935 2631 1022 2707 εῦαγῆ
1048 2629 1124 2689 Νέαν
1152 2631 1258 2709 Μονήν,
1288 2631 1337 2704 τὴν

62 2745 95 2805 κυῖ
118 2750 156 2808 ἐπ’
178 2750 292 2824 ὀνόματι
323 2751 479 2826 τιμωμένην
505 2755 555 2825 τῆς
583 2749 760 2828 ἀειταρῦένου
786 2749 832 2810 καὶ
860 2747 1038 2836 θεομήτορος]
1069 2751 1181 2826 ἐτησίοις
1208 2752 1261 2810 ἀπὸ
1289 2751 1338 2828 τῆς

63 2872 191 2947 ονμλήτου
213 2874 296 2952 λόγῳ
320 2872 404 2952 μάγος
426 2872 581 2947 νομίσματα
604 2871 795 2948 ἑβδομήκοντα
819 2872 865 2932 δύο
887 2870 935 2932 καί
956 2873 1066 2933 κελεῦει
1089 2893 1130 2932 σοι
1150 2879 1338 2952 καταοτρῶσοιι

61 2992 96 3064 τὴν
114 2993 256 3069 ἐνομασίαν
281 2994 369 3054 αὐτῶν
379 2994 401 3070 ¹)
422 2995 451 3053 ἐν
466 2997 522 3065 τοῖς
537 2993 660 3072 χαρτίοις
675 2997 722 3053 τοῦ
737 2995 787 3052 tm
804 2989 858 3080 [σὲ]
868 2991 893 3078 ²)
910 2987 1048 3075 σεκρέτου,
1073 2995 1137 3054 ένῦοι
1153 2993 1180 3053 αἱ
1196 2995 1337 3070 ὀνομασίαι

62 3111 193 3192 Ξιέρχονται
214 3122 271 3176 τῶν
294 3116 552 3197 πρωτοσταθαρίων,
577 3119 750 3196 μεταγράψαι
773 3115 804 3174 δὲ
826 3114 873 3175 καὶ
889 3116 919 3175 io
933 3117 1019 3196 παρὸν
1033 3119 1171 3176 πιττάκιον
1185 3115 1232 3175 καὶ
1245 3117 1337 3176 τοῦτον

61 3233 159 3296 ἶείωτσν
180 3237 339 3320 ῦτιογραρὲν
361 3239 436 3318 παρὰ
458 3243 505 3298 σοῦ
526 3259 557 3298 τε
579 3237 626 3298 καὶ
648 3243 702 3296 τῶν
725 3238 774 3298 ὑπὸ
798 3238 828 3297 σὲ
852 3243 1017 3318 σεκρετικῶν
1040 3233 1110 3323 [καὶ]
1131 3235 1265 3298 ἐπιδοῦναι
1281 3242 1336 3311 τοῖς

60 3361 97 3428 τῆς
116 3365 196 3436 μονῆς
218 3359 352 3438 ἀδελφοῖς
375 3357 415 3432 εἰς
438 3357 541 3420 οἰκείαν
564 3359 725 3438 ἀσφάλειαν.
750 3357 828 3434 μηνὶ
850 3357 1059 3440 φεβρουαρίῳ
1084 3357 1142 3420 tva.
1168 3359 1206 3438 ιγ’
1231 3365 1256 3438 †.

144 3481 368 3556 ῩΕῦστάθιος
391 3480 594 3560 βεστάρχης,
619 3479 671 3539 ἐπὶ
693 3484 749 3540 τοῦ
772 3485 932 3551 κοιτῶνος
954 3479 1010 3539 καὶ
1034 3479 1161 3550 είδικὸς
1185 3485 1210 3556 γ.

144 3607 159 3678 †
183 3604 279 3663 Λέων
306 3601 480 3681 πατρίκιος
507 3600 563 3662 καὶ
588 3599 855 3682 πρωτονοτάριος
882 3606 936 3660 τοῦ
958 3602 1116 3682 οεκρέτου
1138 3605 1192 3660 τοῦ
1215 3602 1338 3661 σακελ-

61 3719 156 3799 λαρίου
178 3729 204 3802 †.

144 3845 329 3924 ίΜιχαὴλ
350 3845 660 3924 πρωτοσπαῦάριος,
692 3841 744 3904 ἐστὶ
766 3846 821 3903 τοῦ
843 3843 1132 3924 χρυσοτρικλίνου,
1161 3845 1339 3920 βασιλικὸς

63 3968 190 4046 νοτάριος
212 3971 270 4028 τοῦ
294 3963 423 4026 εἰδικοῦ
444 3967 638 4044 λογοθέτου,
670 3965 787 4045 κριτὴς
808 3969 864 4025 τοῦ
887 3965 1001 4045 βήλου,
1026 3965 1079 4026 ἐπὶ
1102 3969 1158 4025 τοῦ
1179 3973 1339 4038 κοιτῶνος

62 4083 103 4143 καὶ
122 4086 172 4148 ἐπὶ
191 4095 252 4166 τῆς
274 4090 513 4160 καταστάσεως
535 4093 561 4164 †.

144 4217 160 4286 †
183 4209 372 4282 Βασίλειος
386 4209 697 4290 τρωτοοταθάριος,
714 4207 768 4267 έπὶ
783 4211 837 4268 τοῦ
851 4208 1138 4289 χρυσοτρικλίνου,
1154 4209 1269 4289 κριτὴς
1285 4209 1340 4268 ἐπὶ

63 4335 103 4387 τοῦ
120 4331 337 4412 ἱπποδρόμου,
361 4329 539 4405 βασιλικὸς
562 4332 714 4409 νοτάριος
736 4333 791 4388 τοῦ
811 4328 936 4390 εἰδικοῦ
951 4329 1133 4408 λογοθὲτου
1148 4329 1204 4390 καὶ
1220 4351 1338 4405 μυστο-

63 4449 162 4532 υείοι
183 4459 209 4532 ί·

65 4605 245 4620 ““-·---ι

147 4715 164 4778 ¹)
183 4711 265 4770 αὐτοῖς
287 4711 365 4770 Sak.;
383 4725 473 4776 apogr.
493 4703 587 4768 αὐτοῦς.
661 4709 681 4774 ²)
701 4709 844 4775 Supplevit
861 4709 923 4759 Βοιλ.
