3246 5288
223 347 287 411 448

225 544 347 622 παρέσχε
364 543 532 623 διοριζομένη
555 543 601 603 καί
618 544 684 620 αθιη
708 541 753 604 διά
767 545 859 604 τούτου
874 546 905 604 τδ
919 546 1028 625 ποίγιον,
1052 544 1254 624 ἀναμφίλεκτον
1273 537 1320 604 καί
1344 545 1532 605 ἀστασίαστον

225 663 405 746 ἀποφέρεσθαι
434 665 468 725 τά
497 671 546 742 τῆς
576 663 727 739 διατάξεως
756 672 809 726 τῶν
838 667 1039 748 τριομανιαρίων
1070 667 1181 727 ἐκείνων
1208 667 1336 747 κτιτόρων
1357 673 1406 743 τῆς
1430 667 1460 727 ἐν
1488 673 1528 746 τῇ

225 789 301 892 νήσῳ
322 786 381 866 Χίῳ
404 787 479 859 Νέας
502 789 609 866 Μανῆς,
640 788 751 864 μᾶλλον
775 787 806 848 δὲ
827 795 881 848 τῶν
904 793 1004 868 μονῶν,
1035 795 1085 864 τῆς
1107 809 1137 848 τε
1160 787 1200 860 είς
1223 789 1387 870 ἀσκηιηριον
1410 789 1528 870 ἀνδρῶν

225 909 355 982 πνεύματι
378 910 492 981 ζεόντων
507 909 554 970 καὶ
569 909 608 987 τῷ
622 909 706 988 κυρίῳ
730 913 777 985 ζῆν
800 912 1046 990 προτεθνμημένων
1071 911 1104 970 ἐκ
1125 909 1264 992 κρηπίδων
1289 910 1376 970 αἰπῶν
1398 911 1525 990 ἀνεγερ-

225 1030 317 1105 θείοης
346 1031 393 1090 καί
422 1037 472 1107 τῆς
501 1029 541 1102 εἰς
567 1035 773 1111 κατοικητήριον
795 1039 931 1112 γυναικῶν
954 1037 1063 1108 σεμνῶν
1085 1030 1132 1093 καί
1154 1032 1294 1111 παρθένων
1318 1029 1349 1104 ἐξ
1372 1035 1460 1092 αίιτῶν
1487 1033 1525 1107 δὴ

112 1198 123 1222 .
224 1157 279 1212 τῶν
308 1152 444 1228 θεμελίων
475 1154 640 1230 δομηθείοης
668 1155 697 1214 ἐν
720 1146 764 1227 αἶς
786 1155 975 1236 ῳυλοσοφεῑτσιι
998 1154 1050 1230 μέν
1072 1159 1145 1215 πᾶσα
1168 1151 1252 1235 ἀρετὴ
1275 1152 1323 1214 καί
1344 1159 1399 1228 πᾶς
1420 1157 1527 1236 τρόπιος

226 1271 369 1350 ἀσκήσεως
399 1275 597 1352 ἐκπαιδεθεται,
628 1277 787 1351 ἀτιμάζεται
817 1277 848 1337 δὲ
877 1283 930 1337 πᾶν
959 1281 990 1338 τό
1016 1279 1138 1358 περιττόν
1160 1275 1208 1338 καί
1230 1277 1296 1358 θπέρ
1317 1278 1367 1352 τὴν
1389 1277 1526 1358 χρείαν.“

331 1403 501 1474 ommium
528 1405 676 1476 Nicephori
703 1405 870 1460 Βοόανιίαίασ
903 1405 972 1460 anni
1001 1407 1084 1460 1079
1113 1405 1168 1476 (ινα.
1185 1405 1236 1476 VJ)
1265 1405 1422 1460 ωσπόίαποω
1446 1405 1527 1474 saci!

225 1530 321 1578 auctor
342 1531 431 1580 noster
448 1541 481 1596 p.
500 1528 550 1582 80.
582 1527 729 1598 Postquam
752 1533 842 1585 autem
860 1533 957 1598 patres
979 1527 1082 1582 όυίίιιηι
1104 1527 1314 1598 oonfirmaiionii
1333 1529 1527 1582 obtinuenini:

225 1639 308 1700 πάλιν
324 1635 403 1719 είχαν
419 1639 545 1712 καποίοιις
568 1641 724 1716 δυσκολίαις
747 1641 786 1714 είς
808 1644 839 1703 ιδ
854 1643 888 1702 νόι
909 1642 1088 1718 λαμβάνωσιν
1103 1643 1133 1703 τό
1149 1645 1341 1719 τετυπωμένον
1362 1643 1524 1721 σολέμνιον,

206 1753 300 1823 Ιιὶισόιν
315 1763 381 1822 όποθ
395 1781 461 1824 ποτε
485 1763 535 1839 μὲν
555 1767 781 1845 προφασιζόμενοι
804 1765 912 1844 ἐκεῖνοι,
936 1766 1003 1825 όποῦ
1024 1761 1089 1841 ἦτον
1112 1765 1283 1846 διωρισμένοι
1306 1765 1341 1825 νάι
1361 1761 1396 1826 τά
1418 1763 1524 1844 δίδσυν,

226 1885 257 1944 τδ
279 1883 484 1966 ἀργοπορσῡοαν
503 1883 549 1946 καὶ
570 1883 610 1958 είς
630 1887 677 1946 τδν
699 1885 874 1964 διωρισμένον
896 1889 990 1967 καιρόν
1013 1887 1060 1947 δέν
1083 1888 1113 1947 τδ
1136 1887 1239 1968 ἔδιδαν,
1262 1885 1330 1948 ποτέ
1353 1887 1386 1947 δέ
1408 1887 1440 1958 έζ
1476 1907 1525 1945 ουν

226 2005 280 2066 ἀπδ
309 2005 370 2076 τοὺς
400 2006 538 2084 μοναχοὶις
567 2007 692 2067 κανίσκια
715 2007 759 2067 διά
781 2007 817 2067 νόι·
836 2008 870 2068 πά
893 2005 1005 2088 δώσουν,
1036 2009 1116 2086 ἔτυχε
1138 2007 1170 2069 δέ
1192 2009 1253 2068 τότε
1276 2008 1310 2067 νόι
1333 2008 1428 2090 στειλη
1458 2007 1542 2083 κατ’Ι

227 2127 338 2208 ἄγνοιαν
367 2122 415 2188 καί
445 2125 597 2210 έξορίστους
623 2123 780 2206 ἀνθρώπους
802 2127 842 2202 είς
862 2130 912 2204 τὴν
940 2131 1024 2206 μονὴν
1056 2131 1070 2189 ό
1094 2129 1225 2204 βασιλεὺς
1254 2129 1344 2208 αδτός,
1377 2129 1420 2188 διά
1442 2133 1523 2190 τοῦτο

226 2249 405 2330 ἀναφέροντες
428 2248 503 2310 αθτοί
524 2251 550 2311 οί
573 2249 690 2330 μοναχοί
713 2249 753 2322 εἰς
776 2252 855 2312 αδτδν
877 2251 922 2311 τδν
953 2250 1071 2326 βασιλέα
1092 2250 1141 2312 καί
1164 2251 1267 2327 ἔλαβον
1289 2253 1354 2332 παρ’
1372 2252 1452 2310 αὺτοῦ
1473 2249 1523 2310 καὶ

228 2370 318 2432 ἄλλον
339 2371 556 2454 χρυσόβουλλον,
587 2371 631 2433 διὰ
652 2375 699 2432 τοῦ
721 2371 813 2434 ὁποίου
836 2372 976 2452 όιορθὼνει
997 2371 1052 2432 όλα
1074 2374 1151 2453 αθτσί,
1183 2373 1252 2433 οθτω
1274 2373 1522 2452 προοιμιαζόμενος

229 2493 259 2554 έν
289 2491 376 2572 αίντῷ·
399 2493 446 2574 „oi
475 2489 514 2570 τῷ
544 2492 609 2574 ίερῷ
638 2494 829 2576 φροντιοτηρίῳ
850 2500 900 2570 τῆς
923 2493 952 2553 έν
976 2489 1031 2580 [τῇ]
1056 2493 1115 2574 Χίῳ
1137 2495 1198 2576 Νέᾳ
1221 2495 1301 2577 δίονῇ
1326 2495 1523 2571 ἐνασκοθμενοι

229 2616 329 2687 ζῶντες
358 2615 410 2691 μὲν
431 2615 502 2674 κατά
532 2616 617 2690 μόνας
647 2613 702 2694 θεῷ
723 2614 770 2676 καὶ
793 2615 852 2692 βίον
873 2615 986 2693 ἡσύχιον
1008 2614 1055 2674 καί
1078 2615 1241 2696 ἀπράγμονα
1265 2616 1387 2693 ἔχοντες,
1418 2617 1521 2696 πόρρου

229 2736 261 2797 δέ
275 2740 413 2812 κοσμικῶν
436 2735 557 2816 θορύβων
572 2734 682 2814 καὶτῆς
705 2737 734 2796 έν
758 2736 809 2817 βίῳ
824 2737 981 2816 συγχύσεως
1004 2735 1188 2815 διαμένοντες,
1212 2738 1251 2809 ὡς
1273 2737 1303 2796 τδ
1318 2737 1520 2817 ἀπερίσπαστον

228 2856 276 2920 καί
291 2855 440 2940 ἀμέριμνον
456 2858 604 2938 εὑρηκότης
619 2857 672 2919 ἀπό
687 2864 741 2919 τῶν
756 2860 909 2938 προσόντων
924 2857 963 2936 τῷ
977 2859 1039 2918 κατ’
1051 2857 1145 2929 αθτοίις
1164 2857 1282 2938 σεμνείῳ
1303 2847 1519 2939 χρυσοβοθλλων

230 2979 364 3060 διαφόρων
379 2981 458 3040 αθτοῠ
479 2999 510 3040 τε
531 2983 577 3041 τοῦ
599 2975 723 3056 ἀοιδίμου
743 2979 880 3056 βασιλέως
895 2983 941 3040 τοῦ
956 2977 1127 3058 Μονομοίχου
1140 2977 1187 3038 καί
1202 2977 1323 3055 καθεξῆς
1340 3025 1348 3042 .
1365 3026 1373 3041 .
1392 3026 1400 3041 .
1416 2981 1469 3040 ἀπό
1484 3001 1518 3057 γε

229 3109 279 3181 τῆς
301 3104 420 3184 σήμερον
441 3099 489 3162 καί
510 3099 630 3178 καθεξῆς
651 3105 697 3162 τοῦ
719 3102 825 3181 λοιποῦ,
848 3101 965 3179 ὁπηνίκα
985 3107 1035 3178 τῆς
1056 3101 1201 3182 ὑπερορίας
1223 3101 1408 3177 ἀνακληθείεν
1431 3097 1468 3186 [οἱ
1489 3101 1519 3161 ἐν

229 3231 263 3308 τῇ
285 3230 355 3308 μονῇ
379 3219 520 3309 έξόριοτοι]
546 3224 729 3304 ἐλευθεριάσει
751 3225 860 3284 πάντων
875 3224 893 3298 ἡ
910 3221 979 3299 μονὴ
994 3223 1092 3282 τέλεον
1107 3219 1154 3282 καί
1170 3217 1223 3282 ἀπό
1239 3229 1290 3298 τῆς
1304 3227 1360 3282 τῶν
1377 3219 1519 3302 έξορίστων
1619 3255 1620 3276 ;

231 3345 370 3427 ἐπηρείας,
399 3347 490 3424 ὥσπερ
521 3345 555 3420 δὴ
585 3345 631 3406 καὶ
660 3343 754 3406 πασῶν
784 3351 838 3405 τῶν
868 3343 965 3405 ἀλλων
996 3342 1161 3423 ἐπηρειῶν.“
1209 3351 1328 3404 &mm
1349 3367 1402 3404 παι
1427 3369 1520 3422 pauca
1619 3375 1620 3378 ι

134 3437 136 3441 ’
230 3474 346 3529 mxii
369 3471 510 3529 ωωυιω
539 3475 568 3528 νη
597 3473 743 3544 diffamia
773 3473 820 3529 νι.
866 3474 921 3527 ιω
950 3464 1061 3540 ὀνόματι
1091 3472 1110 3526 ι.
1137 3473 1177 3525 ιν
1205 3449 1310 3525 πανίαν
1331 3465 1369 3543 τῷ
1399 3465 1517 3540 evim
1619 3435 1620 3470 ί

231 3594 434 3668 Αμορισρίιιωι,
458 3611 491 3650 σα
513 3611 564 3666 quo
586 3595 671 3650 edidit
691 3601 764 3663 αοισ,
788 3595 920 3648 scribebat
942 3593 961 3648 l.
981 3595 1021 3648 17
1042 3588 1098 3658 τοῖς
1111 3587 1172 3646 κατ’
1188 3585 1283 3657 αίιτοίις
1300 3631 1307 3647 .
1324 3633 1331 3648 .
1351 3583 1519 3662 ,ἀπολείψει

231 3719 250 3773 l.
277 3719 317 3773 18
346 3709 494 3791 διολυτρῶν
601 3709 685 3793 ἐνιῇ
713 3709 782 3792 δόγᾳ
811 3710 910 3770 τούτων
940 3709 991 3790 πρό
1013 3712 1059 3768 τοῦ
1089 3709 1280 3788 σπαθαράτων.
1325 3715 1358 3770 P.
1384 3717 1412 3784 9,
1436 3713 1456 3770 l.
1481 3717 1518 3769 15
1619 3779 1620 3784 1

230 3835 369 3915 πράγματι
398 3837 452 3892 τῶν
481 3853 526 3913 πρ.
571 3838 615 3893 Λα
643 3837 790 3910 όαραιόιιω,
820 3843 852 3892 ui
880 3837 1020 3908 superius.-
1049 3832 1185 3908 τάγματιί
1230 3836 1262 3890 P.
1288 3837 1316 3905 9,
1347 3836 1366 3891 l.
1393 3837 1413 3890 6
1439 3829 1516 3908 αῐπῳ,
1619 3821 1620 3848 ¹

230 3960 250 4017 ό.
277 3963 295 4016 7
316 3953 370 4015 τῶν
399 3957 516 4036 χρόνων,
545 3961 564 4016 l.
589 3961 631 4016 23
654 3959 683 4016 S.
711 3960 796 4014 scribe
824 3953 924 4032 κόρσης
945 3964 976 4013 ui
1006 3975 1094 4029 ιυμνα
1111 3974 1143 4028 p.
1169 3961 1197 4026 4,
1229 3957 1248 4012 ί.
1273 3959 1314 4011 29
1343 3950 1516 4032 συννοταρίων

230 4089 261 4139 iit
282 4100 379 4155 ιιιμνα.

335 4206 368 4264 P.
388 4207 415 4276 7,
439 4205 458 4261 l.
476 4207 496 4260 9
519 4199 601 4274 σίντης
623 4221 692 4259 σαν.
715 4201 744 4260 S.
768 4221 801 4258 οισ
823 4196 903 4256 αθτοθ
925 4207 950 4257 ιι
972 4201 1051 4257 &16
1067 4200 1127 4271 ῥινί
1146 4217 1198 4272 pro
1219 4195 1409 4272 προσμένουσι.
1444 4199 1463 4254 l.
1481 4201 1515 4254 17

231 4347 326 4402 αρορν.
351 4319 475 4396 ἐξουσίας
497 4345 566 4383 οων.
585 4327 614 4382 S.
637 4327 656 4382 ί.
677 4329 717 4381 18
732 4325 856 4396 forsitan
877 4319 895 4394 ἢ
918 4315 965 4378 καί
988 4317 1020 4376 ἐκ
1044 4323 1073 4380 S.
1097 4321 1116 4377 l.
1135 4323 1176 4378 20
1199 4315 1252 4374 ἀπδ
1275 4317 1321 4374 τοῦ
1343 4333 1376 4392 γε
1401 4339 1471 4375 σοιν.
1488 4319 1512 4376 S.

231 4451 250 4506 l.
276 4453 318 4506 22
341 4451 485 4505 Lacunam
511 4449 692 4504 indicavimus
713 4465 771 4502 πον.
817 4448 850 4501 P.
877 4448 904 4514 8,
928 4445 947 4500 l.
972 4447 1014 4500 20
1043 4435 1225 4518 κεφαλητίων,
1255 4441 1335 4514 υαόρο
1358 4435 1514 4515 κεραλιτιίιν

231 4571 311 4628 ιαπσί
331 4573 361 4626 in
380 4571 510 4627 Βανίίίοίσ
532 4562 696 4644 κεραλιτίων
713 4607 720 4623 .
738 4609 746 4624 .
763 4607 771 4624 .
787 4561 938 4642 κεραλικδς
959 4563 1041 4640 φόρος
1056 4566 1111 4620 vid.
1130 4563 1281 4635 Sophoclem,
1307 4563 1472 4634 Dioiionary
1490 4563 1519 4632 os
1619 4601 1620 4634 i

232 4695 369 4767 δηασιιίίινσ
383 4693 439 4748 and
454 4693 523 4748 ίαιιν
537 4693 616 4766 ρνσοίι
630 4711 653 4746 ι.
668 4709 694 4745 v.
726 4691 777 4745 Nr.
796 4690 862 4758 VII,
881 4707 914 4759 p.
934 4692 982 4758 11,
1006 4688 1025 4742 ό.
1044 4689 1085 4741 22
1101 4693 1167 4756 μανι
1182 4679 1302 4760 δένδρων
1321 4701 1393 4756 ροισι
1409 4703 1512 4740 comma.
