3222 5284
1299 363 1363 428 363

58 557 148 614 τούτου
172 557 374 636 φροντιζοόσης,
398 555 423 617 εί
446 560 484 632 μὴ
507 577 547 629 τις
569 556 597 638 ίῃ
619 557 684 637 παρ’
697 558 795 637 ἑτέρων
819 557 1001 636 παράκλησις.
1041 559 1059 634 ἡ
1083 557 1115 616 δέ
1136 559 1213 629 πόσις
1235 556 1310 634 θμών
1335 557 1362 616 έν

58 681 156 750 πάσαις
180 682 243 751 ταῖς
273 680 363 752 λιταῖς
389 681 506 760 ἡμέραις
529 681 603 740 ἔσται
627 680 696 756 μετὰ
718 685 764 740 τοῦ
794 681 920 755 μείζονος
948 677 1067 759 έξαγίου.
1113 681 1158 740 ὅτε
1182 679 1214 740 δέ
1235 685 1269 761 τῆ
1291 701 1361 759 προ-

60 801 164 881 εοτώση
191 797 276 881 δόξει,
304 799 351 860 καί
374 799 601 880 έπουιξηθὴσεται,
630 801 747 862 καθόσον
771 803 837 885 αθιῄ
861 802 1005 878 βουλητόν.
1050 803 1122 862 κατὰ
1145 801 1176 862 δὲ
1198 802 1229 861 Ιτό
1253 799 1361 862 δεῖπνον

58 927 109 980 τών
133 922 225 982 αίιπών
254 923 366 1003 ἡμερῶν
396 923 613 1003 παρατεθῆσεται
636 924 697 998 ὑμῖν
720 923 802 1003 άρτος
824 921 872 984 καί
901 923 1015 1002 λάχανα
1037 924 1108 984 κατὰ
1130 924 1175 984 τον
1197 924 1292 1004 καιρδν
1315 921 1362 983 καί

59 1043 162 1123 ἐπώραι
196 1041 291 1124 μικραί
305 1044 385 1127 ,κατὰ
414 1046 528 1123 γνώμην
550 1051 600 1121 τῆς
629 1047 817 1124 προεστώσης·
849 1046 880 1105 το
903 1043 934 1104 δέ
956 1065 998 1106 τοι
1018 1048 1095 1124 πόμα
1123 1045 1267 1121 δοθήσεται
1290 1045 1361 1120 μετὰ

61 1169 104 1224 τοῦ
128 1163 261 1240 μείζονος
284 1163 403 1244 έξαγίου.

163 1287 245 1365 Κεφ.
270 1287 333 1362 μί’.
358 1284 440 1368 Ιίερί
461 1293 520 1365 τῆς
543 1287 577 1348 ἐν
599 1293 638 1369 τῇ
661 1287 797 1372 μεγάλῃ
819 1295 1070 1372 τεσσαρακοστῇ
1093 1294 1224 1370 τροφῆς.
1268 1290 1361 1350 Ταῦτα

60 1408 108 1482 μὲν
132 1408 164 1466 ἐν
187 1411 248 1480 ταῖς
274 1409 364 1480 λιταῖς
392 1409 512 1490 ἡμέραις
532 1413 579 1470 τοῦ
611 1409 740 1472 ἐνιαυτοῦ.
786 1411 816 1471 έν
839 1409 870 1470 δέ
892 1431 927 1490 γε
949 1413 1008 1482 ταῖς
1033 1416 1088 1470 τών
1117 1410 1203 1489 άγίων
1232 1417 1361 1488 νηστειῶν

61 1531 108 1606 οίιχ
139 1531 237 1603 οὓτως.
283 1529 330 1590 καί
352 1533 404 1612 πρό
426 1551 460 1610 γε
482 1537 536 1591 τών
567 1530 666 1592 άλλων
688 1532 773 1614 ἑνιῆ
803 1533 898 1614 πρώτη
920 1529 967 1592 καὶ
998 1532 1125 1614 μεγίστῃ,
1155 1527 1190 1609 ῆς
1219 1531 1291 1592 κατὰ
1312 1531 1362 1608 τὴν

61 1653 169 1730 πρώτην
185 1652 293 1732 ἡμέραν
308 1656 357 1729 τῆς
372 1655 481 1732 πρώτης
501 1651 668 1733 ἑβδομάδος,
687 1653 772 1733 ἡγουν
787 1653 859 1714 κατὰ
873 1653 923 1728 τῆν
937 1652 1066 1734 δευτέραν
1082 1654 1148 1729 μήθ’
1159 1653 1360 1734 ίερουργητέον,

62 1775 129 1846 μὴτε
158 1776 300 1854 τραπέζης
322 1777 491 1856 φροντιστέον
513 1778 531 1850 ἡ
555 1775 694 1856 βρώσεως.
739 1777 799 1848 ταῖς
822 1778 914 1852 μέντοι
938 1773 1004 1852 έξῆς
1025 1777 1142 1856 ἡμέραις
1164 1781 1214 1852 τῆς
1235 1777 1362 1851 τοιαύτης

63 1894 219 1972 ἑβδομάδος
241 1895 290 1957 καί
311 1899 447 1978 τράπεζαν
474 1899 643 1980 παραθετέον
666 1897 712 1958 καί
740 1897 870 1979 βρώσεως
891 1897 940 1974 τῆν
969 1897 1131 1979 αἱρουμένην
1158 1897 1360 1980 μεταληπτέον,

62 2019 117 2092 ῆτις
140 2018 175 2078 δὲ
199 2019 272 2080 ἔσται
295 2019 327 2092 ἑξ
353 2013 470 2100 ὀσπρίων
501 2019 657 2100 διαβρόχων
679 2019 755 2080 θδατι
777 2018 824 2080 καί
846 2021 930 2096 ώμών
952 2039 1031 2080 τινων
1053 2021 1195 2099 λαχάνων,
1226 2019 1292 2092 ἴσως
1313 2019 1361 2080 καί

62 2137 186 2218 ὀπωρῶν.
214 2141 291 2216 πόμα
315 2139 347 2201 δὲ
368 2141 462 2202 πίεσθε
482 2141 583 2222 θερμόν
603 2141 676 2222 ίιδωρ
695 2143 798 2222 κυμίνῳ
820 2143 1025 2222 ουνηρτυμένον.
1057 2142 1086 2202 έν
1107 2143 1247 2224 μέντοιτῇ
1266 2162 1360 2223 παρα-

63 2269 143 2344 σκευῇ
169 2263 257 2340 έιβητά
278 2281 337 2322 τινα
362 2262 482 2344 βρωτέον
509 2265 582 2344 ὑμῖν,
613 2262 753 2339 ἐδέσματα
777 2263 833 2343 δθο,
864 2264 895 2323 τδ
918 2264 969 2340 μέν
992 2265 1022 2323 ἓν
1045 2263 1116 2340 μετὰ
1140 2263 1244 2345 ἐλαίου,
1275 2265 1306 2324 τδ
1329 2263 1361 2324 δέ

64 2383 153 2462 ἕτερον
177 2382 264 2464 χωρίς
286 2384 380 2444 ἐλαίου
402 2383 450 2444 καί
472 2379 544 2446 οίνον
573 2385 672 2445 ποτέον
695 2383 765 2460 μετὰ
786 2389 833 2445 τοῦ
856 2384 981 2460 μείζονος
1012 2381 1124 2465 ἑξαγίου
1151 2383 1293 2462 διδόμενον
1317 2385 1362 2446 διὰ

64 2503 108 2578 τὴν
133 2505 230 2586 ἑορτὴν
252 2509 299 2566 τοῦ
329 2505 408 2586 άγίου
430 2507 678 2587 μεγαλομάρπιρος
701 2505 859 2588 θεοδώρου,
888 2509 922 2583 ῆν
944 2508 963 2583 ἡ
985 2513 1146 2588 προεστώσα
1169 2505 1274 2587 ὀφείλει
1298 2507 1359 2568 έπι-

64 2623 152 2686 τελεῖν
184 2633 360 2707 χρεωοτικώς
390 2627 436 2688 καί
466 2628 639 2709 παρακαλεῖν
670 2630 741 2704 ὑμᾶς
771 2629 842 2689 κατὰ
868 2629 916 2705 τὴν
939 2633 986 2690 τοῦ
1015 2629 1154 2704 σαββάτου
1184 2630 1292 2710 ἡμέραν
1313 2627 1362 2688 καί

66 2745 292 2829 δοτροικοδέρμοις
313 2750 362 2824 τὴν
384 2748 559 2829 ἀδελφότητα
581 2751 680 2810 έστιάν.
713 2749 737 2810 εί
760 2749 792 2810 δὲ
813 2752 887 2830 παροί
910 2771 982 2823 τινος
996 2755 1051 2810 τών
1070 2750 1251 2830 φιλοχρίοτων
1266 2752 1359 2832 παρά-

65 2869 160 2944 κλησις
182 2871 300 2952 γένοιτο,
323 2868 371 2932 καί
394 2870 428 2932 δι’
440 2853 539 2950 ίχθίων
563 2872 779 2948 έστιασθὴσεαθε.
810 2873 828 2949 ἡ
845 2872 896 2948 μὲν
912 2871 944 2932 δὲ
965 2869 1059 2953 πρώτη
1077 2871 1199 2948 ἑβδομὰς
1213 2877 1263 2948 τῆς
1279 2873 1361 2951 ἁγίας

65 2989 108 3049 καί
131 2993 261 3072 μεγάλης
283 2998 503 3073 τεσσαρακοστῆς
526 2995 611 3066 οθτως
633 2993 695 3070 ὑμῖν
718 2993 849 3073 άνυέσθω,
871 2993 929 3066 τοῖς
952 2993 983 3054 δὲ
1006 2992 1125 3069 σάββασι
1146 2998 1212 3054 πᾶσι
1233 2991 1280 3052 καί
1301 2995 1362 3066 ταῖς

65 3117 202 3192 κυριοκοιῖς
223 3119 273 3190 τῆς
296 3114 379 3192 αθτὴς
402 3115 483 3195 άγίας
509 3114 635 3191 νηστείας
656 3114 716 3195 τρία
737 3115 926 3194 παρατιθέσθω
949 3115 1010 3190 ὑμῖν
1033 3113 1173 3190 έδέσματα
1195 3113 1361 3195 μαγειρευτά

66 3239 216 3314 μετέχοντα
239 3235 343 3316 ἐλαίου,
368 3236 483 3298 διδόσθω
507 3235 539 3297 δὲ
561 3234 608 3297 καί
624 3233 663 3308 εἰς
677 3237 754 3297 πόσιν
769 3237 799 3296 τδ
823 3236 935 3312 οθνηθες
958 3236 1033 3316 μέγα
1054 3235 1253 3317 κρασοβόλιον·
1281 3237 1312 3296 τό
1335 3233 1360 3295 δ’

67 3357 125 3417 inb
154 3359 271 3438 γινέσθω
300 3357 348 3418 καί
377 3366 410 3442 τη
441 3359 549 3439 τετράδι
578 3365 627 3435 τῆς
658 3357 855 3436 μεαονηστίμου
881 3355 929 3419 καί
954 3364 988 3440 τῆ
1018 3359 1130 3440 πέμπτη
1157 3361 1203 3418 τοῦ
1234 3355 1361 3436 μεγάλου

65 3481 186 3561 κανόνος,
216 3482 276 3552 ταῖς
299 3480 330 3540 δέ
352 3501 387 3558 γε
413 3481 514 3561 τρίταις
535 3477 583 3541 καί
598 3481 746 3556 ,πέμπταις
772 3483 832 3552 ταῖς
860 3479 962 3552 άλλοιις
986 3477 1032 3540 δθο
1055 3477 1106 3555 μέν
1129 3480 1190 3555 ὑμῖν
1221 3478 1361 3554 ἐδέσματα

65 3603 292 3680 παρατεθὴσονται
322 3606 498 3684 μαγειρευτά,
529 3604 669 3683 ἀμφότερα
701 3601 796 3663 ἐλαίου
827 3603 990 3684 μετέχοντα,
1021 3595 1095 3674 σίνος
1117 3599 1148 3661 δέ
1171 3599 1210 3680 τῷ
1234 3600 1360 3661 ἐλάττονι

66 3717 162 3804 έξαγῖιρ
186 3721 370 3804 μετροθμενος
391 3724 441 3797 τὰς
456 3726 548 3800 μέντοι
568 3725 697 3802 δευτέρας
713 3725 759 3786 δθο
777 3723 916 3799 ἐδέσματα
936 3724 1104 3806 μαγειρευτά
1118 3725 1359 3805 παρατεθὴοονται,

65 3837 98 3902 ών
120 3849 150 3906 τό
174 3847 205 3905 έν
228 3845 299 3922 μετά
322 3845 426 3926 ἐλαίου,
453 3849 484 3907 τδ
507 3847 538 3908 δὲ
562 3849 654 3927 ἕτερον
676 3847 771 3908 ἐλαίου
794 3847 932 3926 ἀμέτοχον
955 3844 1002 3906 καὶ
1025 3839 1096 3918 σίνος
1120 3845 1152 3905 δὲ
1173 3843 1212 3926 τῷ
1236 3845 1361 3905 ἐλάττονι

66 3963 163 4047 έξογίῳ
195 3969 387 4050 μετρούμενος,
419 3971 487 4049 ὅπερ
514 3967 570 4029 ἐστὶ
597 3973 644 4029 τοῖν
675 3969 798 4044 μείζονος
820 3969 851 4028 τδ
882 3969 973 4043 ἡμιου.
1019 3962 1068 4040 τὰς
1092 3966 1123 4028 δὲ
1152 3965 1286 4047 τετράδας
1312 3963 1360 4026 καὶ

65 4089 235 4170 παρασκευὰς
257 4091 304 4151 δίο
328 4091 467 4166 ἐδέσματα
490 4091 656 4171 μογειρευιὰ
678 4092 739 4170 μέν,
764 4088 859 4150 ἐλαίου
883 4087 914 4150 δὲ
938 4089 1074 4169 ἀμέτοχα,
1097 4086 1177 4164 καὶὴ
1193 4090 1270 4160 πόσις
1286 4083 1359 4159 σίνος

65 4210 99 4289 τῷ
121 4213 247 4272 ἐλάττονι
278 4209 381 4293 έξαγίῳ
409 4213 602 4293 μετρούμενος.
650 4209 672 4272 εί
697 4211 728 4272 δὲ
752 4211 781 4271 έν
802 4211 926 4303 Ιδευτέρφι
948 4211 1037 4287 τινίὴ
1068 4211 1143 4295 τρίτη
1166 4214 1184 4286 ἡ
1207 4212 1359 4292 πέμπτηὴ

66 4335 190 4413 σαββάτῳ
213 4338 232 4410 ῆ
253 4341 372 4418 κυριακῇ
393 4336 463 4418 τθχη
477 4335 527 4411 τὴν
543 4337 654 4411 μνὴμην
675 4335 836 4415 συνδραμεῖν
852 4339 901 4410 τῆς
916 4335 1050 4414 εὑρέσεως
1065 4338 1115 4408 τῆς
1130 4331 1219 4408 τιμίας
1234 4330 1360 4410 κεφαλῆς

65 4461 106 4516 τοῦ
123 4457 285 4538 Προδρόμου
307 4461 326 4534 ἡ
348 4463 402 4517 τών
425 4457 511 4536 άγίων
526 4459 738 4546 Τεσσαράκοντα
759 4460 777 4533 ἡ
792 4464 842 4533 τῆς
858 4458 954 4537 ἑορτῆς
975 4460 1021 4516 τοῦ
1044 4453 1246 4533 εθαγγελισμοῦ
1261 4453 1308 4513 καί
1324 4453 1359 4514 δι’

66 4577 159 4657 ίχθίνων
183 4581 318 4641 έστιατέον
340 4579 387 4641 καί
411 4579 483 4641 οἴνου
506 4581 672 4656 μεταδοτέον
695 4579 733 4659 τῷ
757 4581 860 4656 μείζονι
876 4575 979 4658 έξαγίῳ
994 4581 1012 4653 ἡ
1028 4575 1135 4637 οίκοθεν
1151 4576 1359 4654 δψωνιζομένων

65 4709 113 4762 τών
136 4703 235 4784 ίχθίιων
257 4707 276 4782 ἡ
298 4703 504 4785 παρακλὴοεως
531 4701 721 4782 στελλομένης
743 4701 818 4784 παρὰ
839 4706 893 4763 τών
917 4699 1109 4782 φιλοχρίοτων,
1142 4696 1167 4760 εί
1189 4697 1221 4758 δέ
1243 4717 1283 4772 τις
1305 4703 1358 4757 τών
