3166 5298
268 347 331 412 120

265 541 304 611 εἰς
333 543 363 602 τδ
394 540 519 615 δηλωθὲν
545 539 664 620 ἀγρίδιον
686 541 821 615 ποσότητα
843 547 895 597 τιῖιν
918 536 945 597 λ’
970 538 1135 618 ὑπερπὺρων,
1159 535 1205 596 καὶ
1227 533 1407 612 οἰκονόμησον
1434 531 1568 611 κατέχεί

264 661 310 722 καὶ
334 661 472 732 δεσπόζειν
496 663 576 737 αὑτὴν
600 662 634 736 δὴ
657 662 705 736 τὴν
728 664 865 736 ποσότητα
888 660 933 719 διὰ
947 660 995 736 την
1011 659 1155 740 περίληψιν
1170 657 1217 719 καὶ
1232 657 1306 738 ἰοχὺν
1321 661 1368 718 τοὺ
1384 649 1568 737 ἐπιχορηγη

266 784 358 854 θέντος
382 785 458 864 αὑτῇ,
482 783 520 854 ὡς
543 782 708 864 δεδήλωται,
730 783 936 862 χρυσοβοὺλλου
958 787 1007 858 τῆς
1023 779 1165 855 βασιλείας
1185 801 1246 862 μου,
1268 783 1335 862 πρδς
1351 779 1383 839 δὲ
1398 780 1453 839 τόν
1476 779 1568 853 δηλιη

264 907 345 966 θέντα
367 905 462 964 σεπτὺν
486 905 611 983 Μαρτῖνοι
633 904 813 984 παραδώσεις,
845 903 937 976 καθὼς
960 902 1073 984 είρηται,
1105 903 1157 964 ἀπό
1178 908 1228 980 της
1251 900 1377 982 ρηθείοης
1400 899 1568 975 οἰκονομία1

264 1030 310 1088 τοῖν
334 1026 469 1102 Ῥωμαίου
493 1026 598 1086 ἐκείνου
620 1033 670 1102 τῆς
691 1031 744 1086 τῶν
768 1027 902 1106 ῥηθέντων
925 1022 952 1085 λ’
976 1025 1131 1106 ὑπερπὺρων
1153 1015 1311 1103 ποσότητος,
1342 1025 1404 1084 όθεν
1429 1023 1495 1083 καί
1525 1021 1568 1088 ἐπέ

265 1147 309 1208 διὰ
331 1150 378 1223 τἠν
401 1149 481 1224 τιμὴν
503 1146 550 1208 καῖ
571 1150 601 1207 τό
624 1147 793 1208 ἀκατόλυτον
816 1151 862 1208 τοῖν
877 1148 1028 1228 προβάντος
1050 1147 1255 1228 χρυσοβοὺλλου
1277 1152 1327 1222 τῆς
1346 1145 1513 1214 βασιλείας
1533 1151 1568 1226 μα,

265 1275 298 1351 τῇ
319 1272 429 1352 τοιαὺτη
452 1275 522 1352 μονῇ
546 1268 622 1330 οὑδὲν
647 1270 706 1346 ’έχει
729 1269 848 1344 δυνατόν,
872 1269 915 1330 ἵνα
938 1269 1025 1344 μηδὲν
1047 1270 1100 1351 ἔχῃ
1122 1269 1170 1343 τὴν
1194 1266 1338 1350 εἰρημένην
1360 1269 1523 1342 ποσότητα
1545 1261 1568 1340 ’ὑ

265 1394 295 1452 τδ
319 1390 445 1467 δηλωθὲν
469 1389 599 1472 ἀγρίδιον,
623 1389 646 1450 εἰ
671 1391 708 1466 μὴ
731 1391 808 1450 θέλει
830 1391 877 1450 καὶ
898 1393 1064 1471 προαιρεῖται
1087 1393 1102 1450 ό
1124 1395 1242 1462 τοιοῦτος
1264 1391 1410 1470 Μαρτῖνος,
1436 1390 1496 1449 ἵνα
1526 1389 1568 1448 ἀνί

265 1515 357 1574 τοὺτου
388 1510 499 1588 δέξηται
528 1513 577 1586 τὴν
600 1512 727 1594 ῥηθεῖσαν
757 1515 895 1587 ποσότητα
927 1512 978 1572 ἀπό
1008 1518 1057 1588 τῆς
1079 1509 1235 1588 οἰκονομίας
1256 1516 1302 1570 τοῖν
1325 1510 1487 1590 Ῥωμαίου,
1526 1509 1568 1586 ἤδη

265 1635 371 1715 καλῶς,
395 1632 418 1694 εἰ
442 1632 467 1693 δ’
480 1631 536 1713 οὑν,
559 1635 590 1694 σὺ
614 1633 664 1709 μὲν
687 1633 808 1713 όρείλεις
830 1633 976 1693 ἀποδοῦναι
998 1636 1066 1714 πρδς
1087 1634 1135 1709 τὴν
1159 1632 1328 1710 δηλωθεῖοαν
1352 1615 1440 1707 μονὴν
1460 1635 1524 1708 τὴν
1541 1629 1568 1710 εὑ

265 1757 295 1816 τδ
319 1755 444 1832 δηλωθὲν
466 1751 586 1836 ἀγρίδιον
609 1759 744 1832 ποσότητα
767 1762 819 1815 τῶν
842 1755 869 1816 λ’
887 1756 1052 1837 ὑπερπὺρων,
1076 1757 1113 1827 ὡς
1136 1754 1280 1835 διορίζεται
1302 1753 1495 1831 νἠβαστιλεία
1515 1759 1568 1830 μιαί

266 1879 346 1951 αὑτός
369 1877 400 1938 δὲ
423 1879 437 1938 ό
460 1876 596 1954 δηλωθεὶς
619 1879 715 1950 σεπτός
731 1871 878 1958 Μαρτῖνος,
902 1877 949 1938 ἐὰν
972 1877 1041 1938 οὑτω
1064 1877 1110 1938 δέν
1133 1878 1202 1958 θέλῃ
1226 1874 1408 1949 ἀναδέξασθαι
1431 1878 1492 1952 τἠν
1516 1869 1568 1942 τοιί

266 2001 355 2076 αὑτην
369 2001 514 2077 ποσότητα,
538 2000 640 2076 μέλλει
663 2001 811 2080 στερεῖσθαι
832 2002 943 2076 ταὺτην·
968 2003 1044 2060 τοῦτο
1068 1999 1098 2059 δὲ
1120 2001 1151 2059 τδ
1170 2000 1281 2075 θέλημα
1302 1996 1348 2058 καὶ
1364 1993 1431 2084 [τόν]
1451 1999 1568 2078 όρισμόί

264 2128 313 2197 τῆς
341 2120 483 2196 βασιλείας
511 2142 562 2197 μου
590 2121 635 2181 καὶ
659 2112 857 2201 ἀποπλήρωσον
880 2121 1074 2201 ἀνυπερθέτως,
1106 2123 1168 2182 Ιἀοον
1192 2120 1334 2200 διορίζεταῖ
1355 2141 1397 2180 σοι
1419 2122 1451 2180 τό
1480 2123 1568 2201 apia*

265 2263 368 2322 ταγμα,
398 2245 413 2302 δ
440 2241 487 2302 καὶ
514 2243 684 2323 ἀντίστρεψον
712 2242 757 2303 ἐπὶ
783 2243 822 2322 τῷ
847 2247 985 2323 προσεῖναι
1010 2251 1043 2326 τῇ
1067 2243 1222 2326 δηλωθεῖση
1251 2250 1320 2326 μονῇ
1349 2243 1395 2302 διὰ
1420 2244 1475 2319 τἠν
1509 2237 1568 2321 περί

266 2365 358 2424 τοὺτου
382 2364 580 2442 ἀνενοχλησίαν
604 2367 686 2441 αὑτῆς
707 2365 754 2425 καί
776 2365 926 2446 ἀσφάλειαν
948 2371 973 2442 ί.
1567 2381 1568 2408 ¹

371 2481 437 2562 †Et

267 2610 314 2667 τό·
339 2609 505 2686 Στὲρανσς
528 2607 697 2689 βασιλεύς,
721 2612 932 2691 αὑτοιιρσῖτωρ
948 2610 1090 2690 Σερβίας
1112 2609 1167 2670 καὶ
1184 2611 1379 2688 Ῥωμανίας,
1404 2609 1486 2686 μηνὶ
1511 2611 1568 2668 δε-

268 2730 417 2808 κεμβρίω
440 2729 463 2788 θ’
487 2733 513 2804 †.

372 2859 515 2912 Ῑοονιιιῖάεσ
531 2859 581 2911 Nr.
604 2860 627 2912 7.

568 3163 679 3229 XXII.
705 3164 780 3229 Sine
803 3188 897 3248 anno,
922 3164 950 3231 8.
975 3168 1093 3231 mensis
1116 3169 1253 3250 augusti.

271 3346 329 3400 Rex
345 3345 497 3419 Stephanus
515 3347 612 3401 Βιιὺαιν
632 3348 710 3402 tertio
729 3349 823 3402 εστιόίί
842 3350 874 3402 de
893 3350 1059 3403 restitutione
1078 3352 1142 3421 αρτό
1156 3350 1223 3404 dicet
1237 3349 1395 3418 Μυποσρίία
1410 3350 1450 3403 ad
1469 3365 1558 3402 πιοιιιι·

853 3455 972 3507 sterium.

582 3654 783 3734 Πρόσταγμα
807 3654 854 3728 εἰς
876 3657 933 3730 τὴν
957 3657 1054 3731 αὑτὴν
1078 3657 1239 3718 ὑπόθεσιν.

370 3831 385 3902 †
409 3827 582 3907 Συμπένθερε
608 3833 659 3903 τἠς
682 3828 827 3903 βασιλείας
854 3849 914 3908 μου,
944 3831 1166 3911 πρωτοσπαθσῖριε
1194 3835 1243 3910 κῦρ
1268 3829 1421 3909 Ἀνδρόνικε
1444 3833 1553 3890 Καντα-

267 3950 390 4023 κουζηνέ.
429 3949 444 4006 ό
466 3947 673 4027 θεοφιλέστατος
697 3943 843 4022 ἐπίσκοπος
857 3952 963 4029 Ζιχνῶν
986 3951 1113 4032 ἀνέφερεν
1138 3949 1175 4024 εἰς
1197 3954 1244 4028 τὴν
1268 3953 1409 4026 βασιλείαν
1433 3974 1494 4030 μου,
1518 3953 1551 4020 ὡς

201 4040 203 4052 .
266 4071 284 4144 ἡ
308 4069 510 4129 ἀποκαθιστᾶοα
537 4069 673 4146 σεβασμία
700 4072 769 4146 μονὴ
796 4073 814 4147 ἡ
842 4071 881 4144 εἰς
905 4073 990 4148 ὄνομα
1012 4076 1152 4150 τιμωμένη
1174 4078 1220 4134 τοὺ
1242 4074 1329 4150 τιμίου
1353 4071 1463 4146 ἐνδόξου
1485 4094 1549 4154 προ-

266 4193 348 4270 ρήτου
373 4191 532 4271 Προδρόμον
554 4191 601 4252 καὶ
621 4193 770 4253 Βαπτιοτοῖι
785 4194 911 4254 Ἰωαῖννου
933 4193 980 4254 νιαί
1003 4195 1208 4272 ἐπικεκλημένη
1230 4200 1276 4255 τοὺ
1292 4197 1453 4269 Μενοικέως
1476 4199 1548 4274 εὑερ-

265 4315 368 4392 γετηθη
392 4312 436 4372 διὰ
457 4313 664 4394 χρυσοβοὺλλου
686 4319 731 4376 τοὺ
754 4315 831 4395 ἁγίου
855 4337 906 4392 μου
929 4317 1053 4376 αὑθέντου
1076 4315 1122 4377 νιοιί
1145 4317 1292 4398 βασιλέως,
1315 4322 1361 4378 τοὺ
1383 4321 1490 4380 πέτπιου
1506 4323 1547 4390 τῆς

267 4418 413 4509 βασιλείας
434 4455 486 4510 μου
511 4485 517 4497 .
543 4485 550 4498 ,
575 4482 582 4498 .
606 4432 659 4522 [τό]
685 4436 746 4517 περὶ
775 4439 856 4512 αὑτην
884 4439 932 4513 την
955 4437 1125 4514 δηλωθεῖσαν
1149 4439 1183 4514 δὴ
1208 4441 1292 4518 μονὴν
1316 4439 1438 4521 ἀγρίδιον
1460 4443 1546 4501 Μονό-

267 4577 366 4632 πτητον
395 4557 596 4633 ὀνομαζόμενον
623 4557 693 4618 κατὰ
719 4560 768 4634 τὴν
795 4561 932 4636 ποσότητα
961 4561 1117 4640 ὑπερεώρων
1141 4558 1179 4642 λ’,
1213 4565 1228 4622 ’ό
1255 4562 1288 4638 δὴ
1318 4563 1477 4639 ἀπεσπάσθη
1502 4565 1544 4643 πρό

265 4680 371 4759 χρόνων
400 4679 474 4759 παρὰ
500 4683 546 4739 τοὺ
574 4680 734 4755 δυμεστίκου
757 4677 894 4762 Γεωργίον
919 4685 966 4742 τοῦ
988 4683 1144 4763 Στρατηγοῖι
1173 4684 1226 4744 ἀπό
1252 4691 1302 4761 της
1330 4683 1483 4760 οἰκονομίας
1507 4693 1544 4744 τον
