3166 5298
1262 369 1320 433 121

5 570 181 631 ω-θινοὲπτου
205 572 305 626 σεωτοῦ
327 565 426 627 οίκείου
448 573 481 648 τῇ
505 565 632 646 βασιλείᾳ
655 585 715 643 μου,
738 568 787 644 κῦρ
811 564 964 645 Νικηφόρου
985 569 1032 624 τοῦ
1054 563 1201 644 Μαρτίνου,
1241 563 1269 622 ἐν
1293 561 1323 622 δὲ

4 688 62 768 ’τῷ
81 688 177 769 καιρῷ
199 695 251 764 τῇς
273 689 429 767 συγχύσεως
453 687 589 768 ἐκρατήθη
611 687 695 747 ποίλιν
718 687 782 746 αθτδ
804 685 851 746 καί
874 686 957 761 ἐδέθη
979 688 1046 766 πρδς
1061 687 1105 746 τὀν
1120 691 1237 746 τοιοῦτον
1252 689 1323 746 ποίν-

2 832 15 866 ῑῑ
33 828 120 876 mov
145 813 247 872 σεπτδν
263 812 399 891 Μαρτίνου
421 810 467 870 διὰ
488 812 651 889 γράμματος
671 813 717 868 τοῦ
739 807 811 868 θείου
833 815 883 885 τῇς
905 807 1047 884 βασιλείας
1071 829 1131 886 μου,
1154 811 1200 867 τοῦ
1223 807 1252 867 ἐν
1268 829 1323 883 μο-

2 933 121 1012 ;Ξ;μ·ροῑς
144 934 242 1014 κυρίου
264 933 423 993 Καλλίστου
445 935 491 1030 τοῦ
515 933 721 1012 Παλαιολθγου,
746 932 780 992 δι’
795 933 896 1008 ἄμυναν
919 930 966 991 καί
987 931 1095 1010 κακίαν,
1118 932 1151 1004 ἣν
1175 925 1236 1008 εἶχε
1257 931 1324 1010 πρὸς

12 1054 68 1121 ab
90 1057 308 1135 θεοφιλέστατον
332 1055 476 1116 ἐπίσκοπον
491 1057 607 1133 Ζιχνῶν,
632 1057 670 1126 ὡς
694 1055 731 1130 μὴ
757 1051 948 1130 ἐνδειξάμενον
965 1051 1004 1124 εἰς
1018 1053 1067 1128 την
1083 1053 1165 1126 αυτὴν
1182 1051 1324 1124 βασιλείαν

2 1182 75 1257 ἱερου
99 1179 314 1256 εθγνωμοσθνην
336 1177 394 1236 τινὰ
417 1177 445 1236 ἐν
468 1175 506 1256 τῷ
527 1177 637 1254 τοιοθτῳ
659 1177 755 1256 καιρῷ.
781 1171 840 1235 είτα
862 1174 959 1249 λαβὼν
980 1176 1058 1247 αὺτδς
1074 1170 1111 1260 [θ]
1128 1174 1224 1245 οεπτθς
1239 1173 1323 1252 Μαρ-

2 1302 95 1372 ring
110 1299 160 1360 καί
177 1300 339 1379 ἀποκρύψας
352 1301 382 1358 ιθ
397 1303 514 1359 τοιοῦτον
530 1297 660 1378 θηρίδιον,
678 1297 769 1377 ἐδέθη,
793 1299 831 1367 ὡς
847 1296 959 1378 εἴρηται,
984 1297 1029 1357 διὰ
1040 1296 1246 1386 χρυσοβοθλλου
1257 1297 1325 1375 πρδς

10 1423 72 1497 *θην
95 1421 250 1502 εἰρημένην
273 1421 422 1496 σεβασμίαν
445 1422 540 1500 μονήν,
564 1415 645 1506 [ἥτις]
666 1418 808 1499 ἐπορίσαντο
830 1421 993 1498 πρόσταγμα
1015 1417 1061 1478 καί
1082 1418 1157 1499 παρέ
1177 1420 1224 1478 τοῦ
1247 1417 1325 1494 ἁγίου

3 1553 23 1604 121⁴
32 1545 155 1609 ὠθέντου
179 1542 228 1604 καὶ
249 1542 397 1620 βασιλέως,
420 1545 466 1602 τοῦ
485 1545 595 1602 πάππου
609 1547 659 1617 τῇς
675 1539 816 1614 βασιλείας
833 1561 893 1620 μου,
917 1538 963 1600 καί
979 1540 1079 1614 ἐδεήθη
1095 1538 1156 1620 περί
1171 1540 1263 1599 τοθτου
1278 1536 1325 1598 καί

3 1667 274 1746 πιαρεκλητεθσατο
296 1665 344 1739 τὴν
367 1663 508 1738 βασιλείαν
532 1685 583 1739 μου
598 1665 613 1722 θ
629 1660 787 1743 διαληφθεὶς
803 1663 1009 1742 θεοφιλέστατος
1026 1663 1180 1742 ἐπίσκοπος,
1204 1664 1263 1738 ἥτις
1278 1659 1326 1723 καί

4 1796 75 1865 ποῇς
96 1791 226 1865 δεήσεως
242 1789 322 1848 αὺτοῦ
337 1787 510 1848 ἐπακούσασα
527 1787 585 1864 ἔχει
600 1787 713 1861 θέλημα
726 1783 773 1845 καί
789 1785 932 1865 διορίζεταί
946 1805 998 1866 σοι,
1022 1786 1059 1855 ὡς
1076 1783 1150 1855 αὖθις
1165 1787 1325 1864 ἡγουμένως

2 1911 192 1992 ντ’τοοποίσης
215 1909 269 1969 ἀπο
291 1912 337 1969 τοῦ
359 1909 475 1969 τοιούτου
497 1909 647 1968 πανσέπτου
669 1911 766 1967 σεπτοθ
787 1911 833 1966 τοῦ
849 1905 985 1986 Μαρτίνου
1008 1909 1038 1967 ιδ
1059 1907 1122 1967 αθτδ
1142 1906 1263 1985 θηρίδιον
1277 1904 1325 1966 καὶ

5 2033 199 2113 ὲ;·ταραδώοης
229 2035 306 2091 τοῦτο
334 2029 417 2090 πάλιν
447 2032 515 2110 πρὸς
536 2030 567 2090 τθ
590 2031 673 2108 μέρος
695 2035 745 2107 τῆς
767 2026 959 2108 διαληφθείσης
982 2028 1132 2104 οεβαομίας
1155 2033 1249 2108 μονῆς,
1278 2026 1325 2088 καὶ

14 2158 138 2236 Γκατέχῃ
161 2151 210 2214 καὶ
233 2155 349 2229 νέμηται
370 2156 447 2212 τοῦτο
470 2151 663 2230 ἀνενσχλητως
685 2149 733 2212 καί
755 2151 930 2223 ἀδιασείοτως
952 2149 1091 2210 καὶκατὰ
1113 2151 1161 2225 τἠν
1179 2149 1324 2230 περίληψιν
1357 2181 1360 2187 ·

3 2317 6 2336 2
20 2283 74 2336 τοῦ
103 2276 354 2355 ἐπιχορηγηθέντος
382 2272 452 2352 αὐτῷ
480 2273 688 2352 χρυσοβοθλλου
715 2277 760 2333 τοῦ
783 2272 861 2352 ἁγίου
884 2293 935 2349 μου
959 2274 1084 2332 αθθέντου
1106 2271 1153 2332 καὶ
1177 2273 1325 2352 βασιλέως,

34 2403 75 2457 τοῦ
96 2400 210 2458 πάππου
232 2402 281 2472 τῇς
304 2395 447 2471 βασιλείας
470 2417 531 2476 μου,
554 2394 600 2456 καί
624 2395 702 2457 οθδέν
726 2396 833 2478 εὑρίσκῃ
856 2396 886 2455 sb
907 2396 991 2476 μέρος
1013 2397 1095 2482 αὐτῆς
1111 2393 1154 2454 ἐπὶ
1169 2400 1203 2476 τῇ
1220 2400 1325 2475 μετοχῇ

34 2520 77 2580 καί
107 2525 180 2600 νομῇ
210 2516 257 2578 καί
286 2524 351 2578 πᾶσι
379 2520 436 2590 τοῖς
466 2517 578 2590 δικαίοις
609 2519 688 2577 αἰιτοῦ
716 2515 776 2576 οὔτε
802 2517 877 2596 παρὰ
902 2521 949 2578 τοῦ
976 2516 1148 2592 δηλωθέντος
1174 2519 1325 2578 πανσέπτου

35 2645 129 2701 οεπτοῦ
151 2645 198 2700 τοῦ
214 2641 360 2720 Μαρτίνου,
384 2639 444 2700 οὔτε
466 2641 530 2720 παρ’
540 2640 629 2700 ἄλλου
651 2641 721 2711 τινος
741 2645 794 2699 τῶν
811 2641 934 2699 ἁπάντων
951 2637 990 2711 εἰς
1005 2643 1082 2699 τοῦτο
1097 2637 1324 2699 καταδυναστείαν

22 2767 51 2838 ,ἢ
80 2761 253 2841 διενέχλησίν
283 2782 341 2822 τινα
371 2761 418 2822 καί
448 2762 575 2842 ἐπίθεσιν,
608 2764 674 2842 πρδς
706 2761 737 2822 δὲ
766 2763 812 2822 τθν
838 2765 957 2822 τοιοῦτον
983 2764 1133 2822 πάνσεπτσν
1161 2763 1257 2820 σεπτδν
1279 2763 1325 2820 τον

37 2887 172 2964 ,θίαρτῖνον
188 2883 370 2966 οἰκονομηοης
385 2883 430 2944 καὶ
447 2883 513 2965 δοθῇ
529 2885 581 2945 ἀπδ
599 2883 838 2961 ἐξαλειμματικῶν
853 2883 900 2944 καί
917 2884 1068 2964 ἐλευθέρων
1083 2889 1161 2943 τινῶν
1180 2877 1323 2968 [στάσεων]
1399 2905 1404 2916 ·

39 3007 167 3068 ἶεὲποοον.
192 3009 236 3067 τδν
258 3005 320 3088 περὶ
342 3007 433 3067 τοὺτου
456 3003 500 3067 οὖν
524 3009 622 3066 σκοπδν
645 3005 691 3067 καί
713 3009 743 3067 τὸ
759 3007 870 3083 θέλημα
885 3013 934 3082 τῇς
950 3004 1092 3079 βασιλείας
1108 3027 1159 3080 μου
1174 3005 1323 3080 καταλαμ-

40 3130 126 3201 βᾶιιεις
147 3127 195 3188 καὶ
218 3129 403 3204 έπεμεληθητι
425 3126 472 3188 καὶ
494 3127 692 3208 ἀποπλήρωσον
715 3128 787 3188 κατὰ
805 3129 850 3188 τδν
865 3131 986 3208 παρόντα
1000 3127 1118 3208 ὁρισμόν,
1142 3128 1171 3185 δν
1186 3125 1234 3186 καί
1249 3127 1323 3186 ἀντί-

41 3256 147 3330 πρεθον
169 3252 237 3330 προς
259 3252 289 3310 ιδ
313 3253 397 3330 μέρος
418 3257 467 3326 τῇς
490 3249 683 3332 διαληφθείσης
706 3251 856 3328 σεβασμίας
880 3256 965 3326 μονῆς
988 3249 1031 3310 ἐπὶ
1053 3248 1091 3329 τῷ
1106 3251 1241 3330 προσεῖναι
1258 3251 1324 3331 αὐτῇ

42 3371 230 3451 δι’έισφοίλειαν
252 3376 278 3448 †.

138 3489 254 3572 τΕίχε
268 3493 324 3554 καί
340 3495 375 3554 δι’
386 3494 528 3576 ἐρυθρῶν
543 3499 747 3574 γραμμάτων
761 3503 821 3572 τῆς
837 3495 1016 3572 βασιλικῆς
1030 3492 1086 3554 καί
1101 3494 1193 3566 θείας
1208 3495 1325 3574 χειρδς

43 3617 87 3690 eje·
119 3617 284 3696 Στέφανος
306 3617 451 3698 κροίλης,
475 3615 552 3693 μηνί
575 3619 745 3697 αθγοθστῳ
767 3615 794 3694 η’
818 3623 843 3694 †.

139 3747 282 3800 Ιοαππίιίσυ
298 3745 349 3800 Nr.
369 3750 395 3802 8.

297 3981 425 4046 XXIII.
450 3981 526 4047 Sine
548 4005 642 4064 anne,
666 3983 696 4046 4.
720 3983 839 4046 mensis
863 3981 1062 4067 septembris,

49 4143 103 4196 Rev
117 4144 263 4217 Stephanus
278 4147 378 4202 Mas
396 4149 531 4203 monachis
554 4148 712 4202 ωσπαειωέί
726 4145 754 4200 S.
774 4148 884 4200 Ioannis
905 4149 933 4200 in
952 4153 1037 4201 monte
1054 4147 1192 4200 Menoeceo
1208 4146 1326 4199 σοιισειίίι

196 4251 361 4320 facultatem
377 4253 527 4306 collocandi
538 4253 654 4306 homines
670 4251 766 4305 liberos
782 4253 811 4305 τίι
825 4253 1039 4321 possessionibus
1055 4269 1154 4304 eorum.

292 4436 449 4516 Ὁρισμδς
471 4441 527 4496 τοῦ
549 4437 659 4517 κροίλη
684 4437 737 4496 διὰ
758 4437 833 4509 τοὺς
857 4437 1067 4515 ἐλευθέρους.

88 4595 90 4600 '
141 4592 248 4666 †'Ese't
272 4594 298 4653 σί
320 4592 437 4672 μοναχοὶ
460 4599 509 4669 τῇς
532 4593 682 4670 σεβασμίας
705 4599 791 4669 μονῆς
810 4597 856 4652 τοῦ
871 4593 958 4668 τιμίου
974 4590 1084 4666 ἐνδόξου
1098 4592 1234 4673 προφήτου
1249 4592 1325 4670 Προ-

52 4707 139 4784 ἒρόμου
163 4707 209 4773 καί
230 4716 380 4776 Βαπτιοτοῡ
403 4715 529 4774 ’ίωοίννου
555 4721 605 4790 τῆς
633 4715 661 4774 ἐν
689 4713 727 4792 τῷ
751 4716 894 4792 Μενοικέῳ
918 4715 1091 4790 διακειμένης
1115 4715 1253 4794 ἀνέφερον,
1284 4715 1324 4771 ὅτι
