3222 5284
1300 377 1362 443 331

67 569 112 643 τἠν
135 571 277 645 πανσθενῆ
300 591 342 630 σοι
365 568 458 644 δεξιόν
480 568 650 650 ὑπερέχουσα
672 575 718 632 τοῦ
741 571 831 632 καλοῦ
857 571 936 632 τοῦδε
959 571 1083 646 ποιμνίου
1105 571 1177 630 κατόι
1197 572 1247 646 τήν
1271 571 1363 646 διηνέ-

67 711 153 770 κειαν,
184 693 224 763 ὡς
250 691 324 767 μηδὲ
346 692 410 766 μίαν
433 691 480 752 καί
502 693 585 753 παλιν
609 693 639 752 ἐν
660 695 769 766 ταύταις
792 691 865 752 Εῦσιν
893 695 979 772 εὑρεῖν
1002 695 1048 753 τόν
1071 695 1185 774 ἀρχαῖον
1206 697 1364 774 πτερνιστήν

67 811 166 872 τεκαὶ
198 813 333 894 δράκοντα
355 818 373 889 ἡ
400 815 533 896 ψιθυρίσαι
560 817 658 892 ταύτης
684 817 751 896 πρός
774 811 831 874 ὦτα
859 817 1032 896 θανατηφόρα
1054 815 1207 893 σοφίσματα
1228 813 1275 875 καί
1297 817 1365 895 πρός

68 930 160 994 Ἅιδου
184 938 341 1014 κατάγοντα
354 937 497 1016 πέταυρον,
521 935 589 996 ἀλλ’
599 937 658 1012 ἅμα
672 939 762 1008 πόσας
778 937 828 996 ὑπό
842 937 891 1012 τήν
906 937 956 1011 σἠν
970 939 1167 1015 κραταιοτάτην
1183 936 1365 1011 οιίιλιζομένοις

68 1055 212 1134 ἀντιληψιν
233 1059 279 1117 τόν
303 1057 384 1137 ἱερόν,
411 1058 474 1117 καθ’
488 1059 583 1138 ἑτέραν
607 1057 752 1137 ἐπιβολήν,
781 1059 939 1133 μελισσῶνα
961 1061 1053 1116 τοῦτον
1075 1057 1253 1137 περιβομβεῖν
1277 1057 1364 1134 ἐμμε-

68 1177 199 1254 λέστατα,
222 1179 268 1237 τόν
290 1183 340 1255 τῆς
362 1179 462 1258 ἀρετῆς
485 1179 672 1258 έργαζομένας
690 1182 794 1260 καρπόν
810 1179 876 1260 ῦπὲρ
892 1179 958 1256 μέλι
974 1180 1147 1258 γλυκάζοντα
1164 1179 1192 1238 έν
1209 1179 1281 1260 αἰνλῇ
1298 1179 1364 1260 οἰγίᾳ

69 1299 128 1356 θεοῦ
158 1301 361 1377 προσκυνούσας
391 1299 534 1381 ἀχροίντως
563 1299 602 1378 τῷ
632 1301 772 1380 κρείττονι,
804 1299 859 1380 θεῷ
890 1301 983 1360 θυσίαν
1014 1301 1127 1372 θυοῦοας
1157 1300 1287 1372 αἰνέσεως
1315 1305 1366 1374 της

68 1420 175 1499 ἡμέρας
199 1421 309 1491 ἑπτάκις
333 1421 376 1481 έπί
399 1419 433 1482 τίι
454 1427 503 1498 τῆς
526 1421 602 1494 θείας
625 1423 795 1498 δικαιοσύνης
816 1422 941 1498 αἰνοῦσης
957 1424 1097 1503 μαρτύρια,
1120 1424 1168 1482 καί
1181 1425 1231 1497 τήν
1244 1443 1275 1481 τε
1290 1421 1365 1481 θείαν

70 1541 266 1620 μακαριότητα,
294 1545 343 1636 τήν
365 1561 395 1602 τε
419 1543 469 1618 σὴν
497 1543 663 1618 ἀνυμνοῦσας
690 1543 895 1622 μεγαλειότητα
918 1542 961 1604 ἐπὶ
984 1542 1018 1602 τὰ
1040 1549 1090 1619 ιής
1117 1543 1272 1622 ῦπερουοίου
1300 1544 1364 1602 θεό-

69 1679 147 1732 τητος
171 1662 290 1740 κρίματα
313 1659 525 1744 ἐξεγειρομένας
547 1664 617 1738 μετὰ
632 1667 678 1724 τοῦ
692 1662 779 1739 Δσβίδ
800 1665 973 1738 μεσονύκτιον
990 1665 1093 1735 ἐντοῖς
1112 1662 1184 1734 νυξὶν
1205 1663 1366 1743 ἑταιρούσας

70 1781 143 1854 όσίας
166 1785 263 1863 χεῖρας
286 1783 374 1866 χωρίς
397 1784 584 1863 διαλογισμῶν
608 1784 647 1856 εἰς
661 1786 695 1844 τόι
718 1785 793 1863 ἅγιοι,
818 1785 848 1844 ἐν
871 1783 1033 1861 ἐκκλησίαις
1054 1785 1099 1844 τόν
1120 1785 1183 1844 θεόν
1199 1782 1366 1862 εῦλογοόσας

71 1903 159 1981 κόριον
183 1903 216 1964 ἐκ
241 1910 340 1984 πηγῶν
363 1905 488 1986 Ἰσραήλ,
515 1908 560 1966 τόν
587 1910 654 1984 χοῦν
676 1908 816 1988 κενούσας,
846 1906 891 1966 τόν
912 1909 975 1966 νοῦν
997 1907 1155 1986 πτεροῦσας,
1184 1904 1366 1976 δουλευούσας

72 2023 107 2100 τῷ
127 2025 222 2106 κυρίῳ,
253 2027 367 2098 ζεοθσας
388 2027 427 2105 τῷ
453 2029 594 2107 πνεύματι,
624 2023 757 2103 ἀλλήλας
785 2029 970 2100 κατανοοῦσας
993 2025 1033 2099 είς
1055 2024 1229 2107 παροξυσμὸν
1256 2026 1366 2104 ἀγάπης

71 2143 114 2202 καί
144 2147 241 2206 καλῶν
274 2148 363 2228 ἔργων
392 2148 464 2208 κατὰ
485 2149 531 2208 τόν
559 2150 631 2208 θεῖον
659 2150 822 2210 ἀπόστολον.
868 2149 898 2209 ἐν
924 2151 1026 2220 τούτοις
1050 2149 1084 2223 δή
1107 2169 1153 2224 μοι
1177 2147 1225 2222 ιήν
1250 2145 1366 2222 ποίμνην

71 2266 175 2348 ταύτην,
199 2265 222 2328 ὧ
244 2271 454 2346 κεχαριτωμένη
477 2269 633 2349 τοῦλόγου
656 2276 752 2351 μῆτερ,
775 2267 899 2329 καὶτῶν
922 2271 1048 2330 οἰποίντων
1068 2268 1222 2348 βασίλισσα,
1246 2267 1367 2348 διατήρει

71 2407 99 2444 τε
119 2387 167 2448 καί
190 2389 317 2467 διόσωζε,
347 2391 386 2460 ὡς
409 2390 532 2450 ἐντεῦθεν
555 2391 653 2450 κακίαν
675 2412 705 2450 τε
732 2393 832 2451 τούτων
855 2397 944 2451 πᾶσαν
967 2389 1014 2451 καί
1036 2391 1148 2470 ἄγνοιαν
1173 2387 1366 2463 ἐξελαύνεσθαι

72 2507 115 2567 καὶ
138 2509 183 2569 διὰ
204 2515 255 2585 τῆς
276 2510 436 2589 καθάρσεως
451 2509 495 2570 οἰεί
511 2509 631 2585 βαδίζειν
644 2513 744 2584 ταύτας
758 2513 826 2592 πρδς
841 2513 1015 2592 καθαρότητα
1029 2511 1076 2572 καί
1090 2512 1140 2584 τόις
1154 2512 1255 2570 τούτων
1271 2510 1366 2586 ἱκετη-

73 2630 128 2708 ρίας
150 2629 191 2702 εἰς
220 2628 277 2690 ὦτα
306 2631 396 2712 κυρίου
419 2633 539 2707 Σαβαὼθ
569 2633 754 2692 ἀνατείνεσθαί
775 2654 806 2692 τε
828 2632 874 2693 καί
906 2633 1094 2704 εἰσοικίζεσθαι
1116 2632 1164 2692 καί
1195 2632 1280 2704 ούτως
1301 2633 1366 2706 ἡμῖν

74 2751 174 2812 ἐκεῖθεν
197 2755 307 2833 ἐρήκειν
331 2754 401 2812 ἅπαν
424 2756 439 2813 ό
461 2775 485 2814 τι
507 2757 640 2835 σωτήρων
661 2760 695 2837 τῇ
719 2754 848 2840 ίεροιτείᾳ,
875 2761 908 2836 τῇ
932 2753 1070 2837 βασιλείᾳ,
1098 2754 1137 2833 τῷ
1158 2753 1231 2813 κατὰ
1252 2754 1367 2834 Χριστόν

74 2874 256 2954 πολιτεύματι,
288 2878 327 2948 ὡς
354 2875 475 2935 ἐντεῦθεν
497 2875 544 2936 καί
565 2879 611 2936 τόν
633 2875 682 2951 τήν
704 2879 750 2936 τοῦ
773 2877 888 2955 Χριστοῦ
918 2876 1061 2949 βασιλείαν
1088 2874 1216 2935 διέποντα
1238 2874 1268 2933 έν
1298 2874 1367 2934 ἁκε-

75 3000 189 3074 ροιιόπητι
216 2999 357 3074 εὐσεβείας
384 3001 485 3060 διέπειν
507 3021 538 3060 τε
560 3001 590 3060 τό
618 3001 737 3074 ὑπήκοον
759 2998 806 3058 καί
829 2997 939 3080 εἰρήνην
962 2997 1001 3076 τῷ
1023 3000 1119 3076 κόσμῳ
1141 2995 1189 3055 καί
1211 2997 1368 3056 εὐστάθειαν

74 3121 318 3200 πραγματεύεσθαι,
347 3121 375 3179 έν
404 3122 503 3194 καλοῖς
530 3127 656 3199 παγγενῆ
684 3121 895 3200 συντηρούμενον
922 3118 968 3179 καὶ
996 3117 1150 3199 βαρβάρους
1175 3117 1367 3198 τραποίιμενον,

75 3241 127 3300 όσοι
157 3262 187 3300 τε
214 3241 306 3322 όρατοί
332 3239 380 3302 καὶ
406 3244 464 3303 ὅσοι
492 3243 612 3325 ἀόρατοι,
643 3245 702 3303 όσοι
728 3263 757 3302 τε
785 3242 819 3302 τὰ
841 3247 915 3300 νῶτα
940 3241 1025 3320 τούτῳ
1051 3245 1184 3318 τηροῦσιν,
1217 3241 1274 3298 όσοι
1297 3236 1369 3298 κατόι

76 3364 188 3440 στέρνων
211 3367 302 3423 τοῦτον
324 3369 469 3442 πειρῶνται
491 3365 591 3442 παίειν,
615 3366 672 3424 όσοι
694 3385 724 3424 τε
747 3365 882 3445 ὑπερόριοι
904 3361 951 3422 καί
970 3364 1028 3422 ὅσοι
1052 3363 1203 3441 αῦθιγενεῖς
1222 3365 1240 3436 ή
1262 3361 1368 3440 ἐγκόλ-

75 3503 127 3543 πιοι
147 3486 234 3563 τούτῳ
257 3484 415 3564 δράκοντες,
439 3487 469 3544 τό
492 3485 654 3546 ἀπευκταῖόν
676 3506 706 3544 τε
728 3485 775 3544 καί
798 3485 952 3559 ἀπώμοτον.
984 3489 1102 3544 τοιοῦτον
1119 3484 1153 3558 δή
1170 3504 1211 3542 σοι
1225 3484 1272 3542 τόν
1288 3483 1369 3556 βασι-

76 3601 126 3663 λέα
148 3607 219 3680 μετὰ
241 3611 296 3665 τῶν
319 3603 349 3678 ἐξ
373 3608 461 3686 αὐτοῦ,
484 3608 528 3666 τόν
551 3609 585 3666 τοί
607 3627 637 3664 τε
660 3603 739 3666 ἀλλα
761 3605 807 3664 καὶ
830 3605 892 3686 περὶ
914 3607 963 3680 τήν
979 3606 1107 3685 ἀπαρχήν
1124 3625 1168 3680 μοι
1184 3605 1282 3679 ταύτην
1297 3605 1368 3678 όμο-

76 3729 201 3801 γνώμονα
222 3727 270 3786 καί
299 3729 434 3806 συνέριθον
465 3727 627 3805 εὐγνώμονα
648 3725 695 3786 καί
726 3726 889 3800 ὁμόδουλον.
935 3727 1061 3799 όκαλός
1083 3721 1160 3795 οὗτος
1181 3731 1231 3800 τής
1252 3723 1369 3800 ποίμνης

78 3849 222 3925 εῦχόμενος
251 3848 349 3922 όμιλος
370 3848 409 3926 τῷ
432 3847 503 3907 κατὰ
527 3849 641 3927 Χριστόν
669 3847 844 3922 ἑπιμήκιστον
871 3849 1066 3926 περισώζεσθαι
1094 3847 1273 3920 πολιτεύματι
1299 3844 1370 3904 κατὰ

78 3968 159 4048 λόγον
183 3970 271 4046 δήπου
285 3971 393 4040 πάντως
408 3975 458 4045 τῆς
474 3975 524 4044 τῆς
540 3969 694 4047 ἐπικουρίας
710 3967 795 4026 δεῖται
811 3967 857 4027 καί
872 3974 1012 4047 κραταιᾶς,
1037 3970 1075 4039 ὡς
1091 3966 1174 4046 εἰκός,
1198 3965 1371 4043 ἀντιλήψεως

78 4090 135 4170 περὶ
156 4093 187 4150 τό
210 4093 285 4169 μέγα
307 4089 370 4150 λίαν
395 4089 498 4164 αἰτημα
512 4094 590 4150 τοῦτο
605 4090 700 4170 καίτῄ
719 4089 865 4171 οἰκουμένη
888 4093 1029 4168 σωτήριον,
1051 4083 1085 4164 ής
1101 4090 1220 4164 ἀπούσης
1235 4087 1281 4148 καί
1298 4087 1371 4163 μηδὲ

78 4216 121 4288 τῆς
142 4212 218 4284 θείας
246 4212 331 4292 ῥοπῆς
356 4213 493 4292 παρούσης
521 4212 600 4271 οῦδὲν
626 4211 714 4270 καλόν
743 4209 831 4270 ουδενί
854 4209 908 4270 τῶν
932 4212 1057 4270 ἁπάντων
1077 4212 1225 4290 καθορθοῦν
1249 4212 1369 4281 εῦπετές.

78 4337 180 4393 τοιοῦτοί
203 4355 245 4394 σοι
267 4329 302 4392 τόι
329 4334 394 4414 παρ’
406 4335 495 4409 ήμῶν,
530 4329 552 4392 ὦ
575 4334 721 4412 θεομήτορ,
753 4333 861 4408 οίποίοης
887 4331 1003 4403 κτίσεως
1027 4332 1165 4412 δέσποινα,
1197 4332 1242 4392 ἐπί
1263 4353 1293 4392 τε
1315 4336 1372 4403 τοῖς

78 4454 291 4533 παρεληλυθόσιν
315 4454 518 4535 εῦχαριστήρια,
543 4453 587 4512 έπί
608 4475 639 4512 τε
661 4455 717 4524 τοῖς
741 4454 890 4528 μέλλουσιν
907 4453 1038 4531 ἱκετήρια.
1071 4451 1118 4512 καί
1133 4455 1240 4531 γένοιτο
1257 4453 1291 4527 δὴ
1306 4455 1372 4528 ἡμῖν

79 4578 143 4634 κατοί
164 4595 195 4634 τε
218 4576 296 4634 τόνδε
318 4577 365 4634 τόν
389 4575 447 4650 βίον
469 4577 514 4634 τόν
541 4575 691 4654 ταραχώδη
715 4574 762 4633 καί
785 4575 965 4650 πολυκύμονα
987 4576 1037 4634 θπό
1060 4574 1109 4644 τὰς
1132 4575 1183 4645 σόις
1215 4573 1372 4644 αῦλίζεσθαι

80 4698 218 4774 πτέρυγας,
242 4697 280 4766 ὡς
303 4699 348 4755 τόν
371 4717 402 4754 τε
425 4697 464 4773 μή
487 4696 537 4755 ύπό
559 4697 668 4768 ταύταις
690 4697 871 4776 σκεπόμενον,
895 4696 973 4756 ἀλλὰ
995 4693 1042 4755 καί
1064 4695 1127 4778 περί
1148 4697 1179 4755 τό
1201 4697 1248 4754 τοῦ
1269 4696 1372 4770 κόσμου
