3222 5284
242 383 306 446 342

241 577 384 664 φυλάττειν
407 577 484 656 αἰττά,
508 575 554 636 καί
576 578 616 636 ὅτι
639 577 757 656 άγγελοι
780 576 829 652 τὴν
853 577 934 650 αὺτῆς
955 577 1100 652 ὑπόσχεσιν
1117 575 1328 655 ἀπογράφονται,
1353 576 1453 644 οἵτινες
1471 575 1546 647 με’λ-

241 672 333 758 λουσιν
356 699 438 773 αὐτὴν
462 696 501 769 εἰς
523 700 553 757 τδ
577 699 691 779 ροβερδν
715 699 803 758 ἐκεῖνο
828 695 985 776 εἰσαγαγεῖν
1009 697 1179 778 δικαστήριον
1199 699 1302 775 λόγους
1323 705 1372 772 τῆς
1388 695 1546 774 ἐκπληρω-

242 840 312 890 σεως
342 827 395 878 τῶν
427 819 600 897 ὑποσχέσεων
632 818 835 880 άποδώσουσαν.
883 815 942 878 εἶτα
971 821 1097 894 στήσεται
1127 817 1168 890 εἰς
1195 821 1240 878 τδν
1271 821 1547 900 ἀποκεκληρωμένον

241 946 274 1021 τῇ
297 941 438 1024 ἡγουμένη
467 943 548 1001 τόπον
572 940 618 1001 καί
642 946 726 1001 παῖσαι
750 942 816 1021 αὐτῇ
838 943 883 1000 τὀν
906 942 978 1000 θεῖον
1008 938 1185 1020 προσάξουσιν
1213 942 1366 1017 ἀσπασμόν.
1412 942 1491 1016 μετὰ
1517 941 1546 999 δὲ

241 1064 287 1122 τὀν
311 1063 452 1138 ἀσπαομδν
484 1060 553 1144 δόξᾳ
574 1064 612 1142 τῷ
640 1063 695 1141 θεῷ
727 1062 965 1141 ἀναπεμφθῆσετσιι
988 1061 1034 1122 καί
1057 1064 1075 1137 ἡ
1099 1063 1230 1134 ἀπόλυσις
1261 1065 1354 1141 ἕψεται
1377 1070 1409 1144 τῇ
1434 1064 1547 1138 συνήθει

241 1189 288 1244 τοῦ
311 1184 407 1262 ἱερέως
431 1186 507 1265 εὺχῆ.
541 1185 606 1259 αθτη
631 1184 661 1243 δὲ
685 1185 760 1258 ὑμῶν
785 1185 858 1243 ἔσται
883 1183 920 1255 είς
942 1185 973 1242 τδ
990 1181 1055 1259 έξῆς
1076 1190 1244 1266 προεστῶτα,
1268 1187 1302 1260 ῆν
1318 1183 1365 1244 καὶ
1381 1187 1419 1256 ὡς
1434 1186 1548 1264 μητέρα
1598 1233 1599 1282 γ

243 1306 393 1380 οεβάοεοθε
409 1304 455 1366 καὶ
471 1306 589 1366 διάθεσιν
605 1304 651 1365 καὶ
667 1307 789 1382 ὑπακοὴν
804 1306 870 1385 πρὸς
886 1307 967 1380 αὐτὴν
984 1303 1061 1378 ἕξετε
1076 1308 1114 1376 ὡς
1139 1307 1386 1387 θεοχειροτόνητον.
1419 1310 1547 1367 εἰικταῖον
1598 1289 1599 1348 ἶ

243 1424 289 1486 οὖν
318 1428 372 1486 ἔστι
396 1449 451 1506 μοι,
481 1431 596 1488 πάντοτε
621 1428 650 1486 ἐν
673 1429 733 1502 ὑμῖν
756 1423 825 1488 εἶναι
849 1429 941 1499 αὐτοῖς
964 1427 1091 1507 εῖιπορίαν
1113 1434 1167 1487 τῶν
1191 1423 1274 1500 ἀξίων
1297 1436 1345 1504 τῆς
1375 1428 1546 1510 προστασίας

243 1547 290 1608 καὶ
320 1550 460 1624 μηδέποτε
482 1549 531 1621 τὰς
553 1552 620 1628 πρός
642 1552 719 1608 τοῦτο
741 1550 772 1608 τδ
793 1554 908 1628 πρᾶγμα
939 1551 1082 1628 προσφυεῖς
1106 1551 1275 1624 μοναζοίισας
1299 1549 1432 1610 ἐπιλιπεῖν
1459 1551 1491 1610 ἐν
1515 1557 1547 1628 τῇ

245 1671 414 1752 εῖιαγεοτάτῃ
438 1677 508 1752 μονῆ
531 1671 613 1751 ταύτῃ
636 1675 684 1746 τῆς
707 1671 951 1749 Κεχαριτωμένης,
983 1667 1050 1730 ἀλλ’
1062 1671 1155 1742 ὁσάκις
1179 1673 1211 1728 ἀν
1234 1673 1347 1748 γένηται
1369 1672 1450 1751 χρεία
1474 1691 1546 1750 προ·
1598 1733 1599 1748 ,

244 1790 389 1871 χειρίοεως
416 1792 581 1870 ἡγουμένης,
615 1788 646 1862 ἐξ
674 1792 760 1851 αῖιτιῖιν
783 1796 836 1850 τῶν
860 1791 888 1850 έν
911 1792 994 1873 ταύτῃ
1018 1785 1193 1866 ἀσκουμένων
1217 1799 1348 1870 μοναχῶν
1373 1788 1476 1864 ἐξεῖναι
1500 1793 1546 1868 γί-
1598 1827 1599 1864 3

245 1915 337 1972 νεσθαι
365 1913 414 1988 τὴν
439 1913 583 1994 ἐπιλογήν,
619 1915 665 1971 άτε
696 1911 742 1972 καί
772 1913 901 1987 θεμέλιον
929 1901 1038 1993 άριστον
1070 1913 1117 1973 σῖιν
1148 1911 1203 1991 θεῷ
1233 1920 1281 1988 τῆς
1312 1920 1466 1991 μοναχικῆς
1499 1913 1546 1971 καὶ
1598 1917 1599 1922 ’

245 2035 420 2110 κοινοβιακῆς
452 2034 593 2114 διαγωγῆς
624 2032 879 2110 καταβεβλημένων
908 2032 955 2093 καί
985 2034 1167 2108 κατάλληλον
1200 2035 1238 2113 τῷ
1269 2036 1391 2114 θεμελίῳ
1417 2036 1465 2110 τῆν
1496 2044 1545 2110 τῆς

246 2157 374 2236 ἐναρέτου
396 2155 537 2227 πολιτείας
564 2158 733 2231 ποιουμένων
756 2153 913 2231 οίκοδομῆν.
951 2154 973 2215 εί
998 2155 1029 2216 δὲ
1052 2155 1097 2216 καί
1120 2164 1199 2236 τριῶν
1221 2159 1347 2218 τοιούτων
1371 2162 1546 2234 μοναζσοσῶν

245 2400 419 2480 προστασίας,
451 2397 498 2458 καί
522 2393 598 2458 αὗται
629 2399 770 2479 ἀρκέσουσι
793 2399 839 2458 καὶ
863 2401 953 2474 μόνων
976 2379 1098 2459 τῶνδθσ
1122 2401 1222 2460 τούτων
1254 2401 1488 2482 ἀπογραρομένων
1511 2401 1544 2460 τίι
1598 2393 1599 2432 3

248 2519 323 2601 ἑξῆς,
347 2523 386 2592 ὡς
410 2521 523 2600 εἴρηται,
552 2523 767 2600 προχωρῆσουοι.
815 2519 838 2579 εί
862 2519 992 2603 δ’,(όπερ
1024 2521 1172 2599 ἀπεθχεται
1194 2525 1212 2596 ἡ
1237 2523 1367 2597 βασιλεία
1398 2526 1471 2601 μακ)
1496 2525 1543 2598 μία

248 2641 311 2715 ἀξία
334 2649 383 2717 τῆς
405 2643 569 2722 προστασίας
592 2643 690 2717 ταύτης
712 2641 833 2722 φαίνεται
855 2644 987 2722 ὑπάρχειν
1012 2643 1040 2702 ἐν
1063 2651 1095 2725 τῇ
1119 2649 1199 2724 μονῇ,
1223 2647 1283 2704 τότε
1307 2647 1414 2719 ῆκατὰ
1435 2646 1543 2726 καιροὺς

248 2772 297 2840 τῆς
324 2769 411 2839 μονῆς
442 2764 699 2841 ἀντιλαμβανομένη
732 2767 838 2844 εὑρήσει
869 2765 997 2845 δευτέραν
1029 2767 1154 2844 μοναχὴν
1179 2765 1209 2839 έξ
1241 2767 1333 2846 ἑτέρου
1364 2767 1541 2849 μοναοτηρίον

250 2888 357 2963 εῐιλαβῆ
380 2885 426 2946 καί
450 2885 563 2962 δόκιμον
586 2884 626 2958 είς
648 2886 830 2964 ήγουμενείαν
852 2885 899 2946 καί
922 2887 991 2946 οθτω
1013 2885 1097 2947 πάλιν
1121 2893 1174 2947 τῶν
1191 2887 1237 2948 δίιο
1260 2889 1360 2948 τούτων
1386 2885 1542 2970 ἀπογραφο-

249 3011 349 3087 μένων,
374 3015 424 3084 τῆς
446 3029 476 3067 τε
499 3007 579 3085 σίιοης
603 3009 631 3067 ἐν
647 3015 679 3091 τῇ
697 3015 767 3091 μονῇ
790 3009 902 3086 καὶτῆς
926 3007 1027 3080 ἔξωθεν
1051 3007 1242 3090 εἰσαγομένης,
1267 3014 1305 3080 ιίις
1323 3011 1436 3091 εἴρηται,
1458 3031 1542 3090 τηρη-

249 3133 375 3205 θῆοονται
398 3131 431 3189 τά
453 3135 502 3205 τῆς
535 3130 708 3202 ἀκολουθίας,
742 3133 780 3203 ὡς
810 3132 973 3211 γέγραπται,
1004 3129 1050 3190 καὶ
1081 3133 1165 3203 οὕτως
1188 3133 1206 3206 ἡ
1239 3131 1330 3214 ἐκείνῃ
1361 3133 1477 3194 δοκοῦσα
1499 3131 1543 3192 καί

250 3253 464 3327 ἀναδεικνυμένη
489 3248 552 3324 ἀξία
575 3251 615 3324 είς
637 3253 819 3330 ῆγουμενείαν
841 3253 1102 3331 προχειρισθήσεται.

313 3416 315 3420 -
353 3375 432 3452 Κερ.
461 3373 511 3446 ιβ’.
542 3371 622 3452 Περὶ
651 3379 706 3433 τοῦ
735 3373 838 3453 χωρίς
867 3376 992 3445 πάθους
1022 3375 1175 3452 γίνεσθαι
1205 3377 1262 3449 τὴν
1292 3377 1459 3454 έπιλογῆν
1489 3380 1543 3450 τῆς

249 3497 440 3572 ἡγουμένης
463 3494 518 3554 καὶ
548 3493 753 3574 προχείριοιν
781 3495 836 3555 καί
858 3500 919 3556 τῶν
952 3498 1209 3574 διακονητριῶν·
1242 3493 1316 3576 Εἶεν,
1349 3497 1427 3557 ἀλλά
1456 3517 1542 3577 παρα-

250 3617 401 3694 καλοῦμεν,
433 3611 591 3690 τιμιώταται
620 3619 700 3691 ῆμῶν
731 3618 857 3698 μητέρες,
886 3623 935 3693 τῆς
967 3618 1088 3696 ἐκλογῆς
1118 3625 1171 3677 τῶν
1200 3617 1361 3697 ῆγουμενῶν
1391 3619 1456 3699 παρ’
1474 3621 1542 3694 ὑμῶν

252 3738 413 3817 έρειλοόοης
435 3737 555 3816 γίνεσθαι
578 3736 624 3796 καί
647 3744 695 3813 τῆς
717 3737 770 3797 τῶν
793 3737 898 3799 λοιπῶν
922 3739 1115 3820 διακονητριιῖιν
1137 3739 1305 3820 προκρίσεως
1324 3740 1399 3820 παρὰ
1414 3746 1463 3816 τῆς
1479 3741 1542 3800 καθ-

251 3861 406 3938 ηγουμένης
429 3861 585 3938 γινομένης,
616 3858 724 3919 ἀπέστω
749 3861 812 3941 ἔρις,
844 3861 952 3920 ἀπέστω
976 3862 1081 3938 φθόνος,
1114 3861 1221 3920 ἀπέστω
1250 3863 1352 3936 ματαία
1379 3865 1542 3942 προσπόθεια

251 3981 297 4042 καὶ
320 3983 401 4060 χάρις
425 3981 580 4058 ἀλόγιστος,
604 3981 689 4062 κρίσει
713 3981 744 4040 δέ
768 4001 807 4042 τοι
830 3983 896 4063 ἀρθῇ
920 3981 966 4041 καί
990 3980 1139 4062 οτοχαομῷ
1163 3982 1270 4062 ἀκριβεῖ
1289 3980 1335 4041 καί
1359 3983 1489 4066 ἀληθείᾳ,
1511 3984 1542 4052 ιὶις

253 4105 402 4182 ἐφορῶντος
417 4107 463 4162 τοῦ
479 4103 512 4162 τά
532 4105 620 4162 πάντα
644 4103 795 4178 βλέποντος
819 4104 960 4182 όρθαλμεῦ
981 4105 1045 4182 παρ’
1059 4105 1133 4180 ὑμῶν
1156 4105 1174 4178 ἡ
1190 4104 1275 4184 κρίσις
1291 4125 1320 4164 τε
1336 4103 1382 4164 καὶ
1404 4103 1542 4182 δοκιμασία

251 4225 377 4303 γινέσθω.
410 4225 448 4298 μὴ
464 4227 612 4303 χωρῆσητε
628 4223 713 4284 τοίνυν
731 4222 770 4296 είς
786 4223 927 4302 διαμάχαις
943 4223 988 4284 καὶ
1002 4225 1246 4304 ἀμμιγνωμοοὺνας
1261 4225 1461 4306 προκρίνουοαι,
1483 4226 1542 4286 ἀλλ’·

254 4345 281 4404 έν
305 4347 519 4427 δμογνωμοσόνῃ
541 4344 587 4404 καίΙ
616 4344 709 4428 εἰρήνη
732 4344 779 4405 καί
808 4345 901 4427 ἀγάπη
924 4347 972 4420 τῆν
997 4344 1207 4425 ἐκλελεγμένην
1237 4347 1398 4425 έκδέχοιοθε
1411 4345 1442 4429 ¹).
1488 4345 1542 4406 ουδὲ

253 4467 302 4542 μία
319 4468 401 4546 ἔσται,
425 4473 474 4542 τῆς
490 4463 612 4546 ἐκλογῆς
628 4466 674 4528 καί
689 4467 857 4548 προκρίσεως
879 4468 1025 4546 γινομένης
1041 4470 1059 4544 ῆ
1074 4469 1142 4548 πρδς
1158 4469 1187 4528 τδ
1210 4469 1404 4546 ἡγουμενείιειν
1420 4473 1438 4547 ῆ
1456 4469 1542 4550 ἑτέραν

358 4730 379 4795 ¹)
398 4725 522 4796 ἐκλέγοιοθ
553 4729 588 4780 Μ.
