3240 5286
1307 372 1368 436 297

69 571 122 639 της
151 571 336 644 προσαγωγῆς
363 586 413 640 μου
445 565 565 640 ἐνίστημι
588 564 635 624 καί
664 563 814 644 προνοηιὴν
842 563 888 624 καί
918 565 1017 645 κόριον,
1048 567 1078 624 οίι
1107 569 1200 646 χεῖρον
1224 566 1255 625 δὲ
1287 565 1370 626 εἰπεῖν

70 685 119 743 καί
143 685 289 760 ἐκδικητὴν
317 685 362 744 καί
386 686 519 746 ἀντίδικον
542 687 613 746 κατὰ
634 693 688 744 τῶν
711 686 887 761 βουλομένων
910 686 978 746 ποτὲ
999 690 1093 764 καιροῦ
1115 690 1133 760 ή
1155 689 1254 766 χρόνου
1277 688 1370 767 ἀκρω-

69 813 198 887 τηριάσαι
221 813 239 882 ἡ
263 809 449 887 ταραθραῦοαί
472 829 497 866 τι
518 812 571 867 τῶν
596 807 815 884 διατεταγμένων
839 827 885 882 μοι
905 805 952 866 καί
968 807 1138 882 ἀπομειῶσαι
1153 811 1171 882 ή
1187 809 1371 890 καταβαρίιναι

69 951 95 988 τι
119 931 172 988 τῶν
194 931 463 1010 προσκεκυρωμένων
486 935 518 1010 τῇ
542 929 649 988 εὐτελεῖ
671 929 753 1010 ταύτῃ
776 927 948 1010 κληρονομίᾳ
971 929 1059 991 αὺτοῦ.
1090 928 1137 988 καί
1157 932 1202 990 τδν
1223 932 1273 1006 μὲν
1296 932 1371 1003 ἐντὀς

70 1057 118 1111 τοῦ
149 1055 265 1132 κάστρου
294 1057 344 1130 τῆς
370 1045 526 1110 Ῥαιδεστοῦ
557 1045 631 1111 οίκον
661 1053 878 1129 πτωχοτροφεῖον
907 1051 1052 1110 καλεῖσθαί
1081 1073 1111 1110 τε
1141 1050 1187 1112 καί
1225 1046 1294 1112 εἶναι
1324 1052 1371 1114 καὶ

70 1169 251 1254 γνωρίζεσθαι
281 1171 409 1250 διατυπῶ,
441 1171 480 1244 είς
509 1168 650 1243 έξιλέωσιν
673 1171 720 1231 καί
744 1173 834 1250 άφεσιν
857 1177 910 1231 τῶν
934 1172 1008 1246 ἐμῶν
1030 1172 1146 1232 πολλῶν
1168 1173 1215 1232 καί
1238 1175 1371 1253 μεγάλων

71 1295 118 1355 καί
151 1297 341 1374 ἀναριθμήτων
365 1296 517 1373 ἁμαρτιῶν·
550 1297 643 1354 τοῦτον
665 1293 719 1372 γάρ
742 1294 786 1352 τόν
810 1288 886 1352 οίκον
908 1295 960 1372 πρό
983 1296 1089 1372 χρόνων
1112 1294 1228 1354 πολλῶν
1251 1297 1303 1375 πρό
1325 1301 1371 1356 τοῦ

74 1416 209 1476 εἰσελθεῖν
241 1415 280 1486 είς
309 1417 486 1494 μοναοτήριον
509 1416 558 1504 τήν
581 1416 707 1492 μοναχὴν
730 1414 776 1473 καί
798 1416 1075 1496 πρωτοσπαθάρισοαν
1098 1415 1181 1496 κυράν
1204 1417 1372 1496 Εὐφροοῦνην

71 1541 120 1613 τὴν
151 1535 339 1616 γυναικοθείαν
368 1556 429 1612 μου,
461 1533 502 1618 (ἐν
525 1536 579 1616 γὰρ
604 1535 645 1614 τῳ
671 1536 738 1614 οίκῳ
765 1541 811 1596 τοῦ
833 1537 933 1615 Κραοά
959 1539 1004 1596 τοῦ
1036 1534 1188 1616 έξαδέλφου
1211 1538 1295 1614 αθιής
1317 1535 1372 1599 ἀπ-

74 1663 183 1740 εκάρη),
216 1657 261 1716 διὰ
290 1661 431 1736 συμφώνου
460 1657 607 1736 πρατηρίου
637 1657 684 1717 καί
711 1658 898 1739 ἀρροβωνικοῦ
922 1659 1059 1737 ἐγγράφου
1090 1658 1295 1733 κατεδίσμευσα
1325 1659 1372 1719 ἀπ’

75 1785 155 1856 αὐτῆς
178 1780 249 1855 μετὰ
271 1779 317 1839 καὶ
339 1784 385 1839 τοῦ
408 1781 547 1853 κτήματος
570 1781 651 1854 αθτής
675 1784 721 1838 τοῦ
736 1780 823 1854 Λιβδς
845 1779 905 1853 ἤτοι
926 1785 980 1840 τῶν
1002 1780 1154 1860 Βαβοῦλου,
1179 1781 1373 1856 ἐπεκτησάμην

74 1902 173 1964 δὲκαὶ
203 1901 320 1972 τελείως
349 1903 459 1980 ῦοτερον
480 1902 526 1960 τδν
550 1901 600 1974 μὲν
624 1895 699 1960 οἷκον
723 1901 757 1960 δι’
772 1900 920 1979 ἀγορασίας
949 1901 1086 1978 ἐντελοῦς,
1117 1902 1148 1960 τδ
1171 1900 1202 1960 δὲ
1224 1907 1317 1977 κτῆμα
1341 1903 1374 1962 ἐκ

76 2027 217 2100 διαθήκης.
245 2024 291 2082 τδν
315 2023 407 2096 μέντοι
430 2020 572 2102 εἰρημένον
597 2015 671 2082 οἶκον
696 2022 885 2097 ἐπεκτησάμεν
907 2023 1052 2092 παντελῶς
1074 2025 1307 2082 καταπεπτωκότα
1326 2022 1372 2083 καὶ

77 2147 115 2218 εἰς
137 2149 201 2224 γόνυ
223 2145 353 2205 κλιθέντα
374 2143 420 2203 καί
444 2139 591 2223 ἄχρηστον,
614 2145 644 2202 τδ
668 2143 719 2218 μὲν
740 2149 774 2224 τῇ
798 2143 831 2202 ἐκ
852 2147 898 2203 τοῦ
920 2145 1019 2223 χρόνου
1042 2145 1195 2224 σαθρότητι,
1217 2146 1249 2204 τό
1272 2145 1304 2204 δὲ
1326 2144 1375 2204 καὶ

76 2291 114 2346 τῳ
137 2265 247 2345 ἐξαισίῳ
269 2266 362 2344 κλόνῳ
384 2269 430 2324 τοῦ
453 2269 565 2340 σεισμοῦ
587 2270 731 2342 προοεχῶς
753 2267 889 2344 γεγονότι,
912 2263 959 2324 καὶ
983 2265 1015 2324 ἐκ
1039 2265 1146 2344 βάθρων
1162 2265 1373 2345 ἀνῳκοδόμηοα,

77 2388 122 2448 καί
149 2389 269 2457 πολλοῖς
295 2385 343 2445 καί
370 2386 462 2466 άδροῖς
490 2386 654 2460 ἀναλώμασι
681 2385 727 2445 καὶ
751 2386 859 2466 ἱδρῶσιν
883 2386 990 2446 ἐκτῶν
1014 2388 1206 2467 ὑστερημάτων
1230 2408 1281 2462 μου
1304 2409 1373 2448 κατ-

80 2513 229 2586 εκόσμησε·
254 2511 284 2568 οῦ
306 2509 360 2588 γάρ
384 2508 510 2586 ἀφθονίαν
536 2509 616 2584 ἔσχον
640 2512 795 2587 τηνικαῦτα,
820 2509 859 2567 ἔτι
875 2508 946 2566 κατὰ
960 2509 1022 2580 τοὺς
1036 2513 1083 2570 τοῦ
1099 2508 1157 2584 βίου
1171 2509 1311 2588 πρόποδας
1326 2511 1375 2589 ῶν,

79 2633 121 2691 καί
151 2631 289 2706 μηδεμίαν
320 2630 437 2710 ἀρχικήν
469 2629 591 2702 ἐξουσίαν
621 2632 853 2708 περιζωσάμενος,
885 2631 951 2708 ὅπερ
981 2629 1028 2689 καί
1059 2632 1143 2710 μέχρι
1165 2631 1262 2701 τέλους
1284 2634 1375 2710 χάριτι

80 2757 190 2834 Χριστοῦ
214 2754 370 2832 διετήρησα,
396 2751 534 2827 μηδεμίαν
557 2752 646 2830 ἀρχὴν
669 2755 687 2826 ή
711 2750 844 2826 δημοσίαν
868 2751 994 2811 δουλείαν
1012 2751 1202 2830 ἐγχειρισθείς.
1234 2755 1376 2826 σννήνωοα

81 2876 110 2934 δὲ
137 2878 221 2955 τούτῳ
248 2873 294 2934 καί
324 2875 393 2954 άπερ
424 2871 587 2947 ἀντήλλαξα
610 2872 656 2932 καί
688 2871 867 2948 έξωνησάμην
891 2874 943 2932 ἀπό
966 2879 1066 2932 τετοῦ
1089 2873 1239 2952 Ψωραρίσυ
1261 2873 1308 2933 καί
1330 2878 1376 2934 τοῦ

79 2999 183 3077 Νοροή,
206 2995 253 3056 καί
277 2997 325 3055 ἕνα
348 2991 423 3056 οίκον
444 2995 595 3070 πεποίηκα·
619 2995 665 3054 καί
690 2995 823 3070 βούλομαι
847 2999 939 3054 τοῦτον
955 2997 1062 3054 ἅπαντα
1077 2997 1229 3068 συνεκτικδν
1245 2996 1375 3075 ὑπάρχειν

77 3122 249 3197 καταγώγιον
271 3123 321 3194 τῆς
343 3125 396 3176 τῶν
420 3119 493 3176 όλων
516 3124 628 3197 καρπῶν
652 3122 824 3196 συνειοφορᾱς
846 3116 892 3175 καί
915 3115 1064 3194 ὑποδοχῆς,
1087 3115 1134 3176 καί
1156 3122 1206 3192 τῆς
1220 3121 1274 3175 τῶν
1290 3113 1375 3188 ξένων

78 3243 199 3313 πενήτων
224 3240 438 3309 ἑπαναπαίνοεως
460 3238 507 3298 καί
531 3243 708 3316 καταγωγῆς,
740 3237 786 3296 καὶ
809 3239 1037 3317 πτωχοτροφεῖον,
1070 3239 1108 3309 ῶς
1129 3237 1297 3318 προείρηται,
1330 3235 1376 3296 καὶ

82 3357 146 3420 εῖναι
176 3361 221 3421 καί
248 3362 439 3436 όνομάζεσθαι.
486 3361 532 3420 σὺν
559 3361 643 3436 τοῦτῳ
672 3359 701 3419 δὲ
730 3359 776 3418 καί
804 3361 849 3418 τδν
878 3360 906 3418 ἐν
933 3365 967 3440 τῇ
991 3359 1077 3418 Πόλει
1105 3353 1178 3418 οίκόν
1202 3380 1262 3436 μου,
1294 3361 1375 3438 όνπερ

82 3481 258 3558 ἐξωνησάμην
283 3483 335 3542 ἀτδ
357 3488 405 3556 τῆς
428 3482 704 3560 πρωτοσπαθαρίοσης
724 3479 771 3540 καί
786 3482 998 3562 ἀσηκρητίσσης,
1021 3487 1105 3560 κυροῖς
1121 3483 1304 3561 Ἀναοτασοῦς,
1328 3486 1377 3557 τῆς

81 3605 298 3682 γυναικαδὲλφης
326 3625 387 3682 μου,
418 3602 563 3683 προστάξει
595 3603 723 3685 βασιλικῇ
748 3604 793 3664 διά
818 3603 933 3684 κρίσεως
956 3603 1002 3663 καί
1030 3603 1191 3680 δοκιμασίας
1213 3609 1267 3662 τῶν
1289 3623 1376 3682 προσ-

83 3727 252 3804 τεταγμένων
281 3725 423 3804 δικαστῶν,
454 3730 500 3784 τοῦ
527 3747 556 3784 τε
585 3727 680 3800 βέστου
702 3729 783 3806 κυροῦ
807 3726 928 3803 Μιχαὴλ
950 3724 996 3785 καί
1019 3725 1195 3804 κοιαίστωρος
1217 3729 1263 3785 τοῦ
1286 3725 1376 3802 Ἄνζᾱ,

84 3845 126 3903 καί
148 3851 192 3906 τοῦ
214 3849 417 3926 νομοφῦλακος·
451 3848 551 3927 ἀφιερῶ
574 3846 620 3907 καὶ
644 3847 722 3907 αὒτδν
747 3845 785 3918 είς
807 3851 1034 3927 πτωχοτροφεῖον,
1067 3846 1112 3906 καὶ
1136 3847 1272 3924 συντίθημι
1294 3850 1377 3905 ταῦτα

85 3966 127 4026 καί
157 3969 280 4046 ένοποιῶ,
311 3971 380 4028 ώστε
405 3969 544 4042 ἀλλήλοις
568 3969 726 4045 συνέχεοθαί
748 3989 777 4028 τε
801 3967 850 4043 καί
871 3969 1069 4046 συνυπάγεσθοιι
1092 3967 1139 4028 καί
1162 3968 1377 4045 συνδιοικεῖτθαι,

86 4089 128 4146 κοί
157 4091 415 4170 ουναρμολογεῖσθαι
445 4097 478 4170 τῇ
509 4089 697 4171 ἀρχιτεκτονίφι
718 4093 765 4148 τοῦ
793 4091 960 4164 πνεύματος·
992 4091 1122 4164 ἡνωμένα
1144 4090 1197 4170 γάρ
1228 4088 1377 4168 ὀφείλουσιν

90 4204 153 4268 εῖναι
179 4212 257 4290 άμφω
280 4209 327 4270 καὶ
350 4213 388 4282 ῶς
413 4213 482 4289 μέρη
505 4209 551 4270 καί
575 4211 649 4285 μέλη
674 4211 847 4270 συνδεδέσθαι
870 4211 909 4289 τῷ
932 4211 1073 4289 πνεύματι,
1104 4209 1151 4269 καί
1174 4212 1223 4269 ῦπδ
1245 4209 1283 4288 τῷ
1307 4209 1379 4286 οιίντῷ

90 4331 243 4410 κληρονόμῳ
267 4332 313 4392 καί
345 4333 472 4415 δεσπότῃ,
504 4333 542 4412 τῷ
574 4333 723 4412 ἐπουρανίῳ
755 4331 821 4411 φημί
852 4332 963 4406 βασιλεῖ
984 4333 1085 4411 τελεῖν,
1117 4330 1162 4391 διὰ
1183 4337 1233 4406 τῆς
1257 4329 1295 4402 είς
1316 4329 1379 4402 τοὺς

90 4454 199 4528 πένητας
222 4455 341 4526 εὐποιίας
363 4454 409 4514 καί
433 4455 617 4528 μεταδόσεως.
662 4459 736 4513 τυπῶ
760 4454 791 4513 δὲ
813 4455 859 4514 τόν
883 4452 1026 4533 εἰρημένον
1049 4447 1123 4512 οἷκον
1146 4451 1193 4513 καί
1216 4453 1316 4532 ἀφιερῶ
1340 4451 1379 4521 είς

93 4579 323 4658 πτρωχοτροφεῖον,
350 4579 411 4636 άνευ
433 4581 479 4637 τοῦ
501 4578 644 4654 κατωγέου
666 4581 712 4635 τοῦ
735 4573 890 4656 Τρικλίνου,
913 4580 959 4634 τοῦ
983 4575 1058 4645 ’όντος
1082 4575 1212 4652 σύνεγγυς
1234 4572 1280 4633 καί
1302 4574 1378 4646 ήνω-

94 4695 226 4783 μένωςτῇ
252 4699 387 4780 ἐκκλησίᾳ
409 4703 455 4757 τοῦ
473 4697 642 4778 Προδρόμου,
667 4699 732 4778 όπερ
756 4700 897 4775 κατώγεον
920 4695 967 4756 καί
989 4697 1036 4770 τήν
1061 4692 1248 4767 εἰοοδοέξοδον
1273 4695 1331 4773 έχει
1350 4695 1378 4753 έν
