3194 5298
674 901 722 978 V.

66 1092 219 1184 ffiplomata
242 1112 386 1168 concessa
407 1092 549 1168 Μίσίιιίίί
572 1091 736 1168 Αθιίίνῑιιυ
759 1099 788 1167 σί
810 1095 935 1187 hospitio
957 1114 1116 1188 pauperum
1136 1096 1173 1171 ab
1198 1117 1231 1172 ω
1254 1099 1341 1174 Insti-

464 1220 525 1288 tuto
548 1215 578 1288 ln
601 1214 725 1288 civltate
747 1213 924 1290 Rhandesto.

306 1439 332 1503 Ι.
357 1437 584 1516 6583-1074,
608 1461 718 1504 mense
741 1439 875 1524 octobri,
899 1439 964 1505 ind.
988 1439 1083 1506 XIII.

65 1619 201 1688 Imperator
218 1621 338 1676 Μίσόαὲί
353 1623 448 1676 Ducat
461 1623 648 1692 Ραναρίπασσσ
663 1627 754 1676 tuetur
760 1623 833 1690 jura
847 1629 873 1678 et
887 1625 1063 1694 &emptiones
1074 1626 1274 1695 ροσεασσόοπυω
1287 1625 1342 1678 Μί-

556 1726 655 1780 σίιαὲίίι
670 1726 832 1781 Attalium.

63 1927 97 1984 Τό
124 1926 190 1986 ἴσον
220 1932 276 1988 τοῦ
305 1928 561 2008 χρυσοβοόλλου
590 1931 644 1986 τοῦ
668 1926 836 2000 βασιλέως
865 1932 962 2008 κυροῦ
985 1929 1127 2006 Μιχαὴλ
1156 1933 1211 1990 τοῦ
1233 1931 1341 1991 Δοὺκα

63 2052 106 2107 τοῦ
127 2051 419 2130 καταστρωθέντος
441 2047 489 2121 εἰς
512 2050 546 2109 τό
568 2050 727 2126 σέκρετον
749 2053 804 2109 τοῦ
826 2054 959 2128 γενικοῦ
982 2050 1165 2128 λογοθέτου
1187 2053 1271 2112 κατὰ
1286 2055 1340 2113 τδν

63 2174 186 2250 μίρτιον
209 2177 297 2246 μῆνα
318 2176 379 2246 τῆς
396 2170 436 2250 ιγ’
465 2169 675 2242 ίνδικτιῶυος
700 2169 756 2230 καὶ
784 2169 831 2242 εἰς
853 2172 889 2230 τό
911 2173 1068 2251 σὲκρετον
1084 2177 1145 2232 τῶν
1161 2171 1341 2234 οἰκειακῶν

62 2291 107 2364 τὴν
127 2291 175 2367 κη’
203 2293 343 2372 μαρτίου
371 2295 474 2370 μηνός
498 2291 704 2364 ίνδικτιῶνος
728 2287 766 2371 ιγ’
794 2291 850 2352 καὶ
873 2291 921 2364 εἰς
942 2295 977 2353 τό
1000 2295 1156 2374 σέκρετον
1178 2301 1237 2374 τῆς
1259 2317 1339 2358 σακ-

61 2413 176 2488 κέλλης
206 2413 254 2486 είς
284 2419 372 2490 μῆνα
402 2415 539 2496 μάρτιον
569 2411 776 2485 ἰνδικτιῶνος
800 2412 840 2491 ιγ’
870 2413 925 2473 καὶ
956 2412 1003 2487 είς
1032 2417 1067 2474 τό
1095 2417 1256 2496 οέκρετον
1287 2423 1341 2479 τοῦ

63 2532 236 2612 οἰκονομίου
259 2542 321 2596 τῶν
345 2537 472 2614 είιαγῶν
495 2535 595 2596 οἴκων
618 2535 779 2610 κατὰτὴν
799 2535 998 2616 τριακοστὴν
1014 2541 1069 2596 τοῡ
1085 2538 1222 2618 μαρτίου
1238 2543 1341 2617 μηνός

62 2651 253 2730 ίνδικτιῶνος
276 2657 316 2736 ιγ’
338 2656 392 2718 καὶ
416 2655 466 2729 εἰς
488 2657 522 2716 τδ
545 2659 701 2738 σέκρετον
724 2661 779 2717 τοῦ
799 2662 1034 2738 στρατιωτικοῦ
1053 2658 1236 2738 λογοθέτου
1256 2661 1341 2722 κατὰ

16 2821 17 2890 ,
313 2778 371 2853 τὴν
396 2777 434 2839 ιδ’
459 2779 561 2854 μηνός
584 2776 766 2859 ἀπριλλίου
789 2777 996 2850 ίνδικτιῶνος
1020 2779 1070 2859 ιγ’.

151 2958 166 3028 ί
187 2953 238 3012 Ἐν
262 2952 401 3027 ὀνόματι
422 2955 478 3013 τοῦ
499 2954 622 3032 πατρός
644 2951 700 3012 καὶ
721 2956 777 3012 τοῦ
799 2951 868 3012 υἱοῦ
890 2950 1015 3012 καὶτοῦ
1031 2953 1126 3030 ἁγίου
1142 2955 1337 3030 πνεύματος.

63 3072 189 3150 Μιχαὴλ
218 3075 252 3134 ἐν
275 3073 404 3154 Χριστῷ
434 3072 613 3155 όρθόδοξος
643 3073 805 3148 βασιλεὺς
826 3071 883 3132 καί
905 3072 1147 3157 αδτοκροίτωρί)
1170 3075 1339 3150 Ῥωμαίων

62 3192 212 3267 όίοόιιας
233 3200 258 3272 †.

150 3321 165 3394 ί
186 3317 237 3388 Ὦς
259 3315 338 3377 οὐδέν
360 3339 384 3378 τι
405 3317 459 3378 τῶν
482 3319 607 3378 ἁπάντων
631 3317 704 3378 ἄλλο
725 3315 854 3378 δεσπότου
869 3316 958 3395 ψυχὴν
974 3316 1114 3396 φιλότιμον
1130 3317 1339 3400 ριλοτιμστέροιν

63 3432 94 3506 είς
120 3435 159 3498 ἀεὶ
184 3441 283 3516 ἑαυτῆς
314 3439 515 3520 ἀπεργάζεσθαι
537 3439 656 3519 δόναται,
686 3441 725 3511 ὡς
746 3438 832 3510 πίστις’
855 3436 1003 3519 εἰλικρινὴς
1025 3440 1144 3516 ὑπηκόου
1167 3440 1339 3516 εθγνωμονος

63 3557 100 3616 καὶ
117 3563 178 3640 πρός
197 3563 249 3637 τὴν
270 3565 317 3622 τοῦ
340 3562 469 3622 δεσπότου
492 3562 637 3642 θεραπείαν
660 3562 726 3620 ὅλον
749 3561 801 3620 ἀπό
828 3565 919 3640 ψυχῆς
940 3563 971 3622 τδ
993 3563 1129 3642 πρόθυμον
1151 3561 1337 3636 ἐπιτείνοντος.

64 3676 82 3738 εἰ
100 3680 126 3742 δὲ
145 3683 191 3744 καί
212 3681 325 3766 παιδείᾳ
346 3683 456 3760 μᾶλλον
478 3690 511 3766 τῇ
531 3683 694 3762 κοινωφελεῖ
708 3681 754 3742 καὶ
770 3688 858 3762 ψυχῆς
876 3678 967 3766 εθρυίρ
981 3681 1028 3744 καὶ
1043 3687 1146 3744 συνέσει
1161 3686 1338 3764 κεκόσμηται,

65 3800 115 3860 όσον
128 3803 164 3878 εἰς
177 3805 320 3885 φιλότιμον
335 3809 412 3866 τοῦτο
428 3805 560 3879 δεσπότην
567 3801 594 3890 ²)
611 3801 686 3877 αὖθις
702 3805 926 3886 ἐπαγωγότερον·
942 3805 1008 3865 όλον
1023 3805 1076 3885 γὰρ
1092 3805 1145 3880 ἤδη
1160 3807 1228 3887 πρός
1244 3807 1338 3866 ἑαυτόν

66 3923 136 3984 οὐτοσὶ
155 3929 199 3986 τδν
223 3927 369 4006 δεσπότην,
393 3928 431 3998 ὡς
453 3933 587 4006 μαγνῆτις
610 3928 755 4007 ἐφέλκεται
778 3926 896 4005 σίδηρον,
920 3925 966 3987 καί
984 3933 1038 3986 τῶν
1052 3928 1116 4006 παρ’
1125 3928 1204 3987 αὺτοῦ
1218 3927 1337 4006 χαρίτων

67 4041 228 4108 ἐπαπολαὺειν
251 4045 371 4120 ἀξιοῦται
393 4050 463 4108 κατὰ
484 4049 515 4107 τό
539 4047 612 4120 εἰκός
621 4047 642 4130 ³)
665 4048 862 4128 ἀφθονώτατον.
887 4046 933 4108 καί
957 4049 996 4108 ότι
1018 4049 1089 4106 τοῦθ’
1102 4049 1188 4120 οότως
1211 4047 1336 4126 ἔχεικαὶ

67 4157 151 4240 ἀληθὲς
176 4171 207 4229 τό
235 4169 399 4250 λεγόμενον,
431 4171 553 4250 ἄντικρυς
579 4169 608 4226 ἐν
636 4168 786 4247 δρθαλμοϊς
814 4170 866 4248 οίρα
888 4167 935 4228 καί
957 4170 987 4228 οὺ
1008 4170 1101 4248 πόρρω
1123 4189 1169 4230 ποι
1191 4172 1221 4230 τό
1243 4173 1335 4250 παρά-

67 4283 149 4366 δειγμα
176 4291 322 4352 δέδεικται.
356 4293 372 4350 ό
402 4291 552 4362 ἀνθύπατος
580 4291 701 4368 Μιχαὴλ
730 4290 776 4350 καὶ
805 4290 898 4368 κριτὴς
928 4291 943 4349 ό
975 4290 1170 4364 Ἀτταλειοίτης
1200 4289 1267 4368 ἀνὴρ
1296 4290 1335 4369 τῷ

67 4405 106 4476 μὲν
123 4411 227 4494 γεραρῷ
248 4417 294 4472 τοῦ
317 4412 407 4485 εἴδους
429 4412 579 4492 αἰδέσιμος,
601 4411 640 4490 τῷ
661 4410 772 4491 χρηστῷ
796 4411 826 4471 δὲ
846 4415 892 4472 τοῦ
907 4411 988 4486 ἤθους
1003 4408 1050 4470 καὶ
1066 4411 1144 4486 μάλα
1158 4411 1333 4492 θπέρσεμνος,

67 4563 247 4578 Ἢ

152 4671 169 4737 ¹)
185 4667 268 4730 πιστός
287 4669 401 4738 βασιλεὺς
420 4668 546 4740 δρθόδοξσς
566 4669 722 4739 αὐτοκράτωρ
742 4635 788 4724 S.⁸
841 4671 861 4738 ²)
881 4669 1022 4722 δεσποτικόν
1040 4673 1065 4724 S.
1139 4671 1160 4738 ³)
1179 4668 1248 4730 εἰκῶς
1268 4670 1332 4721 eod.
