<?xml version="1.0" encoding="UTF-8"?>
<!DOCTYPE html PUBLIC "-//W3C//DTD XHTML 1.0 Transitional//EN"
    "http://www.w3.org/TR/xhtml1/DTD/xhtml1-transitional.dtd">
<html xmlns="http://www.w3.org/1999/xhtml" xml:lang="en" lang="en">
 <head>
  <title>
</title>
<meta http-equiv="Content-Type" content="text/html;charset=utf-8" />
  <meta name='ocr-system' content='tesseract 3.04.00' />
  <meta name='ocr-capabilities' content='ocr_page ocr_carea ocr_par ocr_line ocrx_word'/>
</head>
<body>
  <div class='ocr_page' id='page_1' title='image "./actaetdiplomata00miklgoog_0165.png"; bbox 0 0 3166 5298; ppageno 0'>
   <div class='ocr_carea' id='block_1_1' title="bbox 245 345 306 410">
    <p class='ocr_par' dir='ltr' id='par_1_1' title="bbox 245 345 306 410">
     <span class='ocr_line' id='line_1_1' title="bbox 245 345 306 410; baseline 0.033 -2"><span class='ocrx_word' id='word_1_1' title='bbox 245 345 306 410; x_wconf 75' lang='lat'>124</span> 
     </span>
    </p>
   </div>
   <div class='ocr_carea' id='block_1_2' title="bbox 152 531 1582 4275">
    <p class='ocr_par' dir='ltr' id='par_1_2' title="bbox 152 531 1582 4275">
     <span class='ocr_line' id='line_1_2' title="bbox 242 531 1527 618; baseline -0.005 -20"><span class='ocrx_word' id='word_1_2' title='bbox 242 535 378 613; x_wconf 79' lang='grc' dir='ltr'>οίιιήματα</span> <span class='ocrx_word' id='word_1_3' title='bbox 401 538 592 618; x_wconf 79' lang='grc' dir='ltr'>έμρυτευτινοί·</span> <span class='ocrx_word' id='word_1_4' title='bbox 617 541 708 617; x_wconf 83' lang='grc' dir='ltr'>ἕτερον</span> <span class='ocrx_word' id='word_1_5' title='bbox 729 537 831 618; x_wconf 76' lang='grc' dir='ltr'>τὸπιον,</span> <span class='ocrx_word' id='word_1_6' title='bbox 854 536 883 596; x_wconf 85' lang='grc' dir='ltr'>έν</span> <span class='ocrx_word' id='word_1_7' title='bbox 906 531 928 617; x_wconf 83' lang='grc' dir='ltr'>ᾧ</span> <span class='ocrx_word' id='word_1_8' title='bbox 951 535 1115 615; x_wconf 82' lang='grc' dir='ltr'>εῦρίσνονται</span> <span class='ocrx_word' id='word_1_9' title='bbox 1137 532 1184 594; x_wconf 85' lang='grc' dir='ltr'>ιιαὶ</span> <span class='ocrx_word' id='word_1_10' title='bbox 1206 533 1341 610; x_wconf 80' lang='grc' dir='ltr'>οίιιήματα</span> <span class='ocrx_word' id='word_1_11' title='bbox 1357 533 1527 615; x_wconf 86' lang='grc' dir='ltr'>έτοιιριοίρχου</span> 
     </span>
     <span class='ocr_line' id='line_1_3' title="bbox 240 650 1528 740; baseline -0.004 -21"><span class='ocrx_word' id='word_1_12' title='bbox 240 663 287 719; x_wconf 85' lang='grc' dir='ltr'>τοῦ</span> <span class='ocrx_word' id='word_1_13' title='bbox 309 659 434 720; x_wconf 86' lang='grc' dir='ltr'>Καλίὸου</span> <span class='ocrx_word' id='word_1_14' title='bbox 460 657 507 720; x_wconf 78' lang='grc' dir='ltr'>ναὶ</span> <span class='ocrx_word' id='word_1_15' title='bbox 532 666 582 736; x_wconf 85' lang='grc' dir='ltr'>τῆς</span> <span class='ocrx_word' id='word_1_16' title='bbox 604 661 727 740; x_wconf 80' lang='grc' dir='ltr'>οἰὸελρῆς</span> <span class='ocrx_word' id='word_1_17' title='bbox 750 661 828 720; x_wconf 86' lang='grc' dir='ltr'>αῦτοῦ</span> <span class='ocrx_word' id='word_1_18' title='bbox 849 666 899 735; x_wconf 87' lang='grc' dir='ltr'>τῆς</span> <span class='ocrx_word' id='word_1_19' title='bbox 921 657 1081 738; x_wconf 79' lang='grc' dir='ltr'>Φωναίνης,</span> <span class='ocrx_word' id='word_1_20' title='bbox 1112 657 1177 739; x_wconf 87' lang='grc' dir='ltr'>ῦπὲρ</span> <span class='ocrx_word' id='word_1_21' title='bbox 1199 650 1237 716; x_wconf 82' lang='grc' dir='ltr'>ὧν</span> <span class='ocrx_word' id='word_1_22' title='bbox 1258 656 1366 716; x_wconf 83' lang='grc' dir='ltr'>τελοῦσι</span> <span class='ocrx_word' id='word_1_23' title='bbox 1388 655 1436 716; x_wconf 72' lang='grc' dir='ltr'>καί</span> <span class='ocrx_word' id='word_1_24' title='bbox 1458 650 1528 716; x_wconf 85' lang='grc' dir='ltr'>οῦτοι</span> 
     </span>
     <span class='ocr_line' id='line_1_4' title="bbox 241 771 1527 862; baseline -0.002 -22"><span class='ocrx_word' id='word_1_25' title='bbox 241 782 309 861; x_wconf 91' lang='grc' dir='ltr'>πρὸς</span> <span class='ocrx_word' id='word_1_26' title='bbox 337 783 367 841; x_wconf 94' lang='grc' dir='ltr'>τὸ</span> <span class='ocrx_word' id='word_1_27' title='bbox 398 783 481 862; x_wconf 85' lang='grc' dir='ltr'>μέρος</span> <span class='ocrx_word' id='word_1_28' title='bbox 502 787 552 858; x_wconf 85' lang='grc' dir='ltr'>τῆς</span> <span class='ocrx_word' id='word_1_29' title='bbox 579 771 707 862; x_wconf 78' lang='grc' dir='ltr'>ῥηθείσης</span> <span class='ocrx_word' id='word_1_30' title='bbox 727 782 878 858; x_wconf 81' lang='grc' dir='ltr'>σεβασμίας</span> <span class='ocrx_word' id='word_1_31' title='bbox 900 787 985 860; x_wconf 87' lang='grc' dir='ltr'>μονῆς</span> <span class='ocrx_word' id='word_1_32' title='bbox 1006 782 1037 842; x_wconf 92' lang='grc' dir='ltr'>τὸ</span> <span class='ocrx_word' id='word_1_33' title='bbox 1061 781 1165 856; x_wconf 71' lang='grc' dir='ltr'>ἐτήσιον</span> <span class='ocrx_word' id='word_1_34' title='bbox 1189 779 1357 857; x_wconf 86' lang='grc' dir='ltr'>έμρῦτενμα·</span> <span class='ocrx_word' id='word_1_35' title='bbox 1384 778 1460 850; x_wconf 86' lang='grc' dir='ltr'>ἐντὸς</span> <span class='ocrx_word' id='word_1_36' title='bbox 1482 783 1527 837; x_wconf 83' lang='grc' dir='ltr'>τοῦ</span> 
     </span>
     <span class='ocr_line' id='line_1_5' title="bbox 216 893 1528 985; baseline -0.002 -23"><span class='ocrx_word' id='word_1_37' title='bbox 216 893 218 896; x_wconf 57' lang='grc'>’</span> <span class='ocrx_word' id='word_1_38' title='bbox 242 901 384 982; x_wconf 77' lang='grc' dir='ltr'><strong>εἰρημένου</strong></span> <span class='ocrx_word' id='word_1_39' title='bbox 410 907 525 984; x_wconf 81' lang='grc' dir='ltr'>ιιιίστροο</span> <span class='ocrx_word' id='word_1_40' title='bbox 551 902 742 983; x_wconf 83' lang='grc' dir='ltr'>ῦὸρομῦλωνες</span> <span class='ocrx_word' id='word_1_41' title='bbox 768 902 934 985; x_wconf 79' lang='grc' dir='ltr'>ὁλοναιρινοί</span> <span class='ocrx_word' id='word_1_42' title='bbox 948 903 994 984; x_wconf 61' lang='grc' dir='ltr'>ζ’,</span> <span class='ocrx_word' id='word_1_43' title='bbox 1030 903 1070 982; x_wconf 81' lang='grc' dir='ltr'>ἐφ’</span> <span class='ocrx_word' id='word_1_44' title='bbox 1084 895 1123 974; x_wconf 82' lang='grc' dir='ltr'>οἷς</span> <span class='ocrx_word' id='word_1_45' title='bbox 1150 901 1197 962; x_wconf 82' lang='grc' dir='ltr'>ιιοιί</span> <span class='ocrx_word' id='word_1_46' title='bbox 1224 901 1365 982; x_wconf 85' lang='grc' dir='ltr'>ἐπορίσατο</span> <span class='ocrx_word' id='word_1_47' title='bbox 1391 901 1422 961; x_wconf 90' lang='grc' dir='ltr'>τὸ</span> <span class='ocrx_word' id='word_1_48' title='bbox 1445 903 1528 981; x_wconf 82' lang='grc' dir='ltr'>μέρος</span> 
     </span>
     <span class='ocr_line' id='line_1_6' title="bbox 240 1021 1528 1106; baseline -0.002 -24"><span class='ocrx_word' id='word_1_49' title='bbox 240 1029 290 1100; x_wconf 85' lang='grc' dir='ltr'>τῆς</span> <span class='ocrx_word' id='word_1_50' title='bbox 305 1025 388 1100; x_wconf 82' lang='grc' dir='ltr'>αῦτῆς</span> <span class='ocrx_word' id='word_1_51' title='bbox 403 1024 553 1099; x_wconf 79' lang='grc' dir='ltr'>σεβασμίας</span> <span class='ocrx_word' id='word_1_52' title='bbox 569 1032 639 1101; x_wconf 90' lang='grc' dir='ltr'>μονῆ</span> <span class='ocrx_word' id='word_1_53' title='bbox 656 1024 716 1096; x_wconf 83' lang='grc' dir='ltr'>ςιιαὶ</span> <span class='ocrx_word' id='word_1_54' title='bbox 732 1027 804 1085; x_wconf 81' lang='grc' dir='ltr'>θεῖον</span> <span class='ocrx_word' id='word_1_55' title='bbox 819 1023 866 1085; x_wconf 78' lang='grc' dir='ltr'>οιαὶ</span> <span class='ocrx_word' id='word_1_56' title='bbox 881 1026 977 1086; x_wconf 89' lang='grc' dir='ltr'>σεπτὸν</span> <span class='ocrx_word' id='word_1_57' title='bbox 992 1023 1210 1104; x_wconf 78' lang='grc' dir='ltr'>χρυσίβουλλον·</span> <span class='ocrx_word' id='word_1_58' title='bbox 1229 1025 1322 1103; x_wconf 88' lang='grc' dir='ltr'>έτερος</span> <span class='ocrx_word' id='word_1_59' title='bbox 1329 1021 1352 1106; x_wconf 89' lang='lat'>¹)</span> <span class='ocrx_word' id='word_1_60' title='bbox 1368 1022 1528 1104; x_wconf 80' lang='grc' dir='ltr'>ῦὸρομῦλων</span> 
     </span>
     <span class='ocr_line' id='line_1_7' title="bbox 242 1142 1528 1228; baseline 0 -24"><span class='ocrx_word' id='word_1_61' title='bbox 242 1142 273 1218; x_wconf 80' lang='grc' dir='ltr'>ἐξ</span> <span class='ocrx_word' id='word_1_62' title='bbox 295 1145 443 1226; x_wconf 85' lang='grc' dir='ltr'>ἀγορασίας</span> <span class='ocrx_word' id='word_1_63' title='bbox 465 1147 517 1206; x_wconf 81' lang='grc' dir='ltr'>ἀπὸ</span> <span class='ocrx_word' id='word_1_64' title='bbox 539 1151 585 1207; x_wconf 90' lang='grc' dir='ltr'>τοῦ</span> <span class='ocrx_word' id='word_1_65' title='bbox 600 1147 752 1208; x_wconf 83' lang='grc' dir='ltr'>Σιναὸινοῦ·</span> <span class='ocrx_word' id='word_1_66' title='bbox 777 1148 880 1222; x_wconf 85' lang='grc' dir='ltr'>ἁμπέλι</span> <span class='ocrx_word' id='word_1_67' title='bbox 904 1147 932 1205; x_wconf 79' lang='grc' dir='ltr'>ἐν</span> <span class='ocrx_word' id='word_1_68' title='bbox 954 1145 1146 1228; x_wconf 75' lang='grc' dir='ltr'>πῆτοποθεσίᾳ</span> <span class='ocrx_word' id='word_1_69' title='bbox 1159 1149 1206 1206; x_wconf 91' lang='grc' dir='ltr'>τοῦ</span> <span class='ocrx_word' id='word_1_70' title='bbox 1221 1143 1298 1223; x_wconf 81' lang='grc' dir='ltr'>ἁγίου</span> <span class='ocrx_word' id='word_1_71' title='bbox 1314 1145 1460 1206; x_wconf 84' lang='grc' dir='ltr'>Βασιλείαν</span> <span class='ocrx_word' id='word_1_72' title='bbox 1477 1142 1528 1204; x_wconf 81' lang='grc' dir='ltr'>ἀπὸ</span> 
     </span>
     <span class='ocr_line' id='line_1_8' title="bbox 241 1263 1527 1352; baseline -0.001 -27"><span class='ocrx_word' id='word_1_73' title='bbox 241 1265 426 1348; x_wconf 84' lang='grc' dir='ltr'>προσενέξεως</span> <span class='ocrx_word' id='word_1_74' title='bbox 441 1263 508 1352; x_wconf 78' lang='grc' dir='ltr'>[τοῦ]</span> <span class='ocrx_word' id='word_1_75' title='bbox 525 1268 679 1328; x_wconf 85' lang='grc' dir='ltr'>Φιλίππου·</span> <span class='ocrx_word' id='word_1_76' title='bbox 704 1272 794 1349; x_wconf 83' lang='grc' dir='ltr'>ἕτερον</span> <span class='ocrx_word' id='word_1_77' title='bbox 810 1267 850 1340; x_wconf 87' lang='grc' dir='ltr'>είς</span> <span class='ocrx_word' id='word_1_78' title='bbox 864 1270 909 1329; x_wconf 87' lang='grc' dir='ltr'>τὸν</span> <span class='ocrx_word' id='word_1_79' title='bbox 931 1266 1071 1328; x_wconf 86' lang='grc' dir='ltr'>Ἐλαιιῦνα</span> <span class='ocrx_word' id='word_1_80' title='bbox 1086 1269 1139 1328; x_wconf 81' lang='grc' dir='ltr'>ἀπὸ</span> <span class='ocrx_word' id='word_1_81' title='bbox 1155 1265 1340 1348; x_wconf 77' lang='grc' dir='ltr'>προσενέξεως</span> <span class='ocrx_word' id='word_1_82' title='bbox 1355 1270 1402 1327; x_wconf 84' lang='grc' dir='ltr'>τοῦ</span> <span class='ocrx_word' id='word_1_83' title='bbox 1414 1267 1527 1341; x_wconf 76' lang='grc' dir='ltr'>Τζίντζη</span> 
     </span>
     <span class='ocr_line' id='line_1_9' title="bbox 240 1382 1527 1473; baseline 0 -26"><span class='ocrx_word' id='word_1_84' title='bbox 240 1387 286 1447; x_wconf 78' lang='grc' dir='ltr'>καὶ</span> <span class='ocrx_word' id='word_1_85' title='bbox 302 1382 357 1473; x_wconf 76' lang='grc' dir='ltr'>[τὰ]</span> <span class='ocrx_word' id='word_1_86' title='bbox 373 1391 419 1448; x_wconf 89' lang='grc' dir='ltr'>τοῦ</span> <span class='ocrx_word' id='word_1_87' title='bbox 433 1390 593 1467; x_wconf 82' lang='grc' dir='ltr'>Βογολὸγου</span> <span class='ocrx_word' id='word_1_88' title='bbox 618 1393 757 1471; x_wconf 83' lang='grc' dir='ltr'>χωροίρια·</span> <span class='ocrx_word' id='word_1_89' title='bbox 792 1389 938 1467; x_wconf 79' lang='grc' dir='ltr'>ἑξάμπελα</span> <span class='ocrx_word' id='word_1_90' title='bbox 954 1391 982 1449; x_wconf 89' lang='grc' dir='ltr'>ἐν</span> <span class='ocrx_word' id='word_1_91' title='bbox 998 1397 1031 1472; x_wconf 81' lang='grc' dir='ltr'>τῆ</span> <span class='ocrx_word' id='word_1_92' title='bbox 1047 1391 1191 1472; x_wconf 80' lang='grc' dir='ltr'>τοποθεσίρι</span> <span class='ocrx_word' id='word_1_93' title='bbox 1205 1395 1258 1449; x_wconf 86' lang='grc' dir='ltr'>τῶν</span> <span class='ocrx_word' id='word_1_94' title='bbox 1274 1388 1395 1449; x_wconf 84' lang='grc' dir='ltr'>Δανείων</span> <span class='ocrx_word' id='word_1_95' title='bbox 1411 1386 1442 1461; x_wconf 81' lang='grc' dir='ltr'>έξ</span> <span class='ocrx_word' id='word_1_96' title='bbox 1457 1389 1527 1467; x_wconf 80' lang='grc' dir='ltr'>ἀγο-</span> 
     </span>
     <span class='ocr_line' id='line_1_10' title="bbox 240 1509 1528 1592; baseline 0.001 -25"><span class='ocrx_word' id='word_1_97' title='bbox 240 1510 333 1590; x_wconf 88' lang='grc' dir='ltr'>ρασίας</span> <span class='ocrx_word' id='word_1_98' title='bbox 348 1509 395 1569; x_wconf 74' lang='grc' dir='ltr'>καί</span> <span class='ocrx_word' id='word_1_99' title='bbox 411 1511 462 1570; x_wconf 84' lang='grc' dir='ltr'>ἀπὸ</span> <span class='ocrx_word' id='word_1_100' title='bbox 477 1510 662 1592; x_wconf 83' lang='grc' dir='ltr'>προσενέξεως</span> <span class='ocrx_word' id='word_1_101' title='bbox 678 1511 798 1590; x_wconf 78' lang='grc' dir='ltr'><strong>Μιχαὴλ</strong></span> <span class='ocrx_word' id='word_1_102' title='bbox 812 1516 858 1572; x_wconf 88' lang='grc' dir='ltr'>τοῦ</span> <span class='ocrx_word' id='word_1_103' title='bbox 875 1511 1021 1592; x_wconf 85' lang='grc' dir='ltr'>Πελαργοῦ</span> <span class='ocrx_word' id='word_1_104' title='bbox 1036 1511 1137 1588; x_wconf 82' lang='grc' dir='ltr'>μοὸίων</span> <span class='ocrx_word' id='word_1_105' title='bbox 1152 1509 1190 1570; x_wconf 86' lang='grc' dir='ltr'>ν’·</span> <span class='ocrx_word' id='word_1_106' title='bbox 1216 1513 1306 1590; x_wconf 81' lang='grc' dir='ltr'>ἕτερον</span> <span class='ocrx_word' id='word_1_107' title='bbox 1321 1512 1460 1592; x_wconf 81' lang='grc' dir='ltr'>χωροίιριον</span> <span class='ocrx_word' id='word_1_108' title='bbox 1476 1511 1528 1568; x_wconf 86' lang='grc' dir='ltr'>ἀπὸ</span> 
     </span>
     <span class='ocr_line' id='line_1_11' title="bbox 238 1628 1528 1713; baseline -0.001 -23"><span class='ocrx_word' id='word_1_109' title='bbox 238 1628 424 1712; x_wconf 81' lang='grc' dir='ltr'>προσενέξεως</span> <span class='ocrx_word' id='word_1_110' title='bbox 445 1636 491 1692; x_wconf 90' lang='grc' dir='ltr'>τοῦ</span> <span class='ocrx_word' id='word_1_111' title='bbox 507 1631 659 1712; x_wconf 77' lang='grc' dir='ltr'>Ἀραβαντᾶ</span> <span class='ocrx_word' id='word_1_112' title='bbox 678 1632 719 1706; x_wconf 87' lang='grc' dir='ltr'>είς</span> <span class='ocrx_word' id='word_1_113' title='bbox 737 1637 767 1694; x_wconf 90' lang='grc' dir='ltr'>τὸ</span> <span class='ocrx_word' id='word_1_114' title='bbox 784 1634 943 1712; x_wconf 79' lang='grc' dir='ltr'>Ἀγελίτζην</span> <span class='ocrx_word' id='word_1_115' title='bbox 963 1629 1064 1710; x_wconf 85' lang='grc' dir='ltr'>μοὸίων</span> <span class='ocrx_word' id='word_1_116' title='bbox 1081 1633 1127 1706; x_wconf 92' lang='grc' dir='ltr'>ις’·</span> <span class='ocrx_word' id='word_1_117' title='bbox 1151 1639 1187 1712; x_wconf 87' lang='grc' dir='ltr'>γῆ</span> <span class='ocrx_word' id='word_1_118' title='bbox 1209 1635 1261 1693; x_wconf 89' lang='grc' dir='ltr'>ἀπὸ</span> <span class='ocrx_word' id='word_1_119' title='bbox 1281 1629 1468 1713; x_wconf 80' lang='grc' dir='ltr'>προσενέξεως</span> <span class='ocrx_word' id='word_1_120' title='bbox 1482 1630 1528 1690; x_wconf 77' lang='grc' dir='ltr'>καί</span> 
     </span>
     <span class='ocr_line' id='line_1_12' title="bbox 240 1747 1528 1838; baseline 0 -26"><span class='ocrx_word' id='word_1_121' title='bbox 240 1747 295 1838; x_wconf 78' lang='grc' dir='ltr'>[ἐξ]</span> <span class='ocrx_word' id='word_1_122' title='bbox 312 1751 459 1834; x_wconf 76' lang='grc' dir='ltr'>ἀγορασίαις</span> <span class='ocrx_word' id='word_1_123' title='bbox 482 1751 520 1825; x_wconf 90' lang='grc' dir='ltr'>είς</span> <span class='ocrx_word' id='word_1_124' title='bbox 539 1755 584 1814; x_wconf 90' lang='grc' dir='ltr'>τὸν</span> <span class='ocrx_word' id='word_1_125' title='bbox 599 1757 679 1814; x_wconf 80' lang='grc' dir='ltr'>τόπον</span> <span class='ocrx_word' id='word_1_126' title='bbox 695 1762 743 1832; x_wconf 87' lang='grc' dir='ltr'>τῆς</span> <span class='ocrx_word' id='word_1_127' title='bbox 759 1755 912 1835; x_wconf 89' lang='grc' dir='ltr'>Μελιροίας</span> <span class='ocrx_word' id='word_1_128' title='bbox 925 1755 1042 1832; x_wconf 83' lang='grc' dir='ltr'>πλησίον</span> <span class='ocrx_word' id='word_1_129' title='bbox 1056 1761 1106 1832; x_wconf 84' lang='grc' dir='ltr'>τῆς</span> <span class='ocrx_word' id='word_1_130' title='bbox 1120 1762 1174 1834; x_wconf 84' lang='grc' dir='ltr'>γῆς</span> <span class='ocrx_word' id='word_1_131' title='bbox 1188 1761 1242 1814; x_wconf 84' lang='grc' dir='ltr'>τῶν</span> <span class='ocrx_word' id='word_1_132' title='bbox 1257 1753 1458 1830; x_wconf 80' lang='grc' dir='ltr'>Κουβουιιλέων</span> <span class='ocrx_word' id='word_1_133' title='bbox 1474 1775 1528 1828; x_wconf 90' lang='grc' dir='ltr'>μο-</span> 
     </span>
     <span class='ocr_line' id='line_1_13' title="bbox 241 1871 1526 1957; baseline 0 -23"><span class='ocrx_word' id='word_1_134' title='bbox 241 1873 304 1935; x_wconf 88' lang='grc' dir='ltr'>ὸίων</span> <span class='ocrx_word' id='word_1_135' title='bbox 320 1871 377 1948; x_wconf 75' lang='grc' dir='ltr'>ρξ’·</span> <span class='ocrx_word' id='word_1_136' title='bbox 401 1875 481 1956; x_wconf 90' lang='grc' dir='ltr'>έτέρα</span> <span class='ocrx_word' id='word_1_137' title='bbox 502 1882 539 1954; x_wconf 81' lang='grc' dir='ltr'>γῆ</span> <span class='ocrx_word' id='word_1_138' title='bbox 563 1876 603 1950; x_wconf 86' lang='grc' dir='ltr'>εἰς</span> <span class='ocrx_word' id='word_1_139' title='bbox 623 1879 672 1952; x_wconf 81' lang='grc' dir='ltr'>τὴν</span> <span class='ocrx_word' id='word_1_140' title='bbox 687 1879 791 1938; x_wconf 88' lang='grc' dir='ltr'>Κὸσιαν</span> <span class='ocrx_word' id='word_1_141' title='bbox 811 1877 928 1954; x_wconf 80' lang='grc' dir='ltr'>πλησίον</span> <span class='ocrx_word' id='word_1_142' title='bbox 950 1883 1000 1953; x_wconf 83' lang='grc' dir='ltr'>τῆς</span> <span class='ocrx_word' id='word_1_143' title='bbox 1021 1885 1075 1955; x_wconf 82' lang='grc' dir='ltr'>γῆς</span> <span class='ocrx_word' id='word_1_144' title='bbox 1090 1881 1136 1937; x_wconf 91' lang='grc' dir='ltr'>τοῦ</span> <span class='ocrx_word' id='word_1_145' title='bbox 1153 1878 1299 1957; x_wconf 76' lang='grc' dir='ltr'>Πελαργοῦ</span> <span class='ocrx_word' id='word_1_146' title='bbox 1313 1874 1361 1936; x_wconf 77' lang='grc' dir='ltr'>καὶ</span> <span class='ocrx_word' id='word_1_147' title='bbox 1375 1879 1422 1936; x_wconf 94' lang='grc' dir='ltr'>τοῦ</span> <span class='ocrx_word' id='word_1_148' title='bbox 1438 1875 1526 1950; x_wconf 78' lang='grc' dir='ltr'>δημο-</span> 
     </span>
     <span class='ocr_line' id='line_1_14' title="bbox 152 1992 1527 2082; baseline 0 -27"><span class='ocrx_word' id='word_1_149' title='bbox 152 1992 153 1996; x_wconf 61' lang='grc'>’</span> <span class='ocrx_word' id='word_1_150' title='bbox 240 2000 334 2056; x_wconf 81' lang='grc' dir='ltr'>σιαιιοῦ</span> <span class='ocrx_word' id='word_1_151' title='bbox 353 1999 462 2078; x_wconf 82' lang='grc' dir='ltr'>συνὸρου</span> <span class='ocrx_word' id='word_1_152' title='bbox 484 1998 529 2058; x_wconf 86' lang='grc' dir='ltr'>σὸν</span> <span class='ocrx_word' id='word_1_153' title='bbox 550 2005 584 2082; x_wconf 83' lang='grc' dir='ltr'>τῆ</span> <span class='ocrx_word' id='word_1_154' title='bbox 607 2000 659 2059; x_wconf 85' lang='grc' dir='ltr'>ἀπὸ</span> <span class='ocrx_word' id='word_1_155' title='bbox 681 2003 726 2059; x_wconf 90' lang='grc' dir='ltr'>τοῦ</span> <span class='ocrx_word' id='word_1_156' title='bbox 742 1999 829 2079; x_wconf 86' lang='grc' dir='ltr'>Ξιρέα</span> <span class='ocrx_word' id='word_1_157' title='bbox 844 1999 945 2076; x_wconf 88' lang='grc' dir='ltr'>μοὸίων</span> <span class='ocrx_word' id='word_1_158' title='bbox 961 1999 1015 2079; x_wconf 78' lang='grc' dir='ltr'>ον’·</span> <span class='ocrx_word' id='word_1_159' title='bbox 1040 2000 1120 2079; x_wconf 86' lang='grc' dir='ltr'>έτέροι</span> <span class='ocrx_word' id='word_1_160' title='bbox 1133 2005 1170 2078; x_wconf 80' lang='grc' dir='ltr'>γῆ</span> <span class='ocrx_word' id='word_1_161' title='bbox 1187 1997 1397 2079; x_wconf 81' lang='grc' dir='ltr'>ὸιαπεριὸριστος</span> <span class='ocrx_word' id='word_1_162' title='bbox 1411 1997 1527 2073; x_wconf 86' lang='grc' dir='ltr'>πλησίον</span> 
     </span>
     <span class='ocr_line' id='line_1_15' title="bbox 240 2119 1528 2202; baseline -0.002 -23"><span class='ocrx_word' id='word_1_163' title='bbox 240 2125 289 2195; x_wconf 84' lang='grc' dir='ltr'>τῆς</span> <span class='ocrx_word' id='word_1_164' title='bbox 310 2124 364 2198; x_wconf 85' lang='grc' dir='ltr'>γῆς</span> <span class='ocrx_word' id='word_1_165' title='bbox 385 2123 438 2179; x_wconf 86' lang='grc' dir='ltr'>τιῦν</span> <span class='ocrx_word' id='word_1_166' title='bbox 454 2119 663 2195; x_wconf 82' lang='grc' dir='ltr'>Κουβουιιλείων</span> <span class='ocrx_word' id='word_1_167' title='bbox 685 2121 732 2182; x_wconf 80' lang='grc' dir='ltr'>καί</span> <span class='ocrx_word' id='word_1_168' title='bbox 753 2129 803 2200; x_wconf 90' lang='grc' dir='ltr'>τῆς</span> <span class='ocrx_word' id='word_1_169' title='bbox 824 2129 878 2201; x_wconf 84' lang='grc' dir='ltr'>γῆς</span> <span class='ocrx_word' id='word_1_170' title='bbox 899 2125 945 2182; x_wconf 89' lang='grc' dir='ltr'>τοῦ</span> <span class='ocrx_word' id='word_1_171' title='bbox 960 2123 1107 2201; x_wconf 84' lang='grc' dir='ltr'>Πελαργοῦ</span> <span class='ocrx_word' id='word_1_172' title='bbox 1130 2121 1230 2196; x_wconf 82' lang='grc' dir='ltr'>μοὸίων</span> <span class='ocrx_word' id='word_1_173' title='bbox 1246 2119 1311 2202; x_wconf 50' lang='grc' dir='ltr'>,αυ’·</span> <span class='ocrx_word' id='word_1_174' title='bbox 1335 2121 1415 2200; x_wconf 84' lang='grc' dir='ltr'>ἑτέρα</span> <span class='ocrx_word' id='word_1_175' title='bbox 1434 2127 1471 2198; x_wconf 80' lang='grc' dir='ltr'>γῆ</span> <span class='ocrx_word' id='word_1_176' title='bbox 1490 2119 1528 2191; x_wconf 86' lang='grc' dir='ltr'>είς</span> 
     </span>
     <span class='ocr_line' id='line_1_16' title="bbox 240 2238 1527 2324; baseline 0 -24"><span class='ocrx_word' id='word_1_177' title='bbox 240 2241 271 2300; x_wconf 87' lang='grc' dir='ltr'>τὸ</span> <span class='ocrx_word' id='word_1_178' title='bbox 293 2239 440 2314; x_wconf 86' lang='grc' dir='ltr'>Λειβάὸιον</span> <span class='ocrx_word' id='word_1_179' title='bbox 464 2241 565 2318; x_wconf 85' lang='grc' dir='ltr'>μοὸίων</span> <span class='ocrx_word' id='word_1_180' title='bbox 587 2242 612 2302; x_wconf 89' lang='grc' dir='ltr'>σ’</span> <span class='ocrx_word' id='word_1_181' title='bbox 636 2243 700 2302; x_wconf 79' lang='grc' dir='ltr'>ἄνευ</span> <span class='ocrx_word' id='word_1_182' title='bbox 722 2250 771 2320; x_wconf 83' lang='grc' dir='ltr'>τῆς</span> <span class='ocrx_word' id='word_1_183' title='bbox 795 2245 885 2304; x_wconf 75' lang='grc' dir='ltr'>ἐκεῖσε</span> <span class='ocrx_word' id='word_1_184' title='bbox 906 2249 960 2322; x_wconf 75' lang='grc' dir='ltr'>γῆς</span> <span class='ocrx_word' id='word_1_185' title='bbox 981 2246 1028 2302; x_wconf 88' lang='grc' dir='ltr'>τοῦ</span> <span class='ocrx_word' id='word_1_186' title='bbox 1050 2245 1171 2324; x_wconf 77' lang='grc' dir='ltr'>Δραγὸη,</span> <span class='ocrx_word' id='word_1_187' title='bbox 1202 2243 1231 2302; x_wconf 87' lang='grc' dir='ltr'>ἐν</span> <span class='ocrx_word' id='word_1_188' title='bbox 1253 2238 1271 2324; x_wconf 82' lang='grc' dir='ltr'><strong>ᾖ</strong></span> <span class='ocrx_word' id='word_1_189' title='bbox 1295 2241 1459 2321; x_wconf 76' lang='grc' dir='ltr'>εὑρίσκονται</span> <span class='ocrx_word' id='word_1_190' title='bbox 1482 2239 1527 2301; x_wconf 74' lang='grc' dir='ltr'>καί</span> 
     </span>
     <span class='ocr_line' id='line_1_17' title="bbox 241 2356 1527 2446; baseline 0.001 -25"><span class='ocrx_word' id='word_1_191' title='bbox 241 2363 391 2438; x_wconf 86' lang='grc' dir='ltr'>μυλοτὸπια</span> <span class='ocrx_word' id='word_1_192' title='bbox 414 2363 469 2444; x_wconf 75' lang='grc' dir='ltr'>δύο,</span> <span class='ocrx_word' id='word_1_193' title='bbox 494 2356 584 2443; x_wconf 79' lang='grc' dir='ltr'>ἐφόίς</span> <span class='ocrx_word' id='word_1_194' title='bbox 607 2365 748 2446; x_wconf 88' lang='grc' dir='ltr'>έπορίσατο</span> <span class='ocrx_word' id='word_1_195' title='bbox 770 2366 841 2425; x_wconf 76' lang='grc' dir='ltr'>κατὰ</span> <span class='ocrx_word' id='word_1_196' title='bbox 864 2367 947 2444; x_wconf 81' lang='grc' dir='ltr'>μέρος</span> <span class='ocrx_word' id='word_1_197' title='bbox 961 2366 992 2425; x_wconf 91' lang='grc' dir='ltr'>τὸ</span> <span class='ocrx_word' id='word_1_198' title='bbox 1008 2367 1092 2444; x_wconf 87' lang='grc' dir='ltr'>μέρος</span> <span class='ocrx_word' id='word_1_199' title='bbox 1106 2371 1154 2441; x_wconf 85' lang='grc' dir='ltr'>τῆς</span> <span class='ocrx_word' id='word_1_200' title='bbox 1170 2365 1293 2440; x_wconf 79' lang='grc' dir='ltr'>τοιαύτης</span> <span class='ocrx_word' id='word_1_201' title='bbox 1308 2363 1458 2438; x_wconf 83' lang='grc' dir='ltr'>οεβασμίας</span> <span class='ocrx_word' id='word_1_202' title='bbox 1472 2384 1527 2438; x_wconf 87' lang='grc' dir='ltr'>μο-</span> 
     </span>
     <span class='ocr_line' id='line_1_18' title="bbox 240 2483 1528 2568; baseline 0.001 -26"><span class='ocrx_word' id='word_1_203' title='bbox 240 2489 289 2560; x_wconf 87' lang='grc' dir='ltr'>νῆς</span> <span class='ocrx_word' id='word_1_204' title='bbox 312 2485 384 2546; x_wconf 87' lang='grc' dir='ltr'>θεῖον</span> <span class='ocrx_word' id='word_1_205' title='bbox 405 2485 452 2545; x_wconf 78' lang='grc' dir='ltr'>καὶ</span> <span class='ocrx_word' id='word_1_206' title='bbox 475 2487 571 2546; x_wconf 89' lang='grc' dir='ltr'>σεπτὸν</span> <span class='ocrx_word' id='word_1_207' title='bbox 593 2487 815 2568; x_wconf 75' lang='grc' dir='ltr'>χρυσὸβουλλον·</span> <span class='ocrx_word' id='word_1_208' title='bbox 840 2489 968 2565; x_wconf 76' lang='grc' dir='ltr'>μετὸχιον</span> <span class='ocrx_word' id='word_1_209' title='bbox 990 2489 1142 2563; x_wconf 83' lang='grc' dir='ltr'>τιμώμενον</span> <span class='ocrx_word' id='word_1_210' title='bbox 1163 2485 1202 2559; x_wconf 87' lang='grc' dir='ltr'>εἰς</span> <span class='ocrx_word' id='word_1_211' title='bbox 1217 2486 1303 2562; x_wconf 77' lang='grc' dir='ltr'>ὄνομα</span> <span class='ocrx_word' id='word_1_212' title='bbox 1317 2488 1363 2546; x_wconf 90' lang='grc' dir='ltr'>τοῦ</span> <span class='ocrx_word' id='word_1_213' title='bbox 1377 2483 1467 2565; x_wconf 75' lang='grc' dir='ltr'>κυρίου</span> <span class='ocrx_word' id='word_1_214' title='bbox 1482 2483 1528 2545; x_wconf 77' lang='grc' dir='ltr'>καί</span> 
     </span>
     <span class='ocr_line' id='line_1_19' title="bbox 241 2605 1528 2690; baseline 0.001 -25"><span class='ocrx_word' id='word_1_215' title='bbox 241 2609 303 2666; x_wconf 90' lang='grc' dir='ltr'>θεοῦ</span> <span class='ocrx_word' id='word_1_216' title='bbox 325 2605 372 2666; x_wconf 80' lang='grc' dir='ltr'>καί</span> <span class='ocrx_word' id='word_1_217' title='bbox 394 2614 514 2689; x_wconf 82' lang='grc' dir='ltr'>σωτῆρος</span> <span class='ocrx_word' id='word_1_218' title='bbox 535 2610 613 2684; x_wconf 82' lang='grc' dir='ltr'>ἡμῶν</span> <span class='ocrx_word' id='word_1_219' title='bbox 630 2609 721 2684; x_wconf 90' lang='grc' dir='ltr'>Ἰησοῦ</span> <span class='ocrx_word' id='word_1_220' title='bbox 736 2609 851 2690; x_wconf 81' lang='grc' dir='ltr'>Χριστοῦ</span> <span class='ocrx_word' id='word_1_221' title='bbox 874 2609 1091 2684; x_wconf 76' lang='grc' dir='ltr'>ἐπικεκλημένοι</span> <span class='ocrx_word' id='word_1_222' title='bbox 1113 2613 1159 2670; x_wconf 86' lang='grc' dir='ltr'>τοῦ</span> <span class='ocrx_word' id='word_1_223' title='bbox 1176 2607 1365 2688; x_wconf 81' lang='grc' dir='ltr'>Γαστελέγιιον</span> <span class='ocrx_word' id='word_1_224' title='bbox 1388 2608 1458 2684; x_wconf 79' lang='grc' dir='ltr'>μετὰ</span> <span class='ocrx_word' id='word_1_225' title='bbox 1479 2613 1528 2684; x_wconf 84' lang='grc' dir='ltr'>τῆς</span> 
     </span>
     <span class='ocr_line' id='line_1_20' title="bbox 239 2725 1527 2810; baseline 0.001 -23"><span class='ocrx_word' id='word_1_226' title='bbox 239 2737 372 2809; x_wconf 77' lang='grc' dir='ltr'>περιοχῆς</span> <span class='ocrx_word' id='word_1_227' title='bbox 400 2727 447 2788; x_wconf 77' lang='grc' dir='ltr'>καὶ</span> <span class='ocrx_word' id='word_1_228' title='bbox 476 2737 562 2807; x_wconf 90' lang='grc' dir='ltr'>νομῆς</span> <span class='ocrx_word' id='word_1_229' title='bbox 589 2733 668 2790; x_wconf 87' lang='grc' dir='ltr'>αῦτοῦ</span> <span class='ocrx_word' id='word_1_230' title='bbox 694 2729 740 2790; x_wconf 77' lang='grc' dir='ltr'>καὶ</span> <span class='ocrx_word' id='word_1_231' title='bbox 767 2737 819 2790; x_wconf 85' lang='grc' dir='ltr'>τῶν</span> <span class='ocrx_word' id='word_1_232' title='bbox 848 2733 892 2790; x_wconf 88' lang='grc' dir='ltr'>σῦν</span> <span class='ocrx_word' id='word_1_233' title='bbox 917 2730 987 2810; x_wconf 80' lang='grc' dir='ltr'>αῦοῷ</span> <span class='ocrx_word' id='word_1_234' title='bbox 1009 2732 1249 2810; x_wconf 79' lang='grc' dir='ltr'>προσιαθημένων,</span> <span class='ocrx_word' id='word_1_235' title='bbox 1287 2725 1362 2809; x_wconf 68' lang='grc' dir='ltr'>ἑρίἶι</span> <span class='ocrx_word' id='word_1_236' title='bbox 1386 2730 1527 2810; x_wconf 82' lang='grc' dir='ltr'>ἐπορίοατο</span> 
     </span>
     <span class='ocr_line' id='line_1_21' title="bbox 239 2819 1582 2932; baseline 0 -22"><span class='ocrx_word' id='word_1_237' title='bbox 239 2848 338 2910; x_wconf 79' lang='grc' dir='ltr'>καὶτὸ</span> <span class='ocrx_word' id='word_1_238' title='bbox 361 2852 444 2930; x_wconf 85' lang='grc' dir='ltr'>μέρος</span> <span class='ocrx_word' id='word_1_239' title='bbox 465 2857 515 2927; x_wconf 86' lang='grc' dir='ltr'>τῆς</span> <span class='ocrx_word' id='word_1_240' title='bbox 537 2852 661 2929; x_wconf 87' lang='grc' dir='ltr'>τοιαῦτης</span> <span class='ocrx_word' id='word_1_241' title='bbox 682 2853 832 2929; x_wconf 85' lang='grc' dir='ltr'>οεβασμίας</span> <span class='ocrx_word' id='word_1_242' title='bbox 856 2860 942 2930; x_wconf 87' lang='grc' dir='ltr'>μονῆς</span> <span class='ocrx_word' id='word_1_243' title='bbox 964 2853 1010 2912; x_wconf 82' lang='grc' dir='ltr'>καί</span> <span class='ocrx_word' id='word_1_244' title='bbox 1033 2853 1105 2913; x_wconf 85' lang='grc' dir='ltr'>θείαν</span> <span class='ocrx_word' id='word_1_245' title='bbox 1127 2852 1174 2912; x_wconf 74' lang='grc' dir='ltr'>καί</span> <span class='ocrx_word' id='word_1_246' title='bbox 1196 2854 1291 2912; x_wconf 90' lang='grc' dir='ltr'>σεπτὸν</span> <span class='ocrx_word' id='word_1_247' title='bbox 1306 2851 1525 2932; x_wconf 81' lang='grc' dir='ltr'>χροσέβουλλον·</span> <span class='ocrx_word' id='word_1_248' title='bbox 1581 2819 1582 2832; x_wconf 56' lang='grc'>’</span> 
     </span>
     <span class='ocr_line' id='line_1_22' title="bbox 238 2971 1526 3060; baseline -0.001 -28"><span class='ocrx_word' id='word_1_249' title='bbox 238 2971 299 3053; x_wconf 90' lang='grc' dir='ltr'>περὶ</span> <span class='ocrx_word' id='word_1_250' title='bbox 326 2974 356 3032; x_wconf 90' lang='grc' dir='ltr'>τὸ</span> <span class='ocrx_word' id='word_1_251' title='bbox 386 2973 449 3033; x_wconf 86' lang='grc' dir='ltr'>αῦτὸ</span> <span class='ocrx_word' id='word_1_252' title='bbox 476 2975 603 3052; x_wconf 81' lang='grc' dir='ltr'>μετὸχιον</span> <span class='ocrx_word' id='word_1_253' title='bbox 636 2981 698 3052; x_wconf 75' lang='grc' dir='ltr'>γῆν,</span> <span class='ocrx_word' id='word_1_254' title='bbox 732 2977 825 3050; x_wconf 82' lang='grc' dir='ltr'>ἥντινα</span> <span class='ocrx_word' id='word_1_255' title='bbox 854 2971 994 3060; x_wconf 58' lang='grc' dir='ltr'>ἑνροίτειί)</span> <span class='ocrx_word' id='word_1_256' title='bbox 1020 2977 1150 3056; x_wconf 75' lang='grc' dir='ltr'>πρότερον</span> <span class='ocrx_word' id='word_1_257' title='bbox 1178 2975 1193 3033; x_wconf 84' lang='grc' dir='ltr'>ὸ</span> <span class='ocrx_word' id='word_1_258' title='bbox 1219 2975 1309 3053; x_wconf 82' lang='grc' dir='ltr'>μέγας</span> <span class='ocrx_word' id='word_1_259' title='bbox 1335 2975 1487 3050; x_wconf 79' lang='grc' dir='ltr'>λογοθέτης</span> <span class='ocrx_word' id='word_1_260' title='bbox 1512 2975 1526 3031; x_wconf 85' lang='grc' dir='ltr'>ὸ</span> 
     </span>
     <span class='ocr_line' id='line_1_23' title="bbox 239 3094 1581 3178; baseline 0.003 -24"><span class='ocrx_word' id='word_1_261' title='bbox 239 3095 395 3173; x_wconf 83' lang='grc' dir='ltr'>Μετοχίιης</span> <span class='ocrx_word' id='word_1_262' title='bbox 424 3096 527 3168; x_wconf 71' lang='grc' dir='ltr'>ἐκεῖνος</span> <span class='ocrx_word' id='word_1_263' title='bbox 553 3095 601 3157; x_wconf 77' lang='grc' dir='ltr'>καί</span> <span class='ocrx_word' id='word_1_264' title='bbox 627 3097 709 3174; x_wconf 77' lang='grc' dir='ltr'>ἐδόθη</span> <span class='ocrx_word' id='word_1_265' title='bbox 737 3099 804 3178; x_wconf 87' lang='grc' dir='ltr'>πρὸς</span> <span class='ocrx_word' id='word_1_266' title='bbox 830 3099 861 3157; x_wconf 88' lang='grc' dir='ltr'>τὸ</span> <span class='ocrx_word' id='word_1_267' title='bbox 889 3099 972 3177; x_wconf 87' lang='grc' dir='ltr'>μέρος</span> <span class='ocrx_word' id='word_1_268' title='bbox 993 3101 1043 3172; x_wconf 87' lang='grc' dir='ltr'>τῆς</span> <span class='ocrx_word' id='word_1_269' title='bbox 1063 3098 1188 3171; x_wconf 76' lang='grc' dir='ltr'>τοιαῦτ-ης</span> <span class='ocrx_word' id='word_1_270' title='bbox 1211 3102 1297 3172; x_wconf 86' lang='grc' dir='ltr'>μονῆς</span> <span class='ocrx_word' id='word_1_271' title='bbox 1320 3094 1365 3155; x_wconf 78' lang='grc' dir='ltr'>διὰ</span> <span class='ocrx_word' id='word_1_272' title='bbox 1386 3096 1459 3156; x_wconf 88' lang='grc' dir='ltr'>θείου</span> <span class='ocrx_word' id='word_1_273' title='bbox 1481 3094 1525 3156; x_wconf 74' lang='grc' dir='ltr'>ναί</span> <span class='ocrx_word' id='word_1_274' title='bbox 1580 3117 1581 3158; x_wconf 65' lang='lat'><em>2</em></span> 
     </span>
     <span class='ocr_line' id='line_1_24' title="bbox 239 3216 1525 3303; baseline 0.001 -28"><span class='ocrx_word' id='word_1_275' title='bbox 239 3221 335 3278; x_wconf 85' lang='grc' dir='ltr'>οεπτοῦ</span> <span class='ocrx_word' id='word_1_276' title='bbox 365 3217 583 3298; x_wconf 84' lang='grc' dir='ltr'>χροσοβοίιλλου·</span> <span class='ocrx_word' id='word_1_277' title='bbox 614 3221 643 3280; x_wconf 88' lang='grc' dir='ltr'>ἐν</span> <span class='ocrx_word' id='word_1_278' title='bbox 665 3227 698 3302; x_wconf 81' lang='grc' dir='ltr'>πῆ</span> <span class='ocrx_word' id='word_1_279' title='bbox 720 3221 864 3303; x_wconf 86' lang='grc' dir='ltr'>τοποθεσίᾳ</span> <span class='ocrx_word' id='word_1_280' title='bbox 892 3227 941 3296; x_wconf 84' lang='grc' dir='ltr'>τῆς</span> <span class='ocrx_word' id='word_1_281' title='bbox 963 3216 1187 3300; x_wconf 83' lang='grc' dir='ltr'>Στραοτριβίτζας</span> <span class='ocrx_word' id='word_1_282' title='bbox 1212 3217 1327 3294; x_wconf 90' lang='grc' dir='ltr'>πλησίον</span> <span class='ocrx_word' id='word_1_283' title='bbox 1349 3221 1396 3278; x_wconf 88' lang='grc' dir='ltr'>τοῦ</span> <span class='ocrx_word' id='word_1_284' title='bbox 1418 3219 1525 3299; x_wconf 82' lang='grc' dir='ltr'>σννὸροο</span> 
     </span>
     <span class='ocr_line' id='line_1_25' title="bbox 238 3337 1524 3422; baseline 0.002 -25"><span class='ocrx_word' id='word_1_285' title='bbox 238 3342 285 3398; x_wconf 87' lang='grc' dir='ltr'>τοῦ</span> <span class='ocrx_word' id='word_1_286' title='bbox 313 3337 450 3420; x_wconf 82' lang='grc' dir='ltr'>χωραρίου</span> <span class='ocrx_word' id='word_1_287' title='bbox 479 3343 525 3400; x_wconf 90' lang='grc' dir='ltr'>τοῦ</span> <span class='ocrx_word' id='word_1_288' title='bbox 547 3341 787 3422; x_wconf 77' lang='grc' dir='ltr'>Κραβασμοῦντου,</span> <span class='ocrx_word' id='word_1_289' title='bbox 820 3350 869 3419; x_wconf 81' lang='grc' dir='ltr'>τῆς</span> <span class='ocrx_word' id='word_1_290' title='bbox 899 3343 962 3402; x_wconf 81' lang='grc' dir='ltr'>ὸὸοῦ</span> <span class='ocrx_word' id='word_1_291' title='bbox 991 3349 1041 3420; x_wconf 84' lang='grc' dir='ltr'>τῆς</span> <span class='ocrx_word' id='word_1_292' title='bbox 1064 3339 1249 3421; x_wconf 81' lang='grc' dir='ltr'>ἑξερχομένης</span> <span class='ocrx_word' id='word_1_293' title='bbox 1271 3340 1323 3402; x_wconf 85' lang='grc' dir='ltr'>ἀπὸ</span> <span class='ocrx_word' id='word_1_294' title='bbox 1344 3345 1390 3402; x_wconf 87' lang='grc' dir='ltr'>τοῦ</span> <span class='ocrx_word' id='word_1_295' title='bbox 1411 3345 1524 3421; x_wconf 78' lang='grc' dir='ltr'>ιιοίστρον</span> 
     </span>
     <span class='ocr_line' id='line_1_26' title="bbox 239 3461 1580 3544; baseline 0.002 -24"><span class='ocrx_word' id='word_1_296' title='bbox 239 3461 347 3540; x_wconf 84' lang='grc' dir='ltr'>Σερριῦν</span> <span class='ocrx_word' id='word_1_297' title='bbox 376 3463 424 3520; x_wconf 81' lang='grc' dir='ltr'>καί</span> <span class='ocrx_word' id='word_1_298' title='bbox 450 3461 607 3540; x_wconf 82' lang='grc' dir='ltr'>ἀπαγοῦοης</span> <span class='ocrx_word' id='word_1_299' title='bbox 627 3461 674 3534; x_wconf 66' lang='grc' dir='ltr'>κείς</span> <span class='ocrx_word' id='word_1_300' title='bbox 696 3465 740 3523; x_wconf 91' lang='grc' dir='ltr'>τὸν</span> <span class='ocrx_word' id='word_1_301' title='bbox 762 3467 895 3525; x_wconf 82' lang='grc' dir='ltr'>ιιοίπεστον</span> <span class='ocrx_word' id='word_1_302' title='bbox 918 3471 966 3541; x_wconf 85' lang='grc' dir='ltr'>τῆς</span> <span class='ocrx_word' id='word_1_303' title='bbox 988 3471 1042 3543; x_wconf 84' lang='grc' dir='ltr'>γῆς</span> <span class='ocrx_word' id='word_1_304' title='bbox 1063 3468 1108 3524; x_wconf 87' lang='grc' dir='ltr'>τοῦ</span> <span class='ocrx_word' id='word_1_305' title='bbox 1130 3464 1264 3543; x_wconf 86' lang='grc' dir='ltr'>Λοίσιιαρη</span> <span class='ocrx_word' id='word_1_306' title='bbox 1288 3461 1334 3522; x_wconf 73' lang='grc' dir='ltr'>οιαὶ</span> <span class='ocrx_word' id='word_1_307' title='bbox 1357 3467 1403 3523; x_wconf 91' lang='grc' dir='ltr'>τοῦ</span> <span class='ocrx_word' id='word_1_308' title='bbox 1427 3464 1523 3544; x_wconf 78' lang='grc' dir='ltr'>ρῦαιιος</span> <span class='ocrx_word' id='word_1_309' title='bbox 1579 3469 1580 3488; x_wconf 67' lang='grc'>’</span> 
     </span>
     <span class='ocr_line' id='line_1_27' title="bbox 239 3580 1521 3666; baseline 0.002 -24"><span class='ocrx_word' id='word_1_310' title='bbox 239 3581 341 3657; x_wconf 86' lang='grc' dir='ltr'>μοὸίων</span> <span class='ocrx_word' id='word_1_311' title='bbox 362 3583 586 3664; x_wconf 75' lang='grc' dir='ltr'>τετρακισχιλίων</span> <span class='ocrx_word' id='word_1_312' title='bbox 607 3587 802 3666; x_wconf 72' lang='grc' dir='ltr'>τετρακοσίων·</span> <span class='ocrx_word' id='word_1_313' title='bbox 826 3587 906 3665; x_wconf 86' lang='grc' dir='ltr'>ἑτέρα</span> <span class='ocrx_word' id='word_1_314' title='bbox 928 3591 965 3664; x_wconf 79' lang='grc' dir='ltr'>γῆ</span> <span class='ocrx_word' id='word_1_315' title='bbox 989 3584 1027 3656; x_wconf 87' lang='grc' dir='ltr'>είς</span> <span class='ocrx_word' id='word_1_316' title='bbox 1050 3587 1098 3661; x_wconf 81' lang='grc' dir='ltr'>τὴν</span> <span class='ocrx_word' id='word_1_317' title='bbox 1114 3586 1211 3664; x_wconf 77' lang='grc' dir='ltr'>Ἰθέαν,</span> <span class='ocrx_word' id='word_1_318' title='bbox 1234 3588 1327 3660; x_wconf 85' lang='grc' dir='ltr'>ῆντινα</span> <span class='ocrx_word' id='word_1_319' title='bbox 1343 3580 1419 3664; x_wconf 76' lang='grc' dir='ltr'>εἶχεν</span> <span class='ocrx_word' id='word_1_320' title='bbox 1435 3586 1450 3645; x_wconf 88' lang='grc' dir='ltr'>ὸ</span> <span class='ocrx_word' id='word_1_321' title='bbox 1467 3634 1473 3646; x_wconf 96' lang='grc'><em>.</em></span> <span class='ocrx_word' id='word_1_322' title='bbox 1491 3631 1521 3644; x_wconf 94' lang='grc'>..</span> 
     </span>
     <span class='ocr_line' id='line_1_28' title="bbox 240 3703 1523 3791; baseline -0.003 -26"><span class='ocrx_word' id='word_1_323' title='bbox 240 3705 364 3780; x_wconf 79' lang='grc' dir='ltr'>ἄμπελον</span> <span class='ocrx_word' id='word_1_324' title='bbox 387 3705 488 3780; x_wconf 85' lang='grc' dir='ltr'>μοὸίων</span> <span class='ocrx_word' id='word_1_325' title='bbox 502 3703 528 3766; x_wconf 80' lang='grc' dir='ltr'>κ’</span> <span class='ocrx_word' id='word_1_326' title='bbox 551 3710 569 3782; x_wconf 88' lang='grc' dir='ltr'>ῆ</span> <span class='ocrx_word' id='word_1_327' title='bbox 591 3705 818 3791; x_wconf 63' lang='grc' dir='ltr'>χερσοίμπελονί)</span> <span class='ocrx_word' id='word_1_328' title='bbox 843 3707 944 3784; x_wconf 85' lang='grc' dir='ltr'>μοὸίων</span> <span class='ocrx_word' id='word_1_329' title='bbox 960 3706 997 3780; x_wconf 90' lang='grc' dir='ltr'>ς’·</span> <span class='ocrx_word' id='word_1_330' title='bbox 1023 3705 1178 3782; x_wconf 84' lang='grc' dir='ltr'>ἑξάμπελον</span> <span class='ocrx_word' id='word_1_331' title='bbox 1195 3706 1296 3782; x_wconf 86' lang='grc' dir='ltr'>μοὸίων</span> <span class='ocrx_word' id='word_1_332' title='bbox 1313 3705 1361 3766; x_wconf 81' lang='grc' dir='ltr'>ιδ’·</span> <span class='ocrx_word' id='word_1_333' title='bbox 1385 3705 1523 3788; x_wconf 79' lang='grc' dir='ltr'>προβολὴν</span> 
     </span>
     <span class='ocr_line' id='line_1_29' title="bbox 239 3825 1522 3914; baseline 0.001 -28"><span class='ocrx_word' id='word_1_334' title='bbox 239 3827 426 3904; x_wconf 78' lang='grc' dir='ltr'>μανιελλιιιῆν·</span> <span class='ocrx_word' id='word_1_335' title='bbox 448 3831 585 3908; x_wconf 86' lang='grc' dir='ltr'>χωροίριον</span> <span class='ocrx_word' id='word_1_336' title='bbox 608 3830 710 3905; x_wconf 84' lang='grc' dir='ltr'>μοὸίων</span> <span class='ocrx_word' id='word_1_337' title='bbox 734 3826 760 3889; x_wconf 90' lang='grc' dir='ltr'>ι’·</span> <span class='ocrx_word' id='word_1_338' title='bbox 783 3833 874 3910; x_wconf 83' lang='grc' dir='ltr'>ἕτερον</span> <span class='ocrx_word' id='word_1_339' title='bbox 897 3828 998 3905; x_wconf 86' lang='grc' dir='ltr'>μοὸίων</span> <span class='ocrx_word' id='word_1_340' title='bbox 1020 3829 1058 3908; x_wconf 78' lang='grc' dir='ltr'>γ’·</span> <span class='ocrx_word' id='word_1_341' title='bbox 1081 3825 1320 3914; x_wconf 70' lang='grc' dir='ltr'>[προσκαθήμενοι]</span> <span class='ocrx_word' id='word_1_342' title='bbox 1344 3828 1522 3908; x_wconf 83' lang='grc' dir='ltr'>Μαρθαίοςὸ</span> 
     </span>
     <span class='ocr_line' id='line_1_30' title="bbox 237 3949 1520 4032; baseline -0.002 -24"><span class='ocrx_word' id='word_1_343' title='bbox 237 3949 362 4026; x_wconf 81' lang='grc' dir='ltr'>χαλκείις</span> <span class='ocrx_word' id='word_1_344' title='bbox 390 3951 405 4008; x_wconf 87' lang='grc' dir='ltr'>ὸ</span> <span class='ocrx_word' id='word_1_345' title='bbox 435 3951 640 4030; x_wconf 70' lang='grc' dir='ltr'>Πεπλεγμένος»</span> <span class='ocrx_word' id='word_1_346' title='bbox 663 3953 722 4027; x_wconf 80' lang='grc' dir='ltr'>ἤτοι</span> <span class='ocrx_word' id='word_1_347' title='bbox 752 3953 975 4032; x_wconf 79' lang='grc' dir='ltr'>ὁἌνατολιιιὸς,</span> <span class='ocrx_word' id='word_1_348' title='bbox 1006 3953 1065 4029; x_wconf 85' lang='grc' dir='ltr'>ἔχει</span> <span class='ocrx_word' id='word_1_349' title='bbox 1098 3951 1196 4010; x_wconf 81' lang='grc' dir='ltr'>Ἄνναν</span> <span class='ocrx_word' id='word_1_350' title='bbox 1225 3949 1446 4030; x_wconf 81' lang='grc' dir='ltr'>γοναιιιαὸέλρην</span> <span class='ocrx_word' id='word_1_351' title='bbox 1476 3951 1520 4026; x_wconf 81' lang='grc' dir='ltr'>τῆν</span> 
     </span>
     <span class='ocr_line' id='line_1_31' title="bbox 239 4070 1578 4156; baseline 0 -26"><span class='ocrx_word' id='word_1_352' title='bbox 239 4070 389 4149; x_wconf 80' lang='grc' dir='ltr'>Ποταμίαν,</span> <span class='ocrx_word' id='word_1_353' title='bbox 413 4073 586 4152; x_wconf 76' lang='grc' dir='ltr'>οῦγγοιμβρον</span> <span class='ocrx_word' id='word_1_354' title='bbox 609 4074 652 4134; x_wconf 85' lang='grc' dir='ltr'>ἐπ’</span> <span class='ocrx_word' id='word_1_355' title='bbox 667 4074 732 4156; x_wconf 78' lang='grc' dir='ltr'>αῦτῆ</span> <span class='ocrx_word' id='word_1_356' title='bbox 753 4120 759 4132; x_wconf 91' lang='grc'>.</span> <span class='ocrx_word' id='word_1_357' title='bbox 777 4120 807 4133; x_wconf 93' lang='grc'>..</span> <span class='ocrx_word' id='word_1_358' title='bbox 830 4074 900 4153; x_wconf 85' lang='grc' dir='ltr'>μῦρη</span> <span class='ocrx_word' id='word_1_359' title='bbox 924 4073 1074 4134; x_wconf 80' lang='grc' dir='ltr'>ἑνοινιιοιιιὸν</span> <span class='ocrx_word' id='word_1_360' title='bbox 1088 4073 1171 4144; x_wconf 90' lang='grc' dir='ltr'>τέλος</span> <span class='ocrx_word' id='word_1_361' title='bbox 1186 4073 1337 4147; x_wconf 86' lang='grc' dir='ltr'>νομίσματα</span> <span class='ocrx_word' id='word_1_362' title='bbox 1354 4071 1387 4131; x_wconf 82' lang='grc' dir='ltr'>ιδ’</span> <span class='ocrx_word' id='word_1_363' title='bbox 1406 4073 1520 4148; x_wconf 88' lang='grc' dir='ltr'>μιλλια-</span> <span class='ocrx_word' id='word_1_364' title='bbox 1577 4071 1578 4076; x_wconf 70' lang='grc'>’</span> 
     </span>
     <span class='ocr_line' id='line_1_32' title="bbox 239 4193 1520 4275; baseline 0 -23"><span class='ocrx_word' id='word_1_365' title='bbox 239 4195 317 4273; x_wconf 80' lang='grc' dir='ltr'>ρῆοια</span> <span class='ocrx_word' id='word_1_366' title='bbox 419 4195 433 4253; x_wconf 86' lang='grc' dir='ltr'>ὸ</span> <span class='ocrx_word' id='word_1_367' title='bbox 460 4193 515 4266; x_wconf 84' lang='grc' dir='ltr'>υἱὸς</span> <span class='ocrx_word' id='word_1_368' title='bbox 537 4195 677 4275; x_wconf 83' lang='grc' dir='ltr'>Τισουροίς</span> <span class='ocrx_word' id='word_1_369' title='bbox 700 4195 760 4274; x_wconf 85' lang='grc' dir='ltr'>ἔχει</span> <span class='ocrx_word' id='word_1_370' title='bbox 783 4197 888 4275; x_wconf 88' lang='grc' dir='ltr'>μητέρα</span> <span class='ocrx_word' id='word_1_371' title='bbox 911 4194 1068 4274; x_wconf 76' lang='grc' dir='ltr'>Θεοὸιὸραν,</span> <span class='ocrx_word' id='word_1_372' title='bbox 1097 4193 1217 4254; x_wconf 79' lang='grc' dir='ltr'>οίιιιαιιὸν</span> <span class='ocrx_word' id='word_1_373' title='bbox 1239 4195 1321 4266; x_wconf 89' lang='grc' dir='ltr'>τέλος</span> <span class='ocrx_word' id='word_1_374' title='bbox 1344 4241 1401 4254; x_wconf 91' lang='grc'>...</span> <span class='ocrx_word' id='word_1_375' title='bbox 1429 4193 1469 4266; x_wconf 89' lang='grc' dir='ltr'>είς</span> <span class='ocrx_word' id='word_1_376' title='bbox 1493 4195 1520 4252; x_wconf 83' lang='grc' dir='ltr'>τὸ</span> 
     </span>
    </p>
   </div>
   <div class='ocr_carea' id='block_1_3' title="bbox 236 4312 1521 4398">
    <p class='ocr_par' dir='ltr' id='par_1_3' title="bbox 236 4312 1521 4398">
     <span class='ocr_line' id='line_1_33' title="bbox 236 4312 1521 4398; baseline 0 -26"><span class='ocrx_word' id='word_1_377' title='bbox 236 4315 337 4394; x_wconf 86' lang='grc' dir='ltr'>χωρίον</span> <span class='ocrx_word' id='word_1_378' title='bbox 365 4317 410 4375; x_wconf 85' lang='grc' dir='ltr'>τὸν</span> <span class='ocrx_word' id='word_1_379' title='bbox 435 4317 561 4377; x_wconf 78' lang='grc' dir='ltr'>Πάναιιον</span> <span class='ocrx_word' id='word_1_380' title='bbox 591 4317 644 4376; x_wconf 84' lang='grc' dir='ltr'>ἀπὸ</span> <span class='ocrx_word' id='word_1_381' title='bbox 670 4321 723 4375; x_wconf 85' lang='grc' dir='ltr'>τῶν</span> <span class='ocrx_word' id='word_1_382' title='bbox 746 4319 889 4396; x_wconf 78' lang='grc' dir='ltr'>Κυνηγιῦν,</span> <span class='ocrx_word' id='word_1_383' title='bbox 916 4320 991 4396; x_wconf 86' lang='grc' dir='ltr'>χήρα</span> <span class='ocrx_word' id='word_1_384' title='bbox 1017 4320 1035 4393; x_wconf 87' lang='grc' dir='ltr'>ῆ</span> <span class='ocrx_word' id='word_1_385' title='bbox 1061 4322 1107 4376; x_wconf 81' lang='grc' dir='ltr'>τοῦ</span> <span class='ocrx_word' id='word_1_386' title='bbox 1130 4319 1271 4398; x_wconf 78' lang='grc' dir='ltr'>Μερζάνη,</span> <span class='ocrx_word' id='word_1_387' title='bbox 1299 4317 1359 4394; x_wconf 82' lang='grc' dir='ltr'>ἔχει</span> <span class='ocrx_word' id='word_1_388' title='bbox 1381 4316 1453 4388; x_wconf 87' lang='grc' dir='ltr'>νίοῦς</span> <span class='ocrx_word' id='word_1_389' title='bbox 1477 4312 1521 4376; x_wconf 80' lang='grc' dir='ltr'>νοιί</span> 
     </span>
    </p>
   </div>
   <div class='ocr_carea' id='block_1_4' title="bbox 237 4438 1519 4520">
    <p class='ocr_par' dir='ltr' id='par_1_4' title="bbox 237 4438 1519 4520">
     <span class='ocr_line' id='line_1_34' title="bbox 237 4438 1519 4520; baseline -0.001 -22"><span class='ocrx_word' id='word_1_390' title='bbox 237 4439 387 4517; x_wconf 75' lang='grc' dir='ltr'>θυγατέρας</span> <span class='ocrx_word' id='word_1_391' title='bbox 409 4438 455 4498; x_wconf 78' lang='grc' dir='ltr'>καί</span> <span class='ocrx_word' id='word_1_392' title='bbox 477 4439 598 4520; x_wconf 82' lang='grc' dir='ltr'>Τεριλαν</span> <span class='ocrx_word' id='word_1_393' title='bbox 625 4441 759 4518; x_wconf 78' lang='grc' dir='ltr'>θογατέρα</span> <span class='ocrx_word' id='word_1_394' title='bbox 782 4439 962 4519; x_wconf 73' lang='grc' dir='ltr'>Ζομπρίτζιιν,</span> <span class='ocrx_word' id='word_1_395' title='bbox 992 4439 1117 4518; x_wconf 79' lang='grc' dir='ltr'>γαμβρὸν</span> <span class='ocrx_word' id='word_1_396' title='bbox 1141 4439 1183 4498; x_wconf 86' lang='grc' dir='ltr'>ἐπ’</span> <span class='ocrx_word' id='word_1_397' title='bbox 1196 4441 1262 4520; x_wconf 77' lang='grc' dir='ltr'>οοὸτῆ</span> <span class='ocrx_word' id='word_1_398' title='bbox 1286 4438 1411 4518; x_wconf 79' lang='grc' dir='ltr'>Βλάχον,</span> <span class='ocrx_word' id='word_1_399' title='bbox 1443 4441 1519 4508; x_wconf 89' lang='grc' dir='ltr'>τέλος</span> 
     </span>
    </p>
   </div>
   <div class='ocr_carea' id='block_1_5' title="bbox 343 4697 1057 4768">
    <p class='ocr_par' dir='ltr' id='par_1_5' title="bbox 343 4697 1057 4768">
     <span class='ocr_line' id='line_1_35' title="bbox 343 4697 1057 4768; baseline 0.001 -19"><span class='ocrx_word' id='word_1_400' title='bbox 343 4701 361 4766; x_wconf 89' lang='lat'>¹)</span> <span class='ocrx_word' id='word_1_401' title='bbox 379 4699 466 4768; x_wconf 81' lang='grc' dir='ltr'>ἑτέρων</span> <span class='ocrx_word' id='word_1_402' title='bbox 484 4701 505 4750; x_wconf 90' lang='grc' dir='ltr'>Ι.</span> <span class='ocrx_word' id='word_1_403' title='bbox 576 4701 596 4766; x_wconf 81' lang='lat'>²)</span> <span class='ocrx_word' id='word_1_404' title='bbox 614 4697 698 4766; x_wconf 79' lang='grc' dir='ltr'>ἔνριίτη</span> <span class='ocrx_word' id='word_1_405' title='bbox 717 4701 737 4752; x_wconf 93' lang='grc' dir='ltr'>Ι.</span> <span class='ocrx_word' id='word_1_406' title='bbox 808 4701 828 4762; x_wconf 80' lang='lat'>³)</span> <span class='ocrx_word' id='word_1_407' title='bbox 846 4698 1018 4768; x_wconf 77' lang='grc' dir='ltr'>χρυσάμπελον</span> <span class='ocrx_word' id='word_1_408' title='bbox 1037 4701 1057 4750; x_wconf 93' lang='lat'>1.</span> 
     </span>
    </p>
   </div>
   <div class='ocr_carea' id='block_1_6' title="bbox 0 0 1588 5298">
    <p class='ocr_par' dir='ltr' id='par_1_6' title="bbox 0 0 1588 5298">
     <span class='ocr_line' id='line_1_36' title="bbox 0 0 1588 5298; baseline 0 1"><span class='ocrx_word' id='word_1_409' title='bbox 0 0 1588 5298; x_wconf 95' lang='lat' dir='ltr'> </span> 
     </span>
    </p>
   </div>
  </div>
 </body>
</html>
