3240 5286
1311 349 1371 414 301

63 543 276 620 ἀμετακίνητον
300 551 348 620 τῆς
371 544 447 616 θείας
469 546 567 620 ταύτης
590 543 777 624 κληρονομίας
798 545 843 602 τὀν
863 545 1040 624 περιπόθητον
1055 543 1102 604 καί
1117 546 1226 622 γνήσιόν
1243 565 1294 619 μου
1309 544 1374 622 υἱόν,

62 669 113 724 :bv
143 669 334 747 μυστογροίφον
357 665 405 726 καὶ
428 666 570 740 βασιλικόν
593 669 724 746 νστάριον,
748 669 796 746 κύρ
812 664 967 745 θεόδωρον,
991 641 1038 725 καί
1054 665 1120 756 ,τούς
1143 663 1263 740 καθεξῆς
1280 665 1312 724 ἐκ
1327 671 1376 742 τῆς

64 789 172 864 ἐσφῦος
204 789 283 848 αύτοῦ
314 790 564 867 προενηνεγμένους
594 789 695 859 παῖδας
725 787 771 846 καὶ
802 786 931 866 ἐγγόνους
960 785 1007 846 καὶ
1038 787 1220 866 δισεγγόνους,
1251 783 1298 846 καὶ
1327 787 1375 860 τήν

67 907 177 988 ἐφεξῆς
210 907 342 987 διαδοχὴν
367 907 406 982 εἰς
434 909 593 990 ἀπέραντον.
640 909 710 985 μετὰ
738 908 769 968 δὲ
791 909 955 989 παρέλευσιν
984 913 1030 968 τοῦ
1059 907 1115 968 υίοῦ
1138 928 1190 984 μου
1213 907 1262 968 σῦκ
1283 907 1375 987 ἀθρόοι

66 1034 176 1102 πάντες
199 1029 224 1090 σί
246 1031 345 1102 παῖδες
368 1033 447 1092 αύτοῦ
469 1035 487 1104 ή
512 1031 621 1110 ἔγγονοι
643 1029 689 1091 καί
712 1029 804 1092 λοιποὶ
826 1035 872 1091 τοῦ
886 1030 1104 1110 πτωχοτροφείου
1120 1051 1171 1106 μου
1187 1030 1375 1110 ἐπιλήψονται,
1438 1105 1444 1115 ἱ

67 1152 142 1211 ἀλλ’
157 1144 199 1224 εἷς
222 1130 359 1228 μόνοςιέξ
383 1152 485 1212 αύτῶν·
508 1155 738 1234 προτιμηθήσεται
761 1153 815 1232 γὰρ
837 1159 890 1212 τῶν
914 1153 965 1229 μὲν
987 1159 1123 1232 γυναικῶν
1145 1154 1253 1232 όάνήρ,
1276 1159 1329 1212 τῶν
1345 1151 1376 1212 δέ

70 1273 182 1354 ἀνδρῶν
206 1275 221 1332 ό
243 1275 424 1354 πρεσβύτερος
449 1275 477 1334 ἐν
501 1274 597 1357 ήλικίφι
619 1273 665 1335 καί
688 1273 767 1355 λόγῳ
791 1275 924 1356 διαφέρων
947 1273 993 1336 καὶ
1016 1275 1075 1350 βίου
1097 1275 1272 1355 χρηστότητι·
1298 1273 1321 1334 εί
1345 1273 1376 1334 δέ

71 1390 155 1467 οὗτος
179 1394 302 1475 εὑρεθείη
326 1399 413 1456 κακοῦ
436 1395 494 1469 βίου
516 1395 564 1456 καί
586 1397 751 1471 λυμαντικδς
773 1400 791 1470 ή
814 1403 997 1477 παρακρστῶν
1012 1398 1127 1474 ψυχικόν
1143 1399 1160 1472 ή
1177 1397 1294 1476 βόγσνή
1311 1396 1377 1472 ἐτή-

72 1519 132 1576 ειόν
155 1537 228 1588 τινος
250 1521 268 1592 ἠ
292 1517 431 1596 φωταψίσν
455 1517 607 1594 ἐκκλησίας
629 1521 647 1594 ή
667 1519 838 1599 παραμελῶν
857 1525 907 1596 τῆς
921 1519 1104 1594 ἀνοικοδομής
1119 1517 1165 1578 καὶ
1179 1520 1378 1600 περιποιήσεως

74 1639 278 1714 διεκδικήσεως
300 1637 353 1698 τῶν
377 1637 533 1716 οἰκημάτων
555 1638 603 1700 καί
625 1642 782 1720 κτημάτων,
805 1639 852 1699 καί
868 1639 907 1710 είς
924 1640 1064 1721 διόρθωσιν
1080 1640 1150 1716 μετά
1164 1641 1225 1713 τούς
1242 1641 1378 1720 ἐλέγχους

73 1761 122 1821 καὶ
148 1761 329 1840 ἐπιφωνήσεις
351 1763 382 1821 οῦ
404 1760 572 1840 μεταβαίνει,
603 1761 647 1820 ἵνα
668 1767 829 1842 προτιμᾶται
853 1763 945 1842 ἕτερος
967 1761 1087 1841 ἀδελφός
1111 1763 1190 1822 αύτοῦ
1211 1766 1332 1842 γνήσιος,
1362 1764 1377 1822 ό

75 1884 220 1964 ὑπερέχων
248 1883 277 1943 έν
306 1882 459 1964 ἀρετήκαὶ
487 1882 545 1956 βίου
567 1883 748 1963 λαμπρότητι.
794 1884 988 1944 ἐπιλειπόντων
1012 1883 1044 1943 δέ
1065 1883 1129 1943 υίῶν
1151 1885 1235 1962 ήγοῦν
1258 1883 1377 1964 ἀρρένων

75 2004 194 2084 πσιδων,
222 2006 283 2064 τότε
306 2005 350 2064 ἵνα
371 2003 419 2064 καί
440 2006 471 2064 τδ
493 2005 564 2080 θῆλυ
586 2005 658 2066 κστά
679 2007 724 2065 τδν
746 2010 864 2066 τοιοῦτον
887 2007 989 2066 σκοπόν
1012 2005 1119 2088 ἀπαντᾷ
1140 2007 1208 2086 πρδς
1230 2005 1376 2084 διαδοχήν·

75 2129 188 2198 πάντως
217 2127 271 2206 γὰρ
304 2125 357 2185 εἴτε
388 2126 423 2186 δι’
436 2127 581 2206 όμοζύγσυ,
613 2125 668 2186 εἴτε
691 2126 735 2187 διά
763 2126 878 2206 παίδων,
910 2127 964 2188 εἴτε
992 2129 1179 2210 δι’ῦπηρετῶν
1208 2129 1242 2188 τὰ
1268 2133 1378 2188 τοιαῦτα

76 2249 176 2319 καλῶς
200 2247 310 2308 διοικεῖν
334 2248 383 2307 οῦκ
406 2245 542 2326 ἀφέξεται.
574 2247 597 2308 εἰ
621 2247 653 2308 δέ
675 2247 770 2320 παῖδες
793 2249 843 2309 οῦκ
864 2247 939 2328 είσίν,
964 2250 1078 2328 ἔγγονος
1099 2250 1171 2310 κοτά
1190 2251 1239 2326 τήν
1254 2251 1378 2328 τοιαύτην

78 2368 153 2442 τάξιν
177 2369 225 2429 καί
248 2371 407 2450 δισέγγονος
430 2369 600 2445 βληθήσεται
621 2368 669 2430 καί
693 2371 733 2449 ἐφ’
747 2368 813 2446 έξῆς
835 2371 906 2430 κατὰ
920 2371 982 2444 τοῦς
999 2371 1120 2448 βαθμούς
1135 2378 1183 2448 τῆς
1199 2372 1378 2451 προγενεσίας

77 2489 126 2550 καί
147 2492 200 2562 τάς
223 2486 355 2568 ἀμώμους
377 2463 529 2568 ὑπολήψεις
550 2489 597 2550 καὶ
619 2491 668 2563 τὰς
689 2496 736 2552 τοῦ
759 2492 817 2566 βίου
840 2492 1045 2572 λαμπρότητας,
1071 2494 1110 2568 μὴ
1134 2493 1187 2575 ἔχῃ
1210 2493 1241 2553 δὲ
1264 2494 1316 2553 κάν
1340 2488 1379 2565 είς

80 2611 204 2686 ἐξουσίαν
229 2611 269 2686 είς
290 2614 408 2691 γαμικδν
432 2613 572 2692 σύμφωνον
592 2613 743 2673 ὑποτιθέναι
758 2615 788 2672 τό
804 2618 923 2678 τοιοῦτον
939 2613 1037 2693 εύαγές
1052 2619 1269 2696 πτωχοτρσφεῖον
1286 2618 1379 2676 ἕνεκεν

80 2735 242 2806 δεσποτείας
263 2711 374 2808 τινὀςή
398 2735 601 2814 μεταμείψεως,
625 2735 692 2795 ἀλλ’
704 2737 776 2796 ῶστε
799 2734 957 2796 διοικεῖσθαι
980 2738 1043 2797 αύτδ
1059 2737 1130 2796 κατά
1146 2738 1193 2812 τήν
1209 2741 1255 2798 τοῦ
1269 2743 1380 2798 τυπικοῦ

79 2878 130 2930 μου
157 2851 315 2936 περίληψιν,
346 2853 393 2916 καί
424 2856 562 2916 τελεῖσθαι
591 2859 679 2916 πάντα
705 2856 739 2916 τά
768 2859 872 2936 ψυχικά
898 2858 1067 2938 ἀνελλιπῶς,
1102 2860 1169 2920 ἀλλ’
1188 2858 1248 2920 ούτε
1275 2881 1298 2920 τι
1325 2867 1379 2920 τῶν

81 2961 287 3057 ἀφιερωθέντων
311 2975 382 3055 αύτῷ
404 2978 584 3059 κληροδοτεῖν
606 2983 624 3052 ή
648 2977 687 3051 εἰς
712 2979 812 3058 ἐγγύην
835 2981 986 3040 ὑποτιθέναι
1005 2984 1023 3054 ή
1041 2979 1080 3053 εἰς
1096 2981 1188 3057 ἀλλην
1203 2983 1263 3042 τινά
1279 2983 1379 3062 ἐνοχὴν

82 3099 220 3174 ἰδιωτικήν
242 3119 273 3158 τε
295 3097 342 3158 καὶ
365 3098 544 3180 δημοσιοικήν,
576 3099 643 3160 ἀλλ1
657 3099 679 3160 εί
703 3081 820 3162 τοιοῦτόν
843 3123 867 3161 τι
889 3105 995 3176 ποιήσει
1019 3101 1057 3175 εἰς
1082 3104 1227 3178 ἀπόκτησιν
1251 3104 1378 3181 δηλονότι

81 3223 285 3298 ἢμετυίμειψιν
316 3220 433 3300 ἀφορῶν,
464 3221 521 3280 ἀντ’
534 3219 645 3293 οῦδενδς
674 3225 704 3282 τό
731 3223 915 3300 γενησόμενον
938 3224 1143 3301 λογισθήσεται·
1176 3227 1206 3285 τό
1229 3227 1283 3306 γάρ
1306 3225 1379 3299 ἀπαξ

82 3342 229 3422 ἀφιερωθέν
251 3341 290 3422 τῷ
313 3342 368 3420 θεῷ
391 3343 421 3402 οῦ
444 3348 587 3422 κοινοῦται,
610 3341 657 3402 καί
678 3343 797 3418 μᾶλλον,
823 3345 863 3402 ότι
885 3345 947 3404 θεοῦ
966 3345 1138 3426 κληρονομία
1153 3351 1229 3408 τοῦτο
1246 3346 1379 3427 ἐλογίσθη

82 3463 127 3524 καὶ
150 3464 223 3543 αύτῷ
247 3464 361 3539 ἀνετέθη
386 3463 430 3523 διά
453 3469 501 3539 τῆς
517 3461 557 3535 εἰς
572 3465 634 3534 τοῦς
648 3465 768 3540 πένητας
784 3465 978 3546 ἀγαθοεργίας,
1001 3465 1108 3543 καὶτῆς
1122 3472 1381 3549 χριστιανιναυτάτης

83 3585 127 3645 καί
156 3585 286 3661 εὐσεβοῦς
308 3585 496 3665 παραδόσεως.
544 3587 620 3661 όμως
643 3589 735 3661 μέντοι
758 3587 821 3646 οῦδὲ
843 3589 858 3645 ό
880 3592 957 3648 τοῦτο
979 3589 1126 3665 τολμήσων
1150 3587 1294 3664 ἀνεύθυνος
1315 3613 1380 3652 ουν-

84 3709 273 3788 τηρηθήσεται,
297 3707 365 3766 ἀλλ’
380 3707 596 3786 ἐκδιωχθήσεται
618 3713 668 3784 τῆς
691 3708 816 3789 ἐφορείας
838 3708 885 3768 καί
907 3713 1064 3790 κυριότητος
1086 3711 1132 3771 καί
1148 3714 1275 3793 προνοίας
1291 3715 1380 3796 αύτοῦ,

86 3829 168 3905 εἰμὴ
192 3830 301 3904 ἕτοιμός
325 3828 379 3888 ἐστι
402 3829 451 3905 τήν
475 3829 614 3908 διόρθωσιν
638 3826 668 3901 ἐξ
691 3829 840 3908 ἀναγκαίου
855 3833 1027 3912 ποιήσασθαι,
1050 3832 1096 3892 καὶ
1113 3835 1206 3915 ἕτερος
1222 3837 1299 3896 αῦτδν
1316 3837 1379 3896 διοι-

86 3948 190 4023 δέξεται
211 3949 454 4031 προβαθμιιύτερος
478 3953 621 4030 συγγενής,
650 3955 894 4032 μεμαρτυρημένος
917 3953 961 4014 ἐπὶ
984 3953 1117 4037 εῦλαβείᾳ
1139 3955 1185 4016 καί
1208 3957 1284 4036 φόβῳ
1307 3959 1379 4038 θεοῦ,

87 4071 129 4131 καί
151 4073 365 4148 κατατιθέμενος
387 4076 474 4132 πάντα
496 4051 581 4132 ποιεῖν
604 4073 675 4132 κατὰ
697 4075 744 4149 τὴν
764 4076 901 4154 ἡμετέραν
919 4073 1046 4148 διάταξιν.
1080 4076 1122 4136 ἐπὶ
1140 4077 1170 4137 δὲ
1186 4084 1231 4138 τοῦ
1248 4078 1303 4137 υίοῦ
1318 4100 1379 4158 μου,

88 4197 163 4274 τυροῦ
186 4191 347 4273 Θεοδώρου,
375 4193 426 4272 ούχ
457 4190 512 4266 ἕξει
544 4195 618 4268 όλως
648 4193 743 4274 χώραν
765 4196 909 4276 ἀπέλασις,
939 4197 1037 4272 ἀλλ’ή
1061 4197 1201 4278 διόρθωσις
1224 4198 1380 4280 παρ’·αῖντοῦ

88 4316 175 4394 ήρέμα
191 4313 237 4374 καί
255 4313 410 4390 εῦθυβόλως
426 4291 580 4396 γενήσεται,
597 4313 645 4402 [σί]
662 4323 802 4398 συγγενεῖς
819 4319 849 4378 δὲ
867 4321 966 4381 ἐκεῖνοι
981 4319 1147 4380 τοῦδικαίσυ
1162 4327 1211 4396 τῆς
1226 4323 1381 4402 κυριότητος

90 4435 252 4515 ἀνθέξονται,
286 4437 310 4496 οί
334 4435 364 4508 ἐξ
396 4437 461 4513 ἐμοῦ
484 4437 530 4497 καὶ
557 4444 602 4499 τοῦ
631 4439 685 4500 υίοῦ
709 4462 760 4514 μου
783 4444 922 4514 κατιόντες
944 4441 991 4501 καί
1013 4439 1133 4518 καθεξῆς
1157 4442 1196 4515 εἰς
1220 4441 1379 4524 ἀπέραντον.

92 4559 139 4616 ἀπό
163 4557 193 4617 δὲ
215 4565 267 4617 τῶν
291 4559 324 4618 ἐκ
351 4559 471 4636 πλαγίου
500 4543 637 4638 συγγενῶν
661 4583 712 4637 μου
736 4563 798 4622 οῦδὲ
822 4557 860 4635 εἷς
884 4561 940 4636 ἐξει
962 4565 1020 4623 τινά
1043 4565 1184 4638 μετουσίαν
1209 4566 1236 4624 ἐν
1260 4566 1297 4644 τῷ
1321 4588 1379 4627 τοι·

94 4679 156 4756 ούτῳ
180 4699 230 4754 μου
252 4679 462 4760 πτωχοτροφείῳ
485 4685 502 4756 ή
527 4682 650 4762 ἐφορείαν
673 4684 690 4758 ή
714 4705 772 4742 τινα
796 4683 916 4757 ἐξουσίαν
940 4689 969 4746 τό
993 4687 1116 4765 σύνολον,
1140 4685 1163 4746 εί
1187 4689 1225 4763 μὴ
1247 4691 1329 4764 μόνον
1345 4689 1379 4748 δι’
