3194 5298
1300 373 1358 436 171

73 572 156 628 ούτων
183 573 299 650 πάντων,
332 570 372 644 είς
398 573 428 631 τδ
451 569 620 632 ἀπαιτεῖσθαι
642 571 712 630 κατὰ
735 572 767 630 τθ
789 569 892 632 δίκαιον
915 569 961 630 καὶ
984 569 1179 630 ἀναλίσκεσθαι
1200 565 1248 627 καὶ
1271 565 1311 640 εἰς
1333 569 1363 628 τύ

72 691 144 772 δέον,
177 693 248 774 παρὰ
271 693 391 770 μηδενδς
412 699 465 754 τῶν
488 694 614 752 ἁπάντων
637 692 803 774 εὑρίσκοντες
826 692 852 752 οί
873 693 945 752 κατὰ
965 692 1076 773 καιρούς
1097 695 1210 752 τοιοῦτοι
1232 691 1362 770 ὑπηρέται

71 821 119 890 τῆς
141 814 266 890 τοιαύτης
288 815 415 892 δουλείας
437 817 485 890 τὴν
509 815 665 889 σίανδήτινα
687 813 859 892 διενὸχλησιν
882 813 933 898 η’)
956 813 1110 890 διασεισμδν
1133 813 1180 873 καὶ
1202 816 1361 893 πειρασμόν,

71 933 130 994 οὗτε
158 937 232 1016 παρὰ
257 942 311 997 τῶν
338 937 410 998 κατὰ
435 939 545 1017 καιρούς
573 937 602 995 ἐν
623 942 657 1019 τῇ
679 937 789 1020 τοιαύτη
810 936 892 996 πόλει
913 937 1193 1016 κεραλαιικευίντων,
1224 933 1285 995 οὔτε
1308 937 1362 1010 μὴν

69 1059 133 1138 παρ’
146 1059 239 1139 ἑτέρου
260 1063 333 1132 τινὸς
354 1067 407 1120 τιῖιν
430 1061 567 1140 ἁπάντων,
591 1060 669 1120 ἀλλὰ
690 1060 876 1132 ἀπολαύοντες
898 1063 990 1135 πάσης
1009 1057 1208 1136 δνενοχλησίας
1227 1053 1362 1137 τῇίσχύει

46 1163 49 1166 .
70 1179 115 1239 καί
140 1179 252 1256 δυνάμει
274 1187 321 1242 τού
341 1185 475 1262 παρόντος
489 1181 713 1264 άργυροβούλλου
728 1184 838 1263 ὁρισμοῦ
852 1189 902 1259 τῆς
917 1181 1061 1258 βασιλείας
1076 1201 1141 1256 μου·
1166 1179 1294 1257 βούλεται
1308 1177 1362 1258 γὰρ

70 1303 87 1376 ἡ·
114 1301 244 1376 βασιλεία
266 1324 318 1378 μου
340 1303 386 1364 καὶ
409 1305 562 1386 διορίζεται,
590 1304 719 1386 προνοίας
742 1305 891 1365 ἀπολαύειν
912 1301 959 1364 καὶ
983 1301 1145 1380 ἐπιμελείας
1166 1301 1215 1378 τὴν
1237 1302 1362 1377 τοιαύτην

69 1423 149 1483 πόλιν
178 1430 227 1500 τῆς
249 1425 446 1501 Μονεμβασίσς
473 1425 513 1500 είς
539 1426 570 1486 τ“ο
596 1426 764 1488 συνίστασθαι
795 1425 842 1487 καὶ
871 1426 1044 1502 βελτιούσθαι
1066 1424 1147 1500 σαύτην
1177 1425 1216 1497 ὡς
1238 1429 1291 1483 τῶν
1314 1424 1363 1482 ύπδ

71 1547 117 1620 τἠν
147 1545 293 1618 βασιλείαν
320 1569 372 1623 μου
397 1551 612 1628 χρησιμωτάτων
638 1549 750 1609 πύλεων
776 1547 823 1609 καί
849 1549 948 1624 ταύτην
971 1546 1061 1608 οὖσαν.
1100 1545 1146 1606 καὶ
1170 1544 1210 1618 είς
1232 1547 1280 1620 τἠν
1302 1543 1364 1624 περὶ

70 1667 171 1728 τούτων
202 1667 321 1746 δήλωσιν
348 1667 395 1730 καὶ
418 1669 568 1750 ἀσφάλειαν
590 1672 691 1750 γέγονε
713 1668 760 1742 καὶ
781 1672 797 1729 ὁ
817 1670 911 1750 παρὼν
934 1669 1159 1750 άργυρόβουλλος
1181 1669 1293 1747 δρισμδς
1314 1673 1364 1743 τῆς

70 1788 215 1862 βασιλείας
237 1810 298 1870 μου,
322 1790 468 1864 ἀπολυθεὶς
490 1792 574 1852 κατὰ
596 1797 684 1868 μῆνα
705 1793 925 1874 ρεβρουάριον
940 1797 999 1868 τῆς
1013 1788 1074 1875 γ’ί)
1090 1788 1150 1852 ίνδ.
1166 1793 1220 1850 τού
1237 1785 1362 1870 ,ςῆμη

72 1911 176 1990 ἔτους,
199 1913 231 1972 ἐν
254 1907 278 1992 ᾧ
300 1911 355 1972 καὶ
377 1912 570 1988 ἠβασιλεία
591 1935 651 1988 μου
672 1915 908 1990 ύπεσημήνατο
923 1917 949 1990 †.

175 2039 191 2108 †
213 2036 413 2115 Δημήτριος,
436 2036 470 2096 ἐν
486 2036 615 2116 Χριστῷ
631 2035 674 2116 τῷ
690 2035 755 2114 θεῷ
771 2035 915 2110 εύοεβὴς
932 2035 1106 2112 δεσπδτης,
1123 2030 1375 2109 ίΙοιλαιολογος
1395 2099 1401 2110 ·

71 2155 84 2212 δ
107 2155 423 2236 Πορρυρογὲννητος
445 2163 471 2233 η,

164 2284 228 2340 m.
247 2284 342 2340 Μίίίετ
357 2285 386 2338 τίι
404 2285 550 2357 eamme
565 2292 613 2342 etc.
626 2304 658 2358 ρ.
678 2287 727 2342 60.

572 2573 648 2639 VlI.
672 2571 748 2638 Sine
770 2597 864 2639 anno.

78 2735 228 2791 Τίιιοάυιτιε
242 2738 283 2790 ΙΙ.
294 2739 473 2810 Ραίαεοίυρυιι
484 2734 733 2812 [1407-1443],
748 2741 860 2812 despota
872 2741 1056 2810 Peloponnesi,
1069 2740 1209 2810 confirmat
1216 2740 1365 2809 privileyia

75 2847 96 2893 σί
108 2843 285 2914 coemptiones
297 2844 396 2896 civium
405 2844 616 2912 Μοιιιιιιύασίαα,
630 2844 716 2915 quiin
727 2845 796 2899 hanc
808 2845 943 2899 civitatem
951 2846 1063 2900 redeunt
1073 2851 1123 2899 αιιί
1132 2845 1159 2898 ιἰι
1167 2844 1252 2898 aliam
1257 2850 1365 2915 partem

561 2949 640 3020 σαρκί
652 2967 679 3002 se
695 2949 873 3018 travwferunt.

173 3133 242 3209 ΓΗ
265 3131 393 3208 βασιλεία
413 3153 465 3210 μου
479 3135 525 3194 τὀν
540 3135 661 3214 παρόντα
676 3133 899 3216 ἀργυρόβουλλον
915 3134 1024 3215 θρισμθν
1040 3135 1123 3210 αύτης
1139 3133 1262 3216 ἀπολύει,
1286 3135 1320 3195 δι’
1333 3129 1364 3194 ού
1432 3109 1437 3118 ⁸

75 3251 105 3326 δὴ
133 3253 181 3314 καὶ
212 3253 363 3336 διορίζεται,
393 3253 440 3314 καὶ
470 3255 655 3336 διατηρεῖσθοιι
683 3256 736 3316 ἀπο
763 3261 810 3316 τού
832 3263 876 3316 νῦν
902 3253 950 3316 καὶ
977 3254 1016 3327 είς
1038 3256 1069 3316 τ“ο
1092 3253 1158 3332 ἑξῆς
1178 3259 1281 3328 πάντας
1303 3257 1365 3330 τούς

75 3375 317 3456 Μονεμβαοιύιτας,
341 3379 398 3438 ὅσοι
422 3377 597 3452 ἐθελήσουσιν
621 3378 783 3440 ἐπανελθεῖν
805 3376 852 3438 καὶ
875 3377 1043 3457 εὑρίσκεσθαι
1065 3377 1112 3438 καὶ
1134 3381 1270 3439 κατοικεῖν
1286 3378 1364 3460 ἐντῇ

76 3495 263 3581 Μονεμβασίᾳ,
286 3497 334 3560 καὶ
347 3498 409 3571 τούς
425 3498 530 3571 σίλλους
546 3500 677 3574 ἅπαντας,
693 3501 750 3560 ὅσοι
765 3499 944 3581 προσέλθουσι
959 3499 1006 3560 καὶ
1020 3501 1225 3576 κατοικήσουσιν
1241 3499 1270 3560 ἐν
1287 3500 1364 3583 αύτῇ,

76 3621 121 3676 κᾶν
136 3621 226 3680 ὁποῖοι
240 3621 294 3701 ἄρα
311 3615 380 3706 [καί]
397 3618 461 3682 εἰσὶν
476 3619 523 3682 καὶ
538 3621 599 3680 ὅθεν
616 3625 648 3680 ἂν
665 3621 792 3702 ἔλθωσιν,
816 3621 978 3702 ἐλευθέρους
991 3623 1136 3695 παντελῶς
1150 3621 1198 3683 καί
1209 3623 1364 3702 ἀκαταδου-

75 3737 184 3822 λύιτους,
208 3740 303 3814 αύτούς
324 3763 355 3802 τε
376 3741 423 3803 καί
446 3742 479 3802 τὰ
500 3742 634 3823 προσίντα
656 3743 759 3814 τούτοις
781 3745 907 3819 κτήματά
930 3764 959 3802 τε
981 3737 1029 3804 καί
1043 3747 1203 3828 πράγματα,
1226 3743 1273 3805 καί
1289 3745 1363 3804 ἀνω-

75 3862 162 3942 τέρους
188 3865 278 3940 πάσης
303 3863 350 3925 καὶ
375 3863 505 3936 παντοίας
533 3865 636 3938 δόσεως
662 3871 711 3941 τῆς
737 3887 768 3926 τε
793 3871 840 3927 τού
862 3867 1024 3947 κουμερκίου
1048 3867 1077 3927 ἔν
1098 3889 1129 3927 τε
1150 3873 1185 3949 τῇ
1208 3866 1364 3949 δηλωθείση

78 3981 256 4067 δίονεμβασίρ
277 3985 324 4046 καὶ
346 3989 445 4058 πάσαις
466 3991 526 4060 ταῖς
545 3985 649 4060 ἄλλαις
663 3989 768 4070 χώραις
783 3985 829 4048 καί
844 3983 923 4074 [τοῖς]
939 3991 1065 4070 κάστροις
1080 3995 1129 4065 τῆς
1145 3989 1287 4064 βασιλείας
1303 4010 1364 4068 μου,

76 4108 123 4178 τοῖς
151 4109 353 4186 εὑρισκομένοις
380 4109 429 4170 ύπδ
455 4110 501 4168 τὀν
527 4109 649 4190 ύρισμύν,
678 4109 727 4184 τἠν
756 4109 905 4170 εύπείθειαν
932 4108 979 4170 καὶ
1001 4110 1051 4186 τἠν
1075 4111 1248 4186 δουλωσύνην
1271 4110 1363 4192 σίντης,

76 4225 115 4285 καί
140 4233 195 4287 τῶν
223 4228 321 4289 ἄλλων
348 4229 520 4306 ἀπαιτήσεων
547 4229 593 4290 καὶ
622 4231 724 4290 δύσεων
746 4237 799 4290 τῶν
821 4233 973 4310 γινομένων
996 4231 1025 4290 ἑν
1047 4234 1106 4303 ταῖς
1129 4233 1190 4291 κατ’
1203 4232 1263 4304 ἔτος
1285 4253 1364 4311 γινο-

77 4350 163 4420 μέναις
185 4351 366 4431 πανηγύρεσιν
390 4349 429 4424 είς
451 4351 485 4410 τα
507 4357 619 4442 τοιαύτα
640 4351 775 4434 κτίστραί)
798 4350 845 4412 καὶ
867 4348 939 4438 [τὰς]
962 4354 1057 4434 χιύρας
1077 4358 1125 4430 τῆς
1141 4353 1286 4428 βασιλείας
1301 4375 1362 4434 μου,

173 4638 194 4704 ¹)
214 4637 278 4689 (λινᾶ.
304 4635 332 4688 εἰ.
405 4637 508 4705 ²)cm1.
528 4637 571 4705 ιγ’,
594 4639 639 4689 sod
663 4639 848 4707 corrigendum
872 4647 921 4706 σοι,
944 4655 1006 4692 ματα
1024 4641 1087 4694 anni
1108 4643 1175 4694 1440
1193 4647 1234 4696 est
1252 4639 1363 4693 indictio

79 4735 159 4790 ίοιίία.
232 4723 254 4804 ³)
273 4731 366 4804 κάστρη
384 4735 456 4788 eod:
473 4731 516 4798 τύις
534 4735 724 4806 ιυρρίονίαιυυ.
