3240 5286
1304 375 1365 442 251

68 581 179 658 οισφαλῆ
212 581 304 654 μένειν
333 583 559 659 παρασκευάσειε,
589 581 651 652 τοῦς
681 580 713 640 δὲ
734 582 765 639 τό
794 581 923 660 πρότερον
946 581 1027 652 σῦτάς
1050 580 1230 655 δειμαμένους
1253 573 1368 638 κάκεῖνα

68 702 179 774 τυότοις
213 701 415 782 ἀφιερώσαντες
443 700 482 774 είς
512 703 650 778 ἐγκώμιον
681 702 730 762 οῦκ
760 701 883 762 ἔλαττον.
929 704 955 762 οί
978 701 1028 776 μὲν
1051 701 1105 782 γάρ
1127 698 1264 780 προσῆξαν
1287 703 1370 771 αῦτάς

67 821 107 899 τῷ
139 821 205 900 θεῷ,
237 821 263 884 οί
286 821 317 882 δὲ
339 823 388 898 τὴν
415 824 567 904 ἀσφάλειαν
589 824 689 884 τοῦτων
712 823 979 904 ἐπραγμοτεῦσαντο.
1025 825 1092 903 όιιερ
1119 823 1169 883 οῦκ
1192 825 1224 881 ἀν
1248 821 1370 882 ἄλλοθέν

67 965 121 1024 περ
143 946 263 1026 γένοιτο,
285 947 303 1020 ῆ
327 945 360 1006 ἐκ
381 945 596 1026 χρυσσβοῦλλων
618 944 712 1026 λόγων
735 945 781 1006 καί
804 951 1007 1028 πατριαρχικῶν
1030 943 1183 1024 σιγιλλίων,
1212 945 1369 1021 δυναμένων

67 1067 171 1146 πολλῷ
193 1088 228 1151 γε
251 1065 290 1146 τῷ
310 1069 437 1148 περιιόντι
459 1062 508 1138 τός
532 1068 619 1146 όρμάς
641 1074 695 1128 τῶν
716 1070 891 1129 πλεονεκτῶν
914 1065 1093 1128 ἀναστέλλειν
1115 1065 1163 1128 καί
1183 1067 1233 1142 τὴν
1253 1067 1368 1127 ἐλευθε-

68 1190 130 1268 ρίαν
152 1191 248 1262 αῦταίς
269 1190 412 1269 παρέχειν,
435 1191 475 1261 ίυς
496 1191 514 1264 ῆ
536 1191 664 1269 πρόθεσις
682 1186 717 1267 ἦν
741 1187 771 1262 ἐξ
791 1189 880 1270 ἀρχῆς
895 1195 949 1250 τιῦν
965 1189 1047 1263 αῦτάς
1062 1189 1246 1268 δειμομὲνων,
1270 1190 1301 1250 οῦ
1316 1189 1370 1264 μὴν

69 1312 148 1374 ἀλλά
170 1311 219 1372 καὶ
240 1311 325 1388 τιμῶν
347 1317 537 1387 πνευματικῶν
560 1307 697 1384 ἀξιοῦσθαι
720 1310 762 1372 δεῖ
782 1313 848 1392 παρ’
859 1313 949 1393 ἡμῶν,
972 1314 1019 1372 ἀπε
1042 1317 1091 1387 τῆς
1111 1313 1179 1391 πρός
1194 1311 1275 1382 αῦτάς
1291 1317 1370 1388 τιμῆς

69 1433 115 1496 ἐπὶ
143 1436 192 1496 τὀν
221 1433 331 1514 κτίτορα
360 1435 460 1496 τοθτων
488 1434 721 1514 παραπεμποθσης
750 1435 796 1494 τόν
826 1435 946 1514 ίπαινσν,
977 1431 1009 1508 ἐξ
1030 1428 1068 1493 ὧν
1090 1435 1139 1510 τῆν
1162 1453 1191 1494 τε
1221 1433 1370 1514 προθυμίαν

69 1557 159 1616 αῦτῶν
188 1556 259 1616 ἐστιν
281 1553 430 1633 ἐπαυξῆσαι
452 1553 499 1616 καὶ
523 1557 628 1629 σίλλους
649 1555 716 1636 πρός
738 1558 784 1616 τόν
806 1557 900 1632 όμοιον
923 1556 1008 1634 ζῆλον
1031 1555 1185 1638 διερεθίσαι.
1232 1554 1271 1629 είς
1292 1560 1369 1618 τοῦτο

69 1678 102 1739 δὲ
124 1671 209 1738 τείνει
229 1677 264 1737 τά
286 1683 331 1738 τοῦ
361 1683 471 1738 σκοποῦ.
518 1677 614 1753 ἐπειδὴ
640 1675 727 1739 τοίνυν
753 1676 801 1738 καί
827 1679 843 1738 ό
865 1677 965 1752 οίκείος
986 1681 1032 1738 τοῦ
1054 1677 1194 1758 κρατίστου
1221 1675 1268 1738 καὶ
1290 1678 1370 1758 ἀγίου

70 1822 124 1875 μου
147 1799 288 1876 βασιλέως
310 1797 357 1860 καὶ
379 1796 576 1880 αάτοκράτορος
598 1799 689 1880 κυρίου
703 1783 858 1881 Νικηφόρον
879 1804 926 1861 τοῦ
948 1802 1049 1878 Φωκά,
1071 1804 1118 1861 τοῦ
1141 1799 1170 1859 ἐν
1193 1798 1264 1880 ἁγίῳ
1286 1801 1370 1861 πνεό-

70 1943 138 1998 ματι
159 1923 351 1983 ποθεινοτάτου
372 1921 428 1982 υίοῦ
449 1927 499 1998 τῆς
520 1923 600 1998 ἡμῶν
623 1925 807 2003 μετριότητος,
834 1924 925 2003 κῦριος
948 1920 1081 1998 Ἰωάννης
1103 1922 1370 2004 Λαμπαρδόπσυλος,

69 2045 229 2124 φιλόσοφος,
258 2045 493 2125 πριποουκρῆτης,
524 2043 572 2104 άτε
601 2045 704 2124 φῦοεως
734 2048 771 2104 ων
803 2043 909 2123 ἀγαθῆς
941 2043 987 2106 καὶ
1016 2043 1128 2119 πολλὴν
1157 2043 1218 2126 περὶ
1248 2043 1282 2105 τό
1311 2046 1372 2106 θεία

68 2167 234 2242 ποιούμενος
260 2167 309 2241 τὴν
331 2165 467 2246 φροντίδα,
497 2166 581 2242 ζῆλόν
604 2185 634 2225 τε
657 2159 805 2240 ἀναλαβὼν
828 2166 920 2227 ἔνθεον
942 2165 989 2226 καὶ
1012 2167 1138 2246 διάπυρον
1161 2168 1260 2247 ἔρωτα,
1290 2167 1370 2247 φιλο-

69 2287 143 2368 τίμῳ
172 2290 349 2368 γρησάμενος
378 2288 459 2368 χειρί,
489 2289 632 2370 ἀνήγειρεν
656 2289 688 2349 ἐκ
710 2290 819 2370 βάθρων
842 2291 927 2365 μονὴν
950 2289 1024 2370 ίεράν
1048 2290 1077 2350 ἐν
1099 2295 1133 2372 πῆ
1158 2291 1371 2370 Πελοποννήσῳ,

69 2417 104 2490 τῇ
132 2409 252 2492 ἐπαρχίᾳ
274 2415 324 2486 τῆς
346 2410 545 2490 μητροπόλεως
560 2411 692 2472 Παλαιιῦν
710 2412 834 2492 Πατρῶν,
857 2411 927 2472 κατά
949 2413 997 2488 τῆν
1022 2412 1127 2493 ένορίιιν
1150 2418 1197 2488 τῆς
1222 2412 1372 2488 ἐπισκοπῆς

71 2532 308 2612 Λακεδαιμονίοις,
329 2532 445 2608 πλησίον
467 2536 562 2613 χώρας
577 2535 771 2614 Δημηστάνης,
795 2535 824 2594 ἐν
847 2541 880 2615 τῆ
901 2533 1049 2618 τοποθεσίφ
1066 2540 1116 2610 τῆς
1133 2537 1303 2616 Μονοπόρου,
1329 2535 1371 2595 ἐπ’

71 2657 187 2730 όνόμοττι
215 2657 371 2732 τιμωμένην
405 2661 454 2731 τῆς
483 2655 633 2735 ῦπεραγίας
667 2656 809 2732 δεσποίνης
839 2658 918 2732 ἡμῶν
949 2656 1086 2718 Θεστόκου
1117 2655 1164 2718 καί
1196 2657 1373 2738 ἀειπαρθένσυ

72 2779 196 2859 Μαρίας,
218 2779 253 2852 ῆν
276 2775 321 2836 διά
342 2777 391 2854 τὴν
412 2781 459 2838 τοῦ
481 2777 626 2856 φιλοσόφου
642 2767 898 2854 ἑπωνυμίανμονῆν
913 2783 960 2840 τοῦ
975 2778 1132 2859 Φιλοσόφου
1148 2779 1286 2840 ἐκάλεσαν
1303 2781 1373 2855 μετὰ

71 2905 166 2980 ταῦτα,
193 2901 262 2980 πρός
288 2901 446 2976 καταμονῆν
469 2901 640 2974 μοναζόντων
663 2899 768 2980 ἀνδρῶν
790 2899 837 2960 καί
859 2899 915 2979 θεῷ
938 2902 1128 2981 ἀφιερωμένων
1151 2906 1270 2980 ψυχικῆς
1293 2903 1373 2964 αὑτοῦ

71 3022 209 3102 σωτηρίας
235 3023 333 3081 ἕνεκα·
364 3022 429 3081 ναόν
451 3043 482 3082 τε
503 3022 705 3101 παρακείμενον
727 3020 774 3084 καί
796 3023 936 3102 φιλότιμον
958 3025 1160 3084 κατεσκεύασεν
1185 3024 1213 3082 ἐν
1236 3026 1302 3106 αῦτῆ
1325 3023 1373 3084 καί

70 3144 197 3204 κελλίων
227 3142 376 3220 οἰκοδομὰς
402 3143 449 3204 καί
480 3144 557 3204 ἀλλα
583 3144 643 3204 τινά
671 3145 859 3225 ἐργασάμενος
886 3147 954 3224 προς
981 3145 1128 3226 θεραπείαν
1156 3145 1202 3206 καὶ
1226 3147 1372 3206 ἀνάπαυσιν

70 3273 126 3326 τῶν
150 3267 349 3346 εὑρισκομένων
373 3265 401 3324 ἐν
425 3267 492 3346 αῦτῃ
514 3270 619 3346 ψυχῶν,
643 3267 683 3326 ἔτι
706 3265 805 3327 δὲκαὶ
829 3267 888 3346 ίερά
907 3268 1042 3344 κειμήλιοι
1056 3267 1103 3329 καί
1119 3266 1300 3348 προοενέξεις,
1324 3269 1373 3340 τάς

71 3387 125 3464 μὲν
152 3386 330 3466 ίδισποιῆσοις,
359 3387 409 3460 τάς
432 3387 464 3448 δὲ
493 3386 541 3448 καί
571 3389 642 3463 μετά
662 3393 747 3450 ταῦτα
768 3390 884 3465 μέλλων
906 3389 1083 3470 προσηλῶσαι
1107 3391 1136 3450 ἐν
1158 3392 1238 3474 αὐτῇ·
1270 3389 1372 3467 ἠξίωσε

71 3510 105 3569 τά
128 3513 185 3587 νῦν,
215 3509 260 3569 ἵνα
285 3509 332 3569 καί
358 3510 433 3590 παρά
459 3515 508 3586 τῆς
533 3509 613 3588 ῆμκῖυν
641 3513 815 3591 μετριότητος
837 3515 906 3592 τῦχῃ
929 3513 1120 3591 σιγγιλιιῦδους
1142 3515 1306 3593 γράμματος
1330 3513 1373 3574 ἐπὶ

72 3631 111 3710 τῷ
133 3633 334 3712 καθιερωθῆναι
356 3631 407 3709 μὲν
431 3631 473 3692 ἐπὶ
487 3632 676 3713 πατριαρχικῷ
694 3634 893 3716 σταυρσπηγίῳ,
915 3635 1084 3714 εὑρίσκεσθαι
1101 3635 1131 3696 δὲ
1147 3633 1194 3694 καί
1209 3632 1247 3707 είς
1262 3637 1292 3694 τό
1309 3633 1374 3713 ἑξῆς

73 3752 119 3813 ἐπὶ
141 3755 191 3828 τῆν
214 3747 286 3838 [τῆς]
308 3753 504 3835 πατριαρχείας
515 3756 536 3832 ¹)
558 3755 698 3836 περιωπῆν
722 3755 952 3817 ἀκαταδοῦλωτόν
972 3779 1002 3817 τε
1025 3755 1071 3817 καὶ
1095 3757 1303 3834 ἀκαταπάτητσν
1323 3758 1374 3816 Ιὐτό

71 3879 172 3936 τετοῦ
195 3875 266 3935 κατὰ
287 3877 397 3957 καιροὺς
420 3877 608 3958 εὑρισκομένου
632 3877 723 3940 ἐκεῖσε
747 3879 947 3959 μητροπολίτου
971 3880 1103 3940 Παλαιῶν
1121 3880 1235 3960 Πατρῶν
1258 3877 1372 3940 καὶτοῦ

75 3999 221 4058 ἐπισκόπου
248 3999 328 4058 αίκτοῦ
351 3999 580 4080 Λακεδαιμονίας,
612 4003 650 4073 ιὐς
676 4001 813 4076 μηδεμίαν
844 4003 963 4080 ἐχόντων
987 4001 1015 4062 ἐν
1043 3999 1115 4081 αὐτῷ
1137 3997 1231 4061 άδειαν
1261 4004 1279 4075 ῆ
1302 4001 1372 4060 ἀνά-

73 4140 158 4198 κρισιν
180 4121 266 4179 ποιεῖν
288 4122 306 4194 ἢ
330 4120 451 4180 ἀπαιτεῖν
474 4123 537 4202 παρ’
550 4121 629 4182 αὐτοῦ
650 4124 681 4182 τό
703 4125 795 4202 τυχόν.
826 4121 883 4183 ἰδοῦ
905 4125 954 4198 τὴν
976 4124 1068 4183 τοῦτου
1092 4121 1195 4201 αἴτησιν
1217 4119 1372 4203 προσδεξα-

75 4243 144 4316 μὲνη
172 4243 191 4316 ἠ
215 4243 358 4320 μετριότης
380 4245 468 4322 ἡμῶν,
503 4245 541 4315 ὡς
572 4244 683 4322 θεοφιλῆ
707 4243 754 4303 καὶ
783 4242 910 4318 καθάπαξ
939 4249 1039 4306 σκοποῦ
1066 4247 1236 4324 μετέχουσαν
1260 4244 1373 4324 ἀγαθοῦ,

73 4363 104 4421 τό
125 4363 213 4454 παρόν
237 4361 415 4441 σιγιλλιῶέες
437 4367 555 4444 γράμμα
578 4365 739 4448 ἐπιχορηγεϊ
760 4372 793 4448 τῆ
817 4366 882 4448 αὐτῇ
906 4373 986 4448 μονῇ,
1012 4366 1045 4426 δι’
1058 4361 1088 4427 οὗ
1113 4367 1146 4442 δὴ
1169 4365 1216 4426 καί
1233 4367 1372 4447 διορίζεται

74 4483 120 4544 ναί
143 4484 329 4564 ἀποφαίνεται,
360 4485 403 4546 ἵνα
433 4487 580 4562 ἡτοιαύτη
604 4487 663 4548 θεία
686 4489 756 4564 μονὴ
779 4492 829 4564 τῆς
853 4487 994 4566 ΙΙαναγίας
1018 4509 1069 4562 μου
1091 4493 1136 4548 τοῦ
1160 4489 1328 4568 Φιλοσόφου,
1355 4490 1373 4566 ῆ

181 4749 199 4812 1)
218 4747 376 4814 Legendum
396 4745 513 4799 videtur:
533 4744 570 4796 ἐπὶ
588 4744 631 4812 τὴν
649 4744 828 4815 πατριαρχικῆν
846 4747 978 4816 περιωπήν,
