3222 5284
257 359 320 426 308

256 558 354 613 τοῦτο
382 551 600 631 πτωχοτρορείου
622 551 669 610 καί
691 555 738 611 τοῦ
760 548 941 630 μοναστηρίου
964 573 1026 630 μου,
1057 550 1104 610 καὶ
1127 551 1312 612 ἐπαπολαόειν
1336 557 1386 627 τῆς
1408 551 1550 630 φιλοτιμη-

257 675 349 749 θείσης
371 693 416 748 μοι
439 678 552 752 γενικῆς
573 671 619 732 καί
646 672 798 748 καθολικῆς
826 669 1000 744 ἐξκουσσείας
1023 671 1068 732 διὰ
1089 673 1297 753 χρυσοβοάλλου
1320 672 1482 746 βασιλικοῦ·
1513 670 1552 730 καί

256 795 309 876 γάρ
341 796 410 855 οίντω
440 793 558 865 θεσπίζει
584 793 632 855 καί
659 793 814 874 διορίζεται,
844 793 888 852 ἵνα
916 794 980 854 ἔνθα
1008 793 1041 852 ἀν
1063 797 1082 868 ή
1108 797 1290 874 προσκυρῶσω
1313 798 1331 869 ἢ
1354 791 1505 854 καταλίπω
1525 793 1554 850 τά

256 919 382 991 κτήματά
412 935 473 996 μου,
505 915 560 975 εἴτε
584 917 612 975 ἐν
644 916 769 992 εἰναγέσιν
792 913 887 994 οίκοις,
919 913 974 974 εἴτε
997 913 1025 974 ἐν
1050 916 1248 994 μοναστηρίοις,
1279 913 1334 975 εἰτε
1359 915 1388 975 ἐν
1411 913 1553 985 ἰδιωτικοῖς

257 1041 418 1118 μερικῶςῆ
448 1038 578 1116 καθόλου,
608 1039 691 1096 ταῦτα
721 1039 810 1096 πάντα
832 1043 881 1112 τῆς
906 1035 938 1095 ἐκ
960 1039 1005 1095 τοῦ
1032 1035 1105 1095 θείου
1126 1035 1333 1116 χρυσσβοόλλου
1357 1037 1491 1112 βοηθείας
1513 1034 1552 1095 κατ’Ι

257 1157 430 1232 ἐξκουσσείας
453 1158 672 1234 ἐπαπολαύωοιν,
695 1160 747 1216 κᾶν
770 1155 810 1228 εἰς
833 1157 952 1216 ἐπίδοσιν
974 1156 1021 1216 καί
1042 1157 1219 1232 πλεονασμόν
1241 1159 1411 1258 προέλθοιεν.
1450 1158 1553 1228 έκδοσς

256 1281 288 1340 δέ
318 1281 444 1355 ἀκινήτου
474 1280 637 1359 πρόσκαιρος
667 1280 716 1338 οῦκ
739 1278 767 1338 ἐν
799 1279 902 1358 ἑτέροις
933 1278 1037 1358 δοειλει
1066 1278 1188 1358 γίνεσθαι
1217 1281 1385 1359 πράγμασιν,
1417 1278 1442 1338 εἰ
1467 1279 1552 1354 μἠἐν

256 1403 379 1481 μερικοϊς
404 1401 516 1481 τοπίοις,
547 1402 586 1476 μῆ
612 1401 819 1480 χρησιμείιουσιν
847 1398 887 1472 είς
914 1402 1099 1482 καταστοράν,
1127 1401 1199 1460 κατὰ
1225 1402 1256 1460 τό
1284 1401 1378 1476 ἔθιμον
1400 1403 1449 1460 τοῦ
1478 1401 1553 1458 τόπον

257 1524 465 1603 ἐκληιττορικοίς
476 1521 496 1606 ¹)
521 1521 561 1594 είς
589 1525 704 1601 χρόνους
730 1523 962 1604 πεπερασμένους,
991 1525 1075 1595 τόπος
1098 1523 1130 1583 δὲ
1154 1524 1283 1602 σπόριμος
1305 1523 1354 1582 οῦκ
1377 1521 1553 1596 ἐκδοθήοεται

256 1647 331 1717 ὅλως
353 1642 393 1716 εἰς
414 1645 529 1723 χρόνους
551 1644 604 1703 ἀπό
625 1664 697 1715 τινος
718 1649 772 1702 τῶν
795 1647 1064 1724 προσκεκυρωμένων
1085 1647 1234 1720 κτημάτων
1253 1645 1310 1716 τοῖς
1326 1644 1438 1722 είκιγέσι
1454 1644 1551 1712 τούτοις

194 1789 197 1796 ·
255 1766 301 1826 καί
324 1765 379 1846 θεῷ
403 1766 623 1839 ἀνατεθειμένοις
645 1763 740 1845 οἴκοις,
768 1765 813 1824 ἵνα
836 1767 874 1841 μὴ
897 1768 914 1840 ή
939 1767 1047 1836 έκδοσις
1069 1767 1168 1825 τούτων
1191 1763 1326 1826 σιτοδείαν
1349 1765 1490 1844 ἐπαγάγοι
1511 1761 1551 1822 καί

255 1889 383 1948 οτένωσιν
405 1889 465 1960 ταῖς
487 1886 559 1945 κατὰ
581 1887 643 1945 θεόν
665 1888 868 1960 τετυπωμέναις
892 1884 1007 1959 ἐξόδοις.

567 2094 604 2173 γ’.
630 2093 709 2176 Περὶ
734 2072 946 2173 ἐπισκέψεως
968 2101 1030 2156 τῶν
1053 2098 1242 2172 κτημάτων.

359 2252 394 2312 Ἦ
418 2254 508 2327 μέντοι
530 2257 584 2310 τῶν
613 2253 760 2327 κτημάτων
792 2251 931 2328 ἐπίσκεψις
953 2249 1001 2310 καὶ
1031 2249 1162 2328 διοίκησις
1194 2249 1271 2332 ἀνδρί
1294 2251 1391 2330 δικαίῳ
1413 2250 1550 2310 καὶκατὰ

254 2375 316 2433 θεόν
339 2373 545 2450 πολιτευομένῳ
568 2372 763 2446 ἀνατεθήσεται
777 2372 828 2431 ὑπό
843 2371 929 2450 λόγον
944 2372 1018 2452 παρὰ
1032 2378 1086 2432 τῶν
1101 2371 1283 2452 κληρονόμων
1298 2374 1389 2453 ήμῶν,
1411 2371 1460 2432 καὶ
1476 2365 1550 2440 οὗτος

255 2493 495 2573 ἔσται’φροντίζων
522 2492 568 2554 καὶ
596 2491 704 2552 διοικῶν
726 2494 761 2571 τά
784 2493 813 2552 ἐν
836 2494 935 2571 αὺτοῖς,
967 2494 1005 2564 ῶς
1028 2493 1114 2571 λόγον
1137 2493 1253 2569 μέλλων
1276 2493 1426 2554 ἀποδοῦναι
1447 2500 1548 2572 πρῶτον

255 2616 306 2691 μὲν
328 2611 366 2692 τῷ
389 2609 539 2695 ἐπουρανίῳ
563 2613 680 2693 βασιλεῖ,
705 2609 764 2674 εἶτα
786 2611 833 2674 καί
855 2617 911 2686 τοῖς
930 2615 1138 2694 προϊσταμένοις
1153 2619 1202 2690 τῆς
1218 2617 1264 2674 τοῦ
1279 2616 1342 2674 θεοῦ
1356 2615 1546 2695 κληρονομίας,

254 2737 381 2797 κάκεῖθεν
412 2737 574 2815 δεχομένοις
595 2737 644 2812 τήν
673 2737 817 2816 κυριότητα
839 2734 886 2796 καί
917 2733 1039 2808 ἐξουσίαν
1062 2741 1114 2796 τῶν
1138 2736 1217 2796 θείων
1246 2734 1417 2796 τούτωνκαὶ
1445 2739 1547 2814 εῦαγῶν

254 2857 347 2938 οἴκων,
376 2863 422 2919 τοῦ
444 2879 474 2918 τε
503 2857 721 2938 πτωχοτρορείου
748 2857 863 2918 καὶτοῦ
893 2857 1072 2938 μοναστηρίου
1095 2876 1161 2933 μου·
1193 2856 1241 2918 καὶ
1262 2857 1317 2937 γάρ
1347 2857 1547 2936 λογοθετεῑοθαι

253 2979 356 3060 όρείλει
378 2981 442 3058 παρ’
457 2982 542 3040 αὐτῶν
565 2979 611 3038 καὶ
633 2981 719 3039 ποιεῖν
741 2979 772 3038 τό
795 2979 887 3039 ἱκανόν
909 2986 958 3055 τῆς
981 2974 1203 3062 εἰσοδοεξόδουί)
1227 2977 1373 3058 ἀνενδεῶς,
1397 2980 1490 3050 καθὼς
1506 2977 1545 3035 ἐπ’

254 3102 322 3177 ἐμοῦ
351 3099 398 3160 καὶ
429 3101 568 3181 ἐνηργεῖτο
597 3099 644 3160 καί
677 3101 832 3181 ἐπράττετο,
863 3098 911 3160 καὶ
939 3100 1093 3160 εὺθίνεσθαι
1122 3098 1183 3180 περί
1214 3099 1350 3176 ἀμελείας
1381 3099 1429 3159 καί
1458 3100 1544 3160 δόλου.

253 3221 391 3297 οἰκήματα
414 3221 445 3280 δέ
473 3206 530 3281 οὔδ’
544 3221 618 3293 ὅλως
641 3222 777 3296 βούλομαι
800 3219 964 3300 ἐκδίδοσθαι,
996 3219 1082 3296 εἰμὴ
1106 3224 1190 3296 μόνον
1214 3221 1366 3293 ἐνοικικῶς.
1414 3220 1439 3280 εἰ
1460 3221 1489 3280 δέ
1509 3237 1544 3286 τις

254 3349 308 3404 τῶν
330 3343 457 3402 τοιούτων
481 3363 533 3418 μου
554 3339 728 3422 προστάξεων
751 3343 877 3417 ἀθετήσει
899 3363 925 3401 τι
948 3345 1002 3415 ἕως
1023 3347 1070 3403 τοῦ
1092 3344 1280 3424 σμικροτάτου,
1304 3343 1374 3418 μετὰ
1397 3347 1444 3402 τοῦ
1463 3339 1543 3401 ’ίοίιδι

253 3463 301 3524 καί
326 3469 380 3522 τῶν
411 3466 621 3543 σταυρωσάντων
648 3465 694 3522 τόν
724 3465 814 3543 κόριον
844 3465 924 3538 ἡμῶν
948 3465 1051 3538 Ἰησοῦν
1074 3464 1190 3543 Χριστόν
1219 3465 1412 3543 λογισθήσεται
1434 3463 1480 3523 καί
1500 3459 1543 3533 τὴν

253 3581 322 3664 ἀράν
344 3591 397 3644 τῶν
419 3583 472 3660 τιη’
495 3585 580 3662 ἁγίων
610 3585 745 3665 θεοφόρων
775 3587 899 3666 πατέρων
921 3584 1123 3666 κληρονομήσει
1146 3583 1194 3645 καί
1217 3585 1284 3660 ἐμοῦ
1306 3589 1352 3645 τοῦ
1374 3583 1541 3664 ἁμαρτωλοῦ,

253 3703 300 3765 καί
327 3705 358 3764 τό
386 3706 450 3783 έχον
482 3705 627 3781 ἐκδοθῆναι
656 3707 731 3786 παρὰ
752 3708 798 3766 τὀν
830 3707 896 3782 ἐμόν
920 3707 1032 3787 όρισμδν
1055 3705 1095 3779 είς
1116 3707 1165 3782 τὴν
1187 3708 1360 3787 τρωτόιυπσν
1391 3703 1541 3766 δεσποτείαν

254 3827 475 3906 ἐπανελεόοεται,
499 3826 645 3887 ἀλλὰκαὶ
668 3829 748 3900 αἰντός
771 3829 785 3888 δ
807 3825 1002 3908 παραχαράξαι
1024 3849 1049 3888 τι
1071 3828 1218 3904 τολμήσων
1239 3828 1461 3902 ῆάναλαβέοθαι
1475 3825 1541 3904 παρὰ

252 3944 286 4008 τὰ
317 3949 518 4027 διατεταγμένα
542 3970 588 4023 μοι
617 3950 792 4030 κληρονόμος
823 3951 897 4008 ἔσται
919 3952 966 4009 τοῦ
997 3947 1108 4055 αἰωνίου,
1127 3951 1219 4030 πυρός,
1251 3951 1289 4020 ῶς
1311 3949 1474 4029 παραβάτης
1493 3953 1539 4006 τῶν

253 4069 382 4151 ἐντολῶν,
415 4068 462 4130 καὶ
485 4071 554 4149 ἅπερ
578 4071 635 4148 ἐγὼ
659 4071 729 4146 μετὰ
750 4071 866 4130 πολλῶν
888 4072 981 4130 κόπων
1003 4069 1050 4131 καὶ
1074 4060 1278 4152 ὑοτερημοίτων,
1309 4069 1419 4145 μᾶλλον
1442 4071 1473 4131 δὲ
1493 4073 1539 4128 τῶν

251 4195 297 4252 τοῦ
324 4193 387 4251 θεοῦ
415 4191 584 4271 δωρημάτων
607 4191 646 4270 τῷ
668 4191 723 4270 θεῷ
746 4193 892 4272 ἀνεθέμην,
926 4193 1006 4264 αθτδς
1028 4191 1165 4272 ἀκυρῶσαι
1189 4191 1348 4269 βουληθείς·
1378 4192 1429 4253 ι’νπό
1451 4191 1537 4273 τρόπον

251 4313 305 4392 γὰρ
328 4311 376 4372 καὶ
402 4311 488 4372 αἰτίαν
516 4317 679 4392 συγγενικῆς
708 4313 842 4391 διαδοχῆς
864 4312 911 4374 καί
934 4313 1095 4388 διοικήσεως
1116 4319 1170 4373 τῶν
1193 4317 1315 4391 ψυχικῶν
1337 4313 1386 4374 καὶ
1408 4311 1536 4394 ἐνεργείας

251 4439 305 4492 τῶν
328 4434 447 4508 εὺοεβῶν
471 4433 620 4494 διαδόσεων
642 4433 677 4492 τόι
699 4439 809 4494 τοιαῦτα
832 4435 931 4511 εῦσεβῆ
946 4437 1150 4511 συνεστησάμην
1164 4437 1323 4515 πράγματα.
1355 4435 1383 4494 αί
1399 4435 1431 4496 δὲ
1447 4432 1535 4495 είσοδοι

252 4591 456 4600 -ῌ---ι-

357 4695 376 4758 ¹)
397 4691 422 4742 ἐκ
440 4691 585 4761 ληπτσρικῆς
604 4695 630 4744 S.
703 4695 724 4760 ἰ)
743 4692 878 4752 εἰσοεξόδου
897 4695 923 4746 Β.
