3486 5282
385 257 450 324 240

387 448 487 525 άλλως
509 453 633 532 ἡγεῖσθαι
655 453 686 513 τό
708 457 826 514 τοιοῦτον
849 454 911 534 ἀρος
934 451 1074 530 αἰδέσιμον
1096 452 1144 514 καὶ
1158 460 1240 532 τιμῆς
1256 456 1364 530 ἀπάσης
1380 453 1561 516 έπαπολοσίειν
1576 453 1678 514 δίκαιον

385 577 414 634 όν
445 573 492 634 καὶ
518 572 634 651 νομίζειν
662 575 773 651 μᾶλλον
799 575 927 651 τιμᾶσθαι
955 577 1003 650 τὴν
1031 575 1174 652 βασιλείαν
1202 595 1253 652 μου
1277 577 1310 637 ἐκ
1332 582 1381 654 της
1403 577 1471 658 πρός
1492 581 1566 638 τοῦτο
1589 583 1678 652 τιμῆς.

387 693 447 756 ἐπεὶ
469 693 515 757 καὶ
539 693 662 769 δοξάζειν
685 692 742 757 οίάε
765 698 828 769 θεός
850 697 911 768 τοὺς
933 701 1025 758 τοῦτον
1049 695 1224 771 δοξάζοντας·
1249 698 1311 778 όρσς
1333 697 1386 779 γάρ
1406 703 1483 758 τοῦτο
1498 699 1679 779 θπερηρμένσν

384 824 437 878 τῶν
464 819 526 879 καθ’
538 819 622 896 ἡμᾶς,
653 819 715 899 θρος
743 821 825 900 θεῖον,
855 820 926 880 κατὰ
952 821 997 881 τόν
1020 819 1189 900 Ἀββακοθμς
1221 820 1287 880 δασὺ
1309 818 1356 881 καὶ
1378 823 1525 881 κατάσκιον
1547 823 1606 892 ταῖς
1629 828 1679 879 τῶν

387 939 492 1020 ἀρετῶν
515 941 654 1021 ἐργασίαις
676 939 723 1001 καί
746 941 856 1022 ἀρεταῖς
877 942 1016 1015 παντοίαις
1037 945 1223 1018 κατόκοσμον·
1249 941 1272 1002 εἰ
1296 941 1327 1002 ἀὲ
1349 939 1396 1003 καὶ
1418 939 1585 1022 ἀγιοίσμοιτος
1600 943 1680 1000 τόπον

385 1063 504 1122 καλέσαι
526 1061 566 1137 τίς
593 1064 721 1139 βούλεται
743 1063 790 1124 ναὶ
813 1059 888 1125 οἷκον
910 1069 956 1126 τοῦ
979 1064 1051 1126 θείου
1074 1065 1187 1146 Ἰακὼβ,
1217 1065 1351 1146 προσφυὲς
1374 1065 1425 1140 μὲν
1447 1066 1477 1124 τό
1500 1070 1614 1144 πρᾶγμα
1635 1061 1680 1122 καί

385 1191 433 1260 τῆς
456 1185 589 1260 ἀληθείας
613 1188 704 1266 ἀκρως
727 1186 871 1264 ἐχόμενον.
895 1188 946 1246 κάν
968 1207 1008 1258 τις
1028 1185 1142 1266 θεωρείη
1158 1182 1336 1270 τρανότερον,
1360 1186 1471 1266 πλήρης
1487 1187 1502 1244 ό
1517 1187 1589 1258 θεῖος
1607 1181 1679 1255 οἶκος

386 1301 464 1378 οὗτος
487 1305 569 1382 δόξης
591 1309 715 1385 πολλῆς·
747 1309 820 1386 πλὴν
845 1309 918 1370 ἔσται
939 1311 991 1369 κάν
1012 1312 1069 1382 τοῖς
1092 1309 1219 1388 ἐσχάτοις
1240 1309 1342 1380 τοότσις
1364 1312 1470 1388 καιροῖς
1493 1309 1575 1389 μέρος
1599 1303 1680 1381 δόξης

386 1428 625 1506 ἀπονενεμημένον
656 1430 740 1511 τοίντῳ
769 1431 844 1512 παρὰ
874 1438 923 1508 τῆς
952 1431 1096 1506 βασιλείας
1125 1452 1185 1508 μου,
1217 1432 1286 1492 οὕτω
1307 1429 1355 1491 καί
1376 1433 1410 1508 ἣν
1433 1425 1496 1509 εἶχε
1519 1429 1605 1490 πάλαι
1628 1427 1680 1487 ἴάοι

385 1571 425 1623 τις
458 1554 490 1610 ἀν
519 1550 562 1611 ἐπὶ
588 1554 618 1613 τό
646 1555 737 1628 μεῖζον
766 1554 836 1614 κατά
862 1554 908 1612 τόν
933 1555 1071 1634 προφήτην
1098 1554 1310 1634 προκόπτουσαν.
1355 1556 1439 1612 ταῦτα
1465 1553 1495 1612 τό
1522 1553 1607 1632 παρὀν
1633 1555 1681 1624 τῆς

387 1673 531 1746 βασιλείας
554 1695 605 1749 μου
628 1675 788 1754 πρόσταγμα
812 1675 954 1750 βούλεται·
982 1675 1049 1757 τιμᾷ
1070 1675 1123 1754 γάρ
1146 1675 1163 1750 η
1188 1673 1315 1749 βασιλεία
1338 1695 1390 1749 μου
1411 1675 1457 1733 τόν
1479 1673 1551 1733 κατὰ
1572 1671 1680 1752 καιρους

387 1795 415 1853 όν
430 1794 469 1854 τιῖι
481 1795 547 1878 Σινᾷ
561 1797 780 1877 προστησόμενον
796 1801 849 1856 τῶν
865 1795 1018 1877 ὑπερτίμων
1033 1795 1072 1876 τῷ
1088 1793 1232 1873 ἀξιώματι,
1248 1794 1295 1856 καί
1311 1793 1454 1875 διορίζεται
1467 1795 1679 1876 συναριθμεῖσθαι

386 1917 472 1998 τρίτον
496 1921 553 1991 τοῖς
575 1919 644 1979 σότω
666 1921 856 1996 τετιμημένοις
879 1920 907 1977 ἐν
932 1919 1024 1998 ἀπασι,
1047 1915 1094 1978 καί
1116 1919 1289 1994 συντιμσίσθαι
1313 1919 1342 1978 ἐν
1361 1920 1421 1990 ταῖς
1435 1917 1570 1998 προόόοις,
1594 1918 1679 1977 καθέ-

387 2039 472 2121 όραις,
505 2041 613 2101 στάσεσί
634 2061 665 2100 τε
691 2039 738 2102 καί
766 2041 965 2101 συνελείσεσιν·
997 2041 1186 2120 ἀμφιέννυσθαι
1209 2039 1239 2100 ἀὲ
1262 2039 1308 2100 καὶ
1332 2041 1426 2120 ἀμφισ,
1458 2041 1538 2100 όποία
1559 2037 1606 2099 καί
1629 2045 1679 2096 τῶν

387 2161 547 2242 ἀρχιερέων,
575 2163 668 2224 ὁπόσοι
690 2163 738 2238 τὴν
761 2164 884 2238 τοιαύτην
906 2163 986 2238 τιμὴν
1010 2162 1117 2222 ἐκτῶν
1141 2163 1239 2222 ἕκαθεν
1261 2163 1366 2242 χρόνων
1389 2160 1435 2220 καὶ
1457 2167 1502 2220 νῦν
1526 2158 1676 2236 ἀπέλαβον,

386 2283 479 2342 τάλλα
501 2304 530 2342 τε
552 2286 649 2363 πάντα,
674 2286 725 2344 όσα
747 2285 849 2357 τούτοις
870 2283 916 2344 καὶ
939 2285 1023 2364 τούτῳ
1038 2285 1193 2363 προσέσται,
1217 2284 1288 2343 κατὰ
1303 2283 1391 2360 μηδὲν
1408 2283 1603 2358 ἐλαττούμενα.
1636 2279 1677 2340 ἐπὶ

386 2407 470 2484 τούτῳ
492 2405 546 2486 γάρ
569 2407 694 2485 ἐγεγόνει
715 2403 762 2466 καί
785 2407 800 2464 ό
821 2406 915 2486 παρὼν
931 2407 1041 2486 όρισμός
1056 2411 1105 2482 τῆς
1121 2405 1263 2480 βασιλείας
1279 2427 1331 2480 μου
1345 2405 1432 2464 κατὰ
1449 2411 1537 2480 μῆνα
1553 2403 1678 2465 ἱσὺλισν
1729 2397 1730 2456 ;

388 2525 447 2587 ἰνά.
472 2525 510 2587 ιδ’
534 2531 559 2603 †.

491 2644 576 2728 Εἶχε
607 2650 643 2710 δὲ
673 2647 728 2710 καί
760 2649 799 2709 δι’
814 2651 957 2731 ἐρυθρῶν
986 2652 1192 2730 γραμμάτων
1223 2655 1280 2724 τῆς
1307 2649 1402 2722 θείας
1422 2647 1478 2708 καὶ
1502 2647 1677 2722 βασιλικῆς

386 2793 407 2848 χ
412 2773 502 2852 ειρός
519 2819 525 2832 .
544 2818 575 2835 ..

491 2901 582 2954 Primi
599 2901 739 2954 ediderant
755 2901 867 2954 Rhatta
883 2906 907 2954 et
923 2900 1012 2954 Ροίίοσ
1028 2901 1057 2954 ia
1076 2899 1180 2953 calcea.
1200 2901 1300 2953 Canon.
1325 2899 1355 2953 V.
1373 2917 1405 2969 p.
1424 2901 1487 2954 32⁶
1506 2917 1519 2954 e
1539 2900 1595 2952 aad.
1616 2915 1673 2950 aaa

391 3004 530 3060 Geraaimi
543 3005 748 3076 archicpiscopi,
765 3007 862 3060 ι’ίεννονιι
879 3005 1044 3074 Zachariae,
1061 3003 1114 3058 Jaa
1128 3021 1378 3075 amaea-romanum
1396 3006 1453 3058 111.
1465 3021 1498 3074 p.
1519 3007 1588 3058 593.

659 3273 701 3338 ΙΙ.
731 3273 955 3358 7091-1583,
979 3295 1090 3338 mense
1113 3273 1199 3359 iulia,
1224 3271 1301 3360 [ind.
1326 3271 1409 3360 XI.].

390 3429 514 3502 synodus
530 3433 655 3500 decernit,
673 3432 863 3485 monasterium
878 3432 978 3484 ίίισὶοίί
990 3431 1142 3486 Salvataris
1157 3433 1186 3485 ίιι
1201 3439 1287 3486 νηστεία
1300 3429 1381 3485 Sinai
1395 3433 1507 3484 liba-am
1520 3449 1575 3486 εσσε
1588 3439 1612 3486 et
1623 3432 1674 3498 ejas

790 3537 912 3589 abbatem
929 3536 1061 3606 ιίίφνιίίαίε
1076 3537 1197 3606 episcopi
1204 3537 1276 3606 frui.

391 3722 478 3780 Ἴσον
510 3717 775 3801 ἀπαράλλακτον
797 3725 853 3780 τοῦ
875 3719 1061 3782 καθολικοῦ
1084 3720 1258 3780 συνοδικσϋ
1279 3723 1480 3802 γράμματος
1502 3726 1558 3780 τοῦ
1580 3740 1674 3800 γεγσ·

387 3847 483 3914 νότος
515 3843 547 3901 ἐν
575 3841 619 3922 τῷ
648 3842 753 3923 καιρῷ
782 3845 836 3902 τοῦ
862 3841 1016 3917 ἀοιδίμου
1042 3845 1250 3924 πατριάρχου
1276 3842 1674 3914 Κωνσταντινουπόλεως,

663 3969 721 4042 κῦρ
745 3964 908 4046 Ἱερεμίου
930 3963 986 4024 καί
1009 3964 1106 4024 δοθὲν
1129 3967 1199 4035 τοῖς
1221 3959 1402 4035 Σιναίταις.

491 4117 506 4190 ’ς
540 4112 719 4192 Ἱερεμίας,
757 4111 843 4192 ἐλέῳ
877 4115 951 4174 θεοῦ
986 4111 1251 4192 ἀρχιεπίσκοπσς
1287 4113 1673 4183 Κωνσταντινσυπόλεως,

388 4233 480 4308 Νέας
500 4228 639 4313 Ῥώμης,
662 4233 716 4296 καὶ
740 4232 977 4309 οἰκουμενικθς
998 4236 1208 4314 πατριάρχης
1231 4238 1246 4310 ’ς

492 4356 512 4436 †
533 4355 611 4417 Ἔδει
641 4357 775 4432 μὲντοὺς
798 4355 982 4432 βουλομένους
1005 4355 1049 4414 θιά
1071 4357 1241 4436 γραμμάτων
1265 4355 1409 4416 συναδικῶν
1432 4357 1481 4430 τὴν
1505 4355 1674 4434 ὀφειλομένην

387 4477 435 4540 καὶ
456 4480 610 4558 πρέπουσαν
632 4481 762 4560 παρέχειν
787 4479 915 4554 βοήθειαν
939 4479 1044 4558 ἑκάστῳ
1066 4485 1119 4536 τῶν
1143 4479 1192 4537 ὑπό
1216 4478 1361 4553 βασιλικῆς
1381 4477 1551 4558 προμηθείας
1567 4479 1673 4556 ἀνεγερ-

389 4603 489 4662 θέντων
512 4596 709 4681 μοναστηρίων,
733 4602 771 4676 μὴ
788 4603 870 4675 μόνον
886 4599 985 4670 ἀπλῶς
999 4599 1046 4658 καὶ
1062 4601 1265 4680 ἀπερισκέπτως
1279 4601 1432 4678 κεχρῆσθαι
1446 4602 1503 4670 τοῖς
1518 4603 1673 4679 γράμμασιν,
