3194 5298
238 345 298 410 168

234 538 377 612 βασιλείας
400 559 461 615 μου,
485 537 539 596 εἴτε
561 543 611 614 τής
632 539 811 618 περιποθήτου
835 559 886 614 μου
909 539 1057 616 αύγούστης
1073 535 1137 598 είσίν
1154 531 1234 617 οὗτοι,
1258 537 1373 598 εἴτετοῦ
1390 539 1530 618 ἐρασμιω-

233 663 312 720 τάτου
339 659 394 720 υἱοῦ
422 663 471 735 τής
499 656 641 732 βασιλείας
664 679 716 734 μου
741 655 809 744 [καί]
822 660 842 736 1)
866 660 1013 736 βασιλέως,
1038 658 1092 719 εἴτε
1115 665 1167 718 τῶν
1183 657 1373 740 προσγενῶνί)
1392 659 1532 738 ἀρχέντων

234 787 283 858 τής
306 780 448 855 βασιλείας
471 801 522 856 μου
545 778 591 840 καὶ
613 785 667 840 τῶν
689 780 793 840 λοιπῶν
810 780 948 860 ἀρχόντων
964 779 1009 841 καί
1026 781 1253 860 ἀρχοντοπούλων
1269 781 1361 856 αὐτῆς,
1378 780 1440 840 ούύέ
1457 779 1532 840 αίποί

234 903 370 982 ύηειλουσι
396 904 476 982 χάριν
504 900 664 982 μαγειρείας
691 906 709 978 ή
736 901 850 978 ἀψωνίου
876 906 894 978 ή
923 902 1012 964 ἀλλου
1034 905 1105 974 τινος
1127 905 1282 978 ζητήματος
1305 902 1428 962 ἀπαιτεῖν
1450 923 1477 962 τι
1502 897 1532 972 ἐξ

235 1027 320 1086 αὐτῶν
347 1028 364 1098 ἢ
394 1023 467 1084 ἄλλο
494 1021 518 1083 τὶ
548 1023 658 1102 ἐπάγειν
686 1025 775 1096 αύτοῖς
802 1023 933 1098 ἐπιτίμιον
961 1023 1007 1084 καί
1032 1023 1193 1097 ἐπιβλαβές.
1239 1023 1386 1084 ἀλλὰκαὶ
1408 1022 1484 1084 αὐτοὶ
1509 1022 1533 1082 οί

233 1147 304 1208 κατὰ
329 1147 424 1226 καιρίιν
452 1145 606 1220 μέλλοντες
634 1146 708 1222 ἔχειν
735 1145 783 1220 τήν
813 1145 914 1222 ἐνοχήν
940 1152 990 1220 της
1012 1143 1192 1217 ύεοδοξάστου
1215 1145 1532 1216 Κωνσταντινουπὸλεως

234 1265 408 1351 ἀρέξονταιί)
440 1265 556 1338 τελείως
582 1270 627 1326 τοῦ
655 1265 768 1342 ἐπάγειν
796 1265 925 1346 ἐπήρειαν
933 1263 960 1350 ⁴)
984 1267 1073 1338 αυτοῖς
1096 1263 1142 1326 καί
1165 1263 1304 1342 ἀπαίτησιν
1327 1267 1376 1340 τὴν
1399 1271 1532 1345 τυχοῦσαν

233 1394 251 1466 ἢ
275 1389 390 1468 ἀψωνίου
411 1391 430 1463 ή
453 1387 624 1468 μαγειρείας,
646 1390 664 1462 ἢ
688 1388 905 1472 συγκαταλέγων
930 1388 1024 1460 αύτούς
1039 1391 1097 1460 τοῖς
1111 1388 1218 1460 λοιποῖς
1234 1383 1354 1460 ἐποίκοις
1370 1390 1469 1462 ταύτης
1488 1387 1532 1446 ἐπὶ

233 1513 292 1582 ταῖς
318 1510 389 1569 κατά
416 1510 526 1590 καιρούς
552 1507 740 1591 γινομέναιςί)
768 1505 836 1595 [διὰ]
864 1509 1040 1588 κοινωφελεῖς
1066 1509 1132 1581 ἴσως
1158 1510 1255 1589 χρείας
1282 1513 1492 1590 συγκροτήσεσιν
1515 1514 1532 1582 ἦ

235 1631 311 1704 ἰδίως
334 1631 409 1702 ὅλως
431 1632 552 1692 ἀπαιτεῖν
574 1632 682 1704 τούτους
705 1637 753 1706 τῆς
774 1631 900 1706 τοιαύτης
924 1633 1129 1712 συγκροτήσεως
1153 1634 1243 1710 ἕνεκα,
1272 1631 1339 1692 ἀλλ’
1350 1632 1413 1694 σύδέ
1437 1630 1477 1704 είς
1501 1634 1532 1702 ἀς

235 1755 341 1832 ἔχουσιν
349 1749 374 1837 ύ)
398 1745 470 1814 ούτοι
492 1752 631 1824 ὑποθέσεις
653 1755 671 1827 ἢ
695 1753 754 1828 μετ’
768 1751 904 1828 ἀλλήλων
926 1755 944 1828 ή
968 1753 1029 1828 μεθ’
1043 1753 1143 1831 ἑτέρων
1166 1759 1244 1814 τινῶν
1266 1753 1447 1832 κριθήσωνται
1467 1751 1532 1832 παρ’

234 1879 331 1957 αύτιῖιν,
362 1876 430 1936 ἀλλ’
444 1875 473 1936 ἐν
496 1875 535 1954 τῷ
558 1877 677 1956 σενρέτῳ
700 1881 749 1952 τής
772 1875 916 1949 βασιλείας
939 1896 999 1952 μου.
1045 1883 1078 1958 τῇ
1100 1879 1165 1955 γοῦν
1188 1874 1258 1953 ἰσχύι
1280 1873 1328 1934 καὶ
1351 1875 1464 1950 δυνάμει
1486 1879 1532 1934 τού

233 2003 366 2079 παρόντος
392 1997 599 2078 χρυσοβούλλου
627 1998 713 2075 λύγου
740 2003 789 2073 τῆς
812 1997 956 2072 βασιλείας
983 2017 1034 2071 μου
1060 1997 1094 2057 τά
1120 1997 1191 2058 κατὰ
1219 1999 1304 2074 μέρος
1325 1995 1387 2078 περὶ
1411 1995 1532 2076 αύτιῖινῑ)

234 2121 386 2202 διορίζεται.
425 2119 600 2180 ἀπολαύσωσι
622 2120 720 2195 ταύτης
743 2119 813 2178 κατὰ
834 2120 880 2180 τὀν
902 2117 959 2178 ἴσον
982 2118 1028 2178 καὶ
1052 2119 1145 2194 ύμσιον
1166 2120 1265 2200 τρόπον
1286 2117 1332 2178 καί
1349 2117 1374 2180 οί
1390 2116 1422 2191 ἐξ
1437 2120 1532 2198 ύσρύος
1589 2191 1590 2196 ¹

234 2241 332 2312 παῖδες
354 2239 400 2300 καὶ
423 2241 552 2320 ἀπάγουσι
575 2242 683 2318 τούτων,
707 2241 845 2322 μέχριάν
867 2242 886 2318 ἡ
908 2244 953 2300 τοῦ
976 2241 1072 2318 γένους
1095 2241 1181 2300 αὐτῶν
1205 2237 1334 2322 διαρκήθ)
1358 2239 1445 2320 σειρά.
1492 2237 1531 2311 είς
1589 2231 1590 2268 ³

234 2362 288 2441 γάρ
311 2362 359 2436 τὴν
386 2360 447 2440 περὶ
470 2363 569 2422 τούτων
592 2363 717 2422 ἀπάντων
742 2360 886 2436 βεβαίωσιν
910 2357 979 2447 [καὶ]
1003 2361 1152 2441 ἀσφάλειαν
1162 2360 1187 2444 ⁹)
1211 2361 1321 2438 ἐγένετο
1344 2359 1392 2420 καί
1416 2361 1531 2441 ἐπιβρα-

233 2483 315 2560 βεύθη
346 2481 393 2542 καὶ
421 2483 614 2562 ἐπεχορηγήθη
644 2482 732 2554 αὺτοῖς
755 2482 802 2542 καί
825 2484 839 2542 ὁ
861 2483 955 2562 παρὼν
977 2483 1183 2563 χρυσύβσυλλος
1205 2483 1291 2560 λύγος
1314 2488 1363 2558 τῆς
1387 2483 1531 2558 βασιλείας

234 2625 294 2682 μου,
311 2601 456 2675 ἀπολυθείς
472 2599 556 2666 κατά
571 2611 659 2680 μῆνα
674 2604 852 2684 νσέμβρισν
867 2611 926 2680 τῆς
943 2605 1160 2681 ἐνισταμένης
1176 2602 1235 2664 ίνδ.
1251 2599 1285 2664 ιε’
1300 2605 1393 2676 ἔτους
1406 2602 1528 2686 ,ςωκεᾎ

234 2727 267 2786 έν
284 2722 306 2806 ᾧ
321 2723 378 2786 καί
393 2729 427 2785 τύ
442 2727 607 2806 ήμέτερον
624 2725 762 2802 εύσεβὲς
777 2723 833 2788 καὶ
848 2725 1100 2806 ύεσπράβλητον
1116 2728 1350 2802 ύπεσημήνατο
1365 2730 1488 2806 κράτος
1503 2731 1527 2802 †.

336 2847 589 2928 ’[Ἀνθρύνικος,
607 2848 640 2908 ἐν
656 2847 785 2929 Χριστῷ
800 2847 843 2926 τῷ
859 2847 923 2926 θεῷ
938 2849 1051 2920 πιστάς
1067 2847 1228 2923 βασιλεύς
1244 2847 1299 2908 καί
1315 2849 1528 2928 αὐτοκράτωρ

233 2968 413 3045 Ῥωμαίων,
436 2970 565 3042 Δούκας
588 2966 755 3048 Ἀγγελος
777 2970 953 3046 Κομνηνύς
976 2971 991 3028 ύ
1015 2967 1258 3047 ΙΙαλαιολύγος
1279 2974 1304 3046 †.

337 3097 515 3168 Ριίυίίεμίιιιιι
534 3099 653 3152 servavit
672 3097 805 3168 Georqius
826 3097 971 3152 Ρίιταιιισοε
988 3098 1017 3150 ιἰι
1035 3098 1150 3152 historia
1167 3116 1199 3168 p.
1222 3101 1286 3152 400
1305 3099 1345 3154 ιιί.
1368 3099 1525 3152 Βοιιιιωιείι,

233 3203 278 3256 Ex
293 3203 355 3256 edit.
382 3202 479 3257 Veneta
490 3221 522 3274 p.
541 3205 602 3258 175
617 3203 658 3256 ed.
677 3203 842 3271 Zachariae,
859 3201 912 3258 ιῘυε
926 3220 1047 3272 ητπτσιιι.
1067 3203 1124 3256 ΙΙΙ.
1138 3221 1169 3272 p.
1189 3204 1259 3257 635.

454 3488 495 3552 V.
523 3487 748 3570 6914-1405,
773 3507 884 3552 mense
908 3488 1095 3575 septembri,
1118 3488 1185 3552 ind.
1210 3488 1303 3553 XIV.

290 3655 443 3725 Imperator
459 3655 574 3708 Μαιιιιεὶ
588 3653 769 3725 Ραίαεοὶυρυιι
789 3655 907 3708 concedit
923 3654 1048 3709 ecclesiae
1064 3654 1267 3710 Monembasiae
1277 3657 1474 3727 possessionem

794 3759 963 3813 Ηιίίοούιιιτί.

335 3949 351 4020 ή
368 3945 403 4006 Ἢ
426 3943 553 4022 βασιλεία
574 3967 625 4022 μου
641 3945 834 4025 ἀποδεχομένη
850 3943 898 4006 καί
913 3946 1015 4023 ἔχουσα
1029 3946 1151 4024 θέλημα,
1174 3947 1218 4006 ἵνα
1233 3947 1250 4021 ή
1267 3948 1406 4025 ἀγιωτάτη
1422 3950 1525 4029 μητρέ-

230 4067 312 4140 πολις
328 4067 526 4144 Μονεμβασίας
548 4069 654 4150 κατέχῃ
677 4069 725 4144 τήν
747 4070 841 4149 χώραν
864 4073 910 4128 τού
926 4069 1120 4144 Ἑλικσβουνού
1141 4068 1283 4139 ύλοτελῶς
1298 4066 1344 4128 καί
1360 4069 1526 4148 ὁλοκλήρως

232 4187 272 4261 εἰς
294 4191 324 4250 τ“σ
346 4192 432 4250 ποιεῖν
447 4191 509 4262 τούς
524 4190 595 4252 κατὰ
610 4191 703 4272 καιρον
716 4191 815 4266 ταύτης
830 4191 1028 4271 ἀρχιερατικῶς
1046 4191 1276 4270 προστατεύοντας
1290 4189 1465 4270 λειτουργίας
1481 4191 1525 4250 δύο

231 4312 421 4386 καθ’ἑκάστην
445 4311 597 4392 ἑβδομάδα,
629 4312 657 4372 έν
684 4314 743 4384 ταῖς
770 4317 819 4387 τῆς
845 4312 974 4393 τετράδος
1001 4309 1116 4372 καὶτοῦ
1139 4311 1277 4387 σαββάτου
1300 4312 1428 4393 ήμέραις,
1459 4311 1522 4391 ύπέρ

336 4501 355 4566 ¹)
372 4502 432 4553 add.
445 4503 473 4556 Z.
546 4502 566 4568 ²)
585 4503 773 4570 προσμενῶνΒ,
844 4501 865 4564 ⁸)
885 4497 1018 4567 ἀρέξωνται
1031 4503 1060 4552 B.
1134 4503 1154 4568 ⁴)
1174 4499 1284 4568 ἐπηρείας
1298 4503 1325 4552 Ζ.
1399 4505 1419 4566 ⁵)
1439 4499 1522 4564 τάς-

231 4597 356 4666 χωρίσας
374 4627 408 4643 ..-
425 4595 510 4668 χροίας
529 4601 559 4652 B.
630 4599 651 4667 ὓ)
670 4594 760 4677 ἔχωσιν
783 4597 815 4655 Β,
885 4597 905 4668 ⁷)
925 4593 997 4664 αὐτῆς
1016 4598 1047 4656 Β,
1118 4597 1138 4668 ⁸)
1157 4597 1281 4670 διαρκήαει
1299 4599 1328 4654 Z.
1399 4599 1422 4670 ί)
1439 4603 1481 4668 τῆς
1499 4617 1521 4657 8.

233 4712 254 4752 τ.
274 4691 314 4752 ἀπ.
333 4693 384 4768 βεβ.
404 4691 537 4764 ἀσφαλείας
555 4697 584 4756 Ζ,
