3194 5298
1254 362 1315 428 129

61 557 93 612 τοί
110 552 179 631 θγίου
201 573 254 630 μου
276 553 403 614 αθθέντου
424 553 471 614 καί
494 555 642 636 βασιλέως,
673 559 718 616 τοῦ
740 557 850 616 πάππου
872 563 921 632 τῆς
944 554 1089 630 βασιλείας
1112 579 1172 635 μου,
1204 560 1272 636 πρός
1293 579 1324 618 τε

60 677 91 734 τόν
109 643 283 756 συμπένθεβον
305 677 384 736 αθτδν
406 684 456 754 τῆς
479 676 623 750 βασιλείας
646 699 706 756 μου,
734 677 993 758 πρωτοβεοτιαρίτην
1016 683 1065 759 κῦρ
1088 676 1256 758 Ἀνδρόνικον
1279 683 1324 741 τὀν

60 799 268 876 θαντακαυζηνόν,
292 800 322 871 θς
345 797 482 880 εὑρίσκετο
506 798 545 872 είς
567 800 691 880 κεφαλὴν
713 804 759 860 τοῦ
780 802 862 862 τόπου
884 807 937 860 τῶν
953 802 1071 881 Σερρῶν,
1095 801 1133 860 ἔτι
1157 800 1187 862 δὲ
1209 800 1257 862 καί
1277 803 1324 862 τδν

59 918 187 1003 οἰκείοντῄ
210 919 338 1004 βασιλείᾳ
361 943 421 1002 μου,
444 923 533 1002 κόριον
554 923 708 1002 Δημήτριον
724 919 863 1002 Ἄγγελον
885 923 930 984 τόν
946 920 1111 1002 Μετοχίτην,
1135 923 1323 1002 εὑρισκόμενον

58 1041 134 1118 ἀρτίως
161 1039 199 1113 εἰς
226 1043 350 1122 κεφαλὴν
376 1048 422 1104 τοῦ
451 1045 542 1104 σοίτόθι
571 1045 653 1106 τόπου
675 1049 728 1104 τῶν
751 1045 871 1125 Σερρῶν,
899 1045 946 1106 καί
970 1045 1167 1120 ἐδικαιώθησαν
1189 1043 1236 1106 καὶ
1258 1047 1322 1124 παρ’

58 1163 189 1244 ἀμφοτέρων
212 1165 300 1224 αὐτῶν
324 1163 477 1245 ἐγγράφως,
506 1166 658 1243 ἐδεήθησαν
681 1165 712 1227 δὲ
734 1169 826 1246 τυχεῖν
849 1165 893 1228 ἐπί
915 1173 975 1239 ταῖς
996 1167 1132 1238 τοιαύταις
1153 1166 1255 1246 κρίσεσι
1276 1165 1323 1228 καί

57 1289 238 1364 προστάγματος
260 1293 311 1362 τῆς
333 1287 485 1363 βασιλείας.
508 1295 557 1364 τῆς
579 1289 704 1364 τοιαύτης
727 1287 848 1364 δεήσεως
870 1290 957 1350 αὑτῶν
973 1289 1146 1350 ἐπακοθσασα
1162 1291 1180 1364 ή
1197 1288 1324 1362 βασιλεία

57 1427 95 1478 μοι
111 1410 137 1466 τδ
156 1409 241 1487 παρὀν
265 1409 425 1490 ἐπιχορηγεῖ
440 1408 530 1482 αδτοῖς
544 1413 715 1490 πρόσταγμα,
740 1409 774 1470 δι’
786 1404 817 1470 οὗ
840 1409 992 1491 διορίζεται,
1013 1413 1141 1489 κατέχειν
1156 1411 1204 1485 τὴν
1221 1409 1324 1486 διαλη-

58 1531 143 1606 ρθείσου
165 1531 250 1607 μονὴν
273 1535 320 1592 τοῦ
341 1532 429 1607 τιμίου
445 1531 605 1612 Ιίροδρόμσυ
626 1534 672 1592 τόν
695 1533 810 1612 ρηθέντα
831 1535 912 1594 τόπον
935 1535 982 1608 τὴν
998 1533 1164 1612 Κεράνιτζαν
1187 1532 1258 1593 κατὰ
1276 1533 1326 1605 τὰς

56 1652 192 1730 τεριλήψεις
219 1659 272 1712 τῶν
302 1656 455 1734 προσόντων
485 1652 596 1736 αθτῇί),
627 1655 666 1726 ὡς
696 1653 810 1735 εἴρηται,
840 1654 1032 1735 ἀπογραρικῶν
1055 1653 1255 1734 δικαιωμάτων,
1287 1655 1325 1716 ἔτι

57 1771 135 1833 δὲκαὶ
156 1776 194 1847 ὡς
217 1775 417 1862 ἐδικαιώθησαν
440 1774 466 1842 οἱ
489 1775 517 1834 ἐν
541 1777 608 1856 αίιτῇ
631 1775 748 1854 μοναχοί
772 1775 816 1836 διὰ
837 1782 890 1836 τῶν
914 1773 1065 1857 εἰρημένων
1087 1776 1200 1856 κρίσεων
1221 1774 1323 1852 καὶμὴ

56 1895 164 1974 είρίονειν
193 1898 223 1956 τό
250 1896 304 1956 ἀπδ
326 1896 405 1957 τοῦδε
426 1895 501 1976 παρὰ
522 1903 576 1957 τῶν
600 1897 779 1972 δηλωθέντων
802 1903 930 1976 μσναχῶν
954 1898 1069 1978 Ἰβήρων
1093 1895 1136 1958 ἐπὶ
1157 1897 1196 1977 τῷ
1219 1897 1325 1977 ῥηθέντι

20 2021 21 2026 ’
55 2022 93 2090 τῆς
110 2018 271 2098 Κερανίτζης
300 2020 374 2096 τόπῳ
404 2019 453 2093 τὴν
483 2022 614 2097 τυχοῦσαν
642 2019 758 2080 ἐπίθεσιν
788 2022 806 2093 ἢ
836 2019 1017 2098 διενόχλησιν.
1057 2017 1097 2092 είς
1118 2018 1171 2098 γὰρ
1194 2018 1242 2093 τὴν
1264 2015 1325 2100 περί

55 2137 127 2198 τοίτου
157 2139 306 2218 ἀσφάλειον
337 2139 494 2218 ἐχορηγήθη
525 2146 557 2222 τῇ
588 2141 696 2222 τοιαίτρ
723 2139 860 2223 σεβασμίρ
882 2147 951 2222 μονῇ
973 2145 1020 2200 τοῦ
1044 2138 1203 2220 Προδρόμου
1225 2137 1272 2198 καί
1295 2141 1325 2200 τδ

55 2260 124 2336 παρὀν
143 2267 190 2334 τῆς
212 2260 356 2336 βασιλείας
379 2279 430 2336 μου
451 2263 613 2342 πρόσταγμα
637 2259 714 2338 μηνί
736 2261 905 2340 δκτωβρίῳ
930 2309 987 2326 ...

140 2386 155 2456 ή
175 2377 257 2460 Εἶχε
288 2383 324 2442 δὲ
346 2379 403 2442 καὶ
426 2382 621 2463 δι’ἑρυθρῶν
643 2385 847 2463 γραμμάτων
870 2389 928 2458 τῆς
951 2382 1132 2458 βασιλικῆς
1154 2381 1211 2442 καί
1233 2382 1325 2454 θείας

56 2503 152 2580 χειρδς
179 2507 227 2564 τό·
265 2505 431 2584 Στέφανος
460 2505 589 2584 κράλης
615 2506 825 2586 αὐτοκράτωρ
849 2503 994 2584 Σερβίας
1015 2502 1070 2564 καί
1093 2503 1277 2580 Ῥωμανίας
1299 2509 1324 2580 †.

139 2625 310 2706 Εθρίσκονται
340 2625 372 2686 δὲ
394 2623 441 2686 καί
462 2625 682 2706 προσκαθήμενοι
705 2626 733 2686 ἐν
755 2625 794 2706 τῷ
815 2627 925 2706 τοιοίιτῳ
948 2625 1062 2706 ἀγριδίῳ
1084 2631 1133 2702 τῆς
1155 2625 1325 2706 Κερανίτζης

56 2743 165 2828 ἔκπαλαι,
186 2744 281 2807 οἱκαὶ
302 2747 529 2824 καταλογίζονται
551 2749 590 2819 ὡς
611 2746 716 2827 γονικοὶ
738 2753 788 2826 τῆς
811 2754 907 2828 μονῆς,
931 2749 957 2808 οἳ
978 2744 1025 2808 καὶ
1041 2748 1148 2824 ἔχουσιν
1164 2748 1249 2820 οὓτως
1266 2793 1272 2808 .
1292 2792 1324 2806 ..

20 2891 22 2960 γ
563 2877 680 2931 Nomina
696 2878 798 2932 άεουιιί.

142 2999 286 3054 Ῑυαιιπίάεε
301 3000 352 3054 Ντ.
371 3002 419 3054 18.

247 3283 377 3350 XXXI.
401 3281 649 3372 [6854-1346],
672 3303 783 3347 mense
806 3281 909 3368 aprili,
932 3281 998 3347 ind.
1022 3281 1114 3346 XIV.

134 3468 192 3524 Ra
207 3468 362 3540 Stephanus
378 3469 477 3524 Παίου
492 3470 610 3524 concedit
628 3467 743 3538 Georyio
759 3465 912 3536 Ρίιοοορυίυ
921 3465 971 3534 jus
987 3465 1107 3537 αηρευιίί
1121 3465 1227 3520 molam.

59 3666 242 3752 ίίρόστοιγμα
265 3673 319 3733 διὰ
340 3674 394 3732 τόν
417 3673 553 3748 μύλωνα
576 3675 631 3731 τοῦ
654 3673 751 3730 αὺτοῦ
767 3670 997 3730 Φωκοποθλσυ
1019 3674 1073 3730 τοῦ
1089 3669 1327 3743 βασιλέωςκυ-

548 3794 618 3873 ρίου
640 3793 817 3871 Στεφάνου.

142 3967 251 4043 ήἸθπεὶ
273 3967 288 4026 ό
312 3965 411 4039 οίκείος
432 3972 465 4049 τῇ
489 3965 617 4050 βασιλείᾳ
632 3987 693 4044 μου,
716 3969 766 4046 κϋρ
781 3966 918 4046 Γεωργιος
933 3965 948 4024 ό
964 3963 1163 4042 Φωκόπουλος,
1181 3957 1326 4039 ἐδικαιώθη

59 4079 95 4141 διὰ
113 4090 270 4166 γράμματος
292 4093 338 4149 τοῦ
360 4087 459 4149 οἰκείου
482 4089 549 4170 αἰτῇ
570 4087 726 4168 κεραλῆςί)
745 4092 794 4162 τῆς
809 4085 958 4146 θεοσὼοτσυ
972 4085 1083 4157 πόλεως
1097 4086 1215 4164 Σερριθν,
1238 4083 1328 4162 κυρίου

58 4203 153 4270 Μ.
173 4217 218 4272 τοῦ
241 4209 436 4292 Ἀβραμπάκη,
463 4207 511 4269 καί
533 4215 584 4270 τῶν
607 4209 712 4270 λοιπῶν
735 4207 874 4289 ἀρχόντων
895 4213 945 4282 τῆς
968 4205 1111 4279 βασιλείας
1134 4225 1184 4281 μου
1205 4203 1252 4266 καί
1274 4211 1328 4266 τῶν

59 4323 217 4402 ἐντιμοτάτων
240 4331 474 4407 ἑκκλησιαοτικῶν
497 4331 645 4412 ἀρχόντων,
668 4333 738 4392 ὥστε
760 4335 869 4406 ποιῆσαι
892 4329 1021 4406 σίινεγγυς
1040 4331 1085 4387 τοῦ
1106 4327 1233 4402 μίλωνος
1248 4326 1328 4388 αυτοῦ

59 4447 96 4506 καί
120 4453 204 4534 ἕτερον
231 4453 421 4536 ὑδρομθλωνα,
451 4451 498 4514 καὶ
525 4453 626 4530 ἐδεήθη
658 4450 702 4513 ἐπὶ
723 4449 761 4530 τῷ
783 4452 894 4531 τοιούτῳ
917 4449 1097 4530 δικαιωτηρίῳ
1119 4452 1260 4530 γράμματι
1282 4447 1329 4514 καὶ

59 4601 246 4620 *Q*

149 4713 168 4778 ¹)
186 4710 262 4764 αὑτῶν
280 4713 301 4764 1.
373 4713 393 4778 ²)
413 4710 479 4780 αὐτῷ
498 4709 588 4779 κεφαλῇ
607 4713 628 4761 Ῑ.
