3240 5286
1275 327 1339 394 273

44 531 73 590 δὲ
97 528 144 590 καὶ
166 529 192 590 οί
213 535 326 591 τοιοῦτοι
356 529 493 610 κληρικσί,
525 529 618 600 καθώς
642 525 692 587 τίσι
715 528 877 606 τεταγμένοι
900 524 940 598 είς
961 525 1010 602 τὴν
1032 525 1156 599 τοιαύτην
1180 523 1338 604 ἐπισκοπὴν,

44 650 200 713 ἀποδὼσωσι
223 653 255 711 δὲ
277 655 344 732 πρὸς
368 653 449 726 αθτὴν
471 653 501 710 τό
524 651 625 726 ἀνῆκον
648 649 740 729 τέλος,
764 650 821 708 όσοι
842 649 950 726 ἔχουσιν
966 647 1086 722 ὑποτελῆ
1101 648 1229 722 κτήματα
1245 648 1338 725 αθτῆς,

44 773 85 832 καί
115 774 248 850 μηδόλως
278 773 470 844 ἀντιτείνοντες
501 769 541 844 εἰς
567 775 653 832 τοῦτο.
700 771 762 830 ὅθεν
784 776 818 850 τῇ
841 767 911 846 ίσχθι
934 768 980 829 καί
1003 765 1116 844 δυνάμει
1138 772 1184 827 τοῦ
1206 769 1340 848 παρόντος

43 895 245 974 χρυσοβοθλλου
276 889 386 980 [λόγου]
413 900 463 970 τῆς
491 892 635 968 βασιλείας
663 913 714 968 μου
741 893 848 974 κατέχῃ
872 890 922 966 μὲν
944 889 991 950 καὶ
1014 891 1129 966 νέμηται
1151 889 1185 947 τά
1207 887 1340 969 εἰρημένα

44 1019 153 1096 ἅπαντα,
177 1019 215 1090 ὡς
238 1017 348 1104 ἐκράτει
370 1015 417 1076 καὶ
440 1017 566 1094 ἐνέμετο,
590 1014 684 1088 καθὼς
700 1015 828 1096 ἀνωτέρω
844 1013 1009 1092 διείληπται,
1033 1014 1191 1092 διατηρῆται
1208 1009 1340 1070 δὲταῦτα

44 1140 162 1219 ἀνώτεροι
183 1138 231 1200 καὶ
254 1140 447 1215 άκαταζήτητα
470 1139 522 1198 άπδ
546 1143 642 1198 πασῶν
667 1137 861 1216 ἐπερχομένων
885 1135 988 1196 δόσεων
1011 1131 1102 1194 τεκαὶ
1118 1134 1270 1210 ζητήσεων,
1293 1129 1339 1190 καί

45 1261 128 1332 σθδεὶς
151 1264 181 1321 σθ
205 1264 312 1337 μήποτε
334 1269 387 1320 τῶν
410 1262 536 1348 ἁπάντων
558 1261 686 1343 τολμήσῃ
706 1261 787 1339 χεῖρα
804 1258 967 1332 ἐπιβάλλειν
983 1257 1026 1317 ἐπ’
1040 1257 1129 1328 αὺτοῖς
1143 1255 1340 1329 πλεονεκτικὴν

44 1381 86 1442 καὶ
108 1383 217 1444 ἄδικον·
248 1383 376 1456 βοθλεται
399 1378 452 1462 γὰρ
475 1384 493 1456 ἡ
518 1381 647 1458 βασιλεία
670 1402 731 1462 μου,
755 1380 931 1458 ἀνενόχλητα
952 1377 999 1440 καί
1022 1378 1193 1438 άδιάσπαοτα
1216 1377 1340 1437 άπαντά-

44 1525 103 1563 παει
126 1505 310 1584 διατηρεῖσθαι
333 1505 386 1564 ἀπο
407 1510 501 1564 πασῶν
523 1508 577 1562 τῶν
602 1503 795 1580 ἐπερχομένων
819 1502 995 1578 δημοσιακων
1019 1501 1123 1561 δόσεὼν
1143 1498 1235 1560 τεκαὶ
1253 1501 1339 1577 ζητή-

45 1647 119 1685 σεων.
154 1625 196 1685 ἐπὶ
217 1627 302 1705 τούτῳ
325 1627 378 1705 γὰρ
402 1625 597 1704 έπεχορηγηθη
617 1623 664 1684 καί
680 1623 869 1705 ἐπεβραβεθθη
886 1621 924 1694 είς
939 1625 988 1698 τὴν
1004 1623 1199 1702 διαληφθεῖσαι
1208 1621 1233 1705 ¹)
1250 1622 1339 1700 ἁγιω-

45 1750 123 1822 τάτην
149 1749 297 1822 ἐπισκοπὴν
321 1749 435 1824 Σταγῶν
447 1743 473 1804 ’ό
495 1746 589 1826 παρὼν
609 1744 816 1824 χρυσόβουλλος
831 1741 940 1830 [λόγος]
955 1750 1004 1820 τῆς
1021 1743 1164 1818 βασιλείας
1180 1763 1242 1822 μου,
1268 1743 1340 1802 ἀπο-

47 1869 134 1942 λυθείς
151 1871 235 1930 κατὰ
251 1876 339 1946 μῆνα
363 1872 501 1949 μάρτισν
524 1874 581 1943 τῆς
604 1862 663 1927 νῦν
680 1867 864 1946 τρεχοθσης
879 1869 1040 1944 τετάρτης
1060 1864 1270 1934 ἰνδικτιῶνος
1286 1867 1342 1923 τοῦ

49 1989 345 2070 έξακτσχιλισοτσθ
372 1991 634 2050 όκτακοσιοστοῡ
655 1986 954 2070 τεσσαρακοσταθί)
979 1981 1158 2073 [τετάρτου]
1182 1987 1285 2064 ἔτους,
1310 1983 1342 2042 ἐν

48 2108 68 2190 ᾧ
89 2111 144 2172 καί
165 2115 199 2173 το
221 2114 387 2188 ἡμέτερον
410 2111 550 2187 εθοεβὲς
571 2109 627 2170 καὶ
649 2109 904 2190 θεοπρόβλητον
924 2109 1157 2184 θπεσημήνατο
1180 2109 1302 2188 κράτος
1317 2109 1341 2184 †.

146 2234 406 2314 βἈνδρόνικος,
438 2232 470 2291 ἐν
502 2231 632 2312 Χριστῷ
662 2231 705 2310 τῷ
734 2231 799 2312 θεῷ
829 2231 942 2302 πιστός
972 2229 1132 2306 βασιλεὺς
1161 2225 1217 2288 καί
1248 2229 1342 2289 αθτσ-

49 2360 175 2436 κράτωρ
199 2356 380 2438 Ῥωμαίων,
403 2355 418 2414 ὁ
441 2353 684 2434 Παλαιολόγος
706 2359 730 2430 ί.

146 2485 387 2554 Ειεωαίιόομέσὶτιικ
396 2483 669 2554 ι’πρατάοιαυεοίτθυόέ
675 2482 801 2536 ecclesiae
809 2479 971 2551 φίαοομιιίίν
980 2481 1141 2535 θαόιιθαοαε.
1152 2479 1266 2533 Εάάίυπι
1272 2479 1344 2534 estin

51 2586 127 2642 λίαν-ο.-
136 2589 253 2642 Μὶεοέοιι
261 2588 461 2660 ατοίιόοίσφίφυο
469 2588 665 2644 άοΜαοόάοίιιο
673 2586 812 2656 μανόέοιι
820 2586 912 2656 Ηουαφ
920 2591 945 2640 εί
952 2585 988 2638 Η.
1001 2585 1130 2639 Βοιωτοί.
1147 2585 1239 2638 Paris.
1250 2585 1342 2639 1876.

51 2693 189 2762 Appendiae
199 2712 231 2764 p.
252 2694 323 2748 453.
347 2693 500 2748 Lectioncm
514 2693 594 2747 υαόάο
609 2697 775 2762 corruptam,
791 2691 980 2760 υίμοίκίιπιιο,
997 2690 1171 2745 ammianus.

306 2975 366 3044 XI.
392 2975 617 3060 6871-1363,
643 2977 692 3042 10.
716 2976 835 3042 mensis
857 2975 943 3062 maji,
967 2971 1033 3041 ind.
1057 2972 1083 3040 Ι.

53 3141 254 3199 Ηίενοτιιοκαιίιέ
267 3145 377 3215 quidam
392 3144 543 3213 declarant,
559 3144 691 3215 φαπυάιαα
707 3161 761 3198 esse
777 3144 907 3214 reliquias
919 3148 1023 3211 emptas
1039 3142 1067 3194 ι’νι
1078 3139 1144 3194 καθα
1159 3139 1343 3194 Οοκοίαιιίέιιο-

48 3249 103 3314 poli
113 3269 131 3304 α
141 3249 272 3320 ιιιαφίοίνο
284 3249 365 3302 Petro
378 3247 409 3302 de
422 3242 565 3320 Ρεσίσφαίέ
576 3255 600 3302 τί
612 3247 641 3301 in
652 3247 809 3302 occidentem
823 3247 981 3301 translatas.
1004 3245 1138 3299 Είεαοίιυε
1152 3243 1341 3314 reliquiarum.

149 3453 217 3528 †‘0
241 3454 389 3532 μάγιστρος
411 3451 502 3531 κθριος
519 3451 622 3530 Πέτρος
644 3449 689 3510 ντὲ
707 3451 886 3528 Πεσταγάλη,
910 3449 940 3520 θς
961 3450 1092 3530 πρότερον
1111 3445 1145 3525 ἦν
1162 3445 1252 3527 ἰατρός
1267 3449 1345 3506 πάπα

54 3575 136 3654 κυρίου
158 3580 205 3634 τοῦ
227 3573 388 3635 Ἰνσκεντίου
411 3575 516 3655 σέστου,
540 3573 610 3648 μετὰ
634 3573 665 3632 δέ
687 3579 771 3632 ταῦτα
793 3576 838 3632 τοῦ
862 3572 947 3652 ρηγδς
968 3577 1018 3646 τῆς
1040 3571 1161 3650 Κάπρου,
1185 3573 1231 3628 τοῦ
1254 3568 1345 3647 κυρίου

55 3693 186 3781 Ἰοθγουί)
211 3696 325 3775 ἐκείνου,
348 3695 516 3771 καταλαβὼν
538 3696 652 3756 ἐνταῦθα
672 3693 711 3767 εἰς
726 3695 775 3772 τὴν
790 3695 974 3773 θεοφθλακτον
990 3694 1087 3768 ταύτην
1103 3692 1150 3752 καὶ
1165 3690 1345 3763 θεοδέξαστον

54 3816 96 3875 καὶ
116 3817 335 3896 θεομεγάλυντσν
351 3818 635 3878 Κωνσταντινοθπολιν
657 3817 778 3896 ἠγόρασε
802 3817 861 3876 θεῖα
877 3816 923 3876 καί
940 3819 1004 3896 ἅγια
1020 3817 1139 3893 λείψανά
1155 3835 1232 3874 τινων
1249 3812 1344 3892 ἁγίων,

57 3931 89 3996 ὧν
110 3943 223 4001 ἕκαστον
245 3942 316 4014 τίνος
340 3943 406 4020 ἔχον
423 3939 492 4000 ἐστὶν
509 3939 587 4018 άγίου
603 3939 759 4014 δεδήλωται
774 3941 896 3999 κάτωθεν
913 3939 942 3998 ἐν
957 3937 1028 4016 τῷδε
1043 3937 1082 4015 τῷ
1098 3940 1238 4017 γράμματι
1255 3935 1300 3995 διά
1315 3935 1345 3993 τ“ο

56 4061 276 4146 πληροφορείσθω
298 4066 403 4135 πάντας
425 4063 486 4134 τοθς
509 4063 692 4136 θεασομένους
716 4061 782 4121 αθτά
803 4060 849 4121 καὶ
865 4063 985 4136 μάλιστα
997 4062 1096 4120 τούτων
1112 4060 1173 4128 τοὺς
1188 4059 1346 4134 μέλλοντας

58 4177 177 4255 δέξασθαι
199 4189 282 4244 ταῦτα
305 4184 351 4244 καί
374 4187 513 4263 κατέχειν,
538 4187 576 4256 ιθς
599 4182 663 4243 εἰσιν
686 4182 918 4263 ὁμολογουμένως
941 4181 987 4240 καί
1007 4178 1079 4241 κατὰ
1095 4183 1227 4256 ἀλήθειαν
1244 4180 1344 4256 άγίων·

59 4302 110 4364 όθεν
139 4305 186 4367 καί
215 4305 241 4366 οἱ
273 4306 425 4382 βλέποντες
447 4306 494 4366 καί
517 4303 643 4378 καθέξειν
668 4305 734 4365 αθτθι
758 4306 921 4384 μέλλοντες,
953 4304 1025 4364 καθὰ
1048 4303 1134 4377 δήπου
1156 4301 1276 4380 φιλόθεοι
1299 4299 1345 4360 καὶ

58 4425 214 4508 φιλόχριστσι
244 4427 291 4488 καί
322 4429 366 4488 διά
396 4433 472 4488 τοῦτο
503 4427 550 4493 καί
572 4428 621 4500 τὰς
644 4429 826 4507 ὀφειλομένας
849 4427 929 4502 τιμὰς
952 4424 1090 4485 άποδίδειν
1113 4423 1268 4502 ὀφείλοντες
1290 4425 1346 4492 τοῖς

155 4690 174 4756 ¹)
194 4687 230 4742 ἐπ.
249 4687 390 4755 διαληφθεὶς
409 4685 451 4752 τὴν
470 4684 509 4756 άγ.
529 4689 565 4738 H.
638 4689 659 4754 ²)
678 4687 820 4755 Supplevit
838 4689 871 4738 H.
945 4687 966 4751 ³)
984 4687 1065 4752 Hugo
1084 4683 1131 4734 IV.

1108 4791 1138 4843 18
