3208 5310
225 281 244 344 8

224 475 334 551 κιῶτης,
360 473 506 553 Χρυσάφης
528 473 543 529 ό
566 471 710 543 Τσικαλοῖς
732 469 779 530 καί
801 473 816 529 ό
838 465 1078 546 Κατωπτελεῖτης.
1102 469 1149 530 καὶ
1170 470 1214 529 ίνα
1238 471 1328 548 ἔχοιεν
1351 468 1395 529 ἐπὶ
1417 471 1550 538 τούτοις

225 595 250 655 οί
277 591 394 672 μσναχοί
420 596 451 652 τό
478 592 601 672 ἀσφαλὲς
624 591 671 652 καὶ
693 593 852 674 ἀμέριμνον,
882 593 911 651 τό
937 594 1024 672 παρόν
1053 588 1269 676 [χρυσόβσυλλον
1298 586 1445 676 σιγίκλιον]
1479 589 1549 650 διὰ

224 712 410 796 κινναβάρεως
432 712 569 790 σημανθέν
593 712 639 774 καί
661 711 700 792 τῷ
723 713 921 794 βσυλλωτηρίῳ
943 720 992 790 τῆς
1015 713 1159 786 βασιλείας
1181 734 1233 788 μου
1252 711 1383 772 πιστωθέν
1400 713 1544 786 ἐπεδόθη

226 839 313 910 αὺτοῖς
337 836 413 914 μηνὶ
437 833 628 916 δεκεμβρίῳ
652 835 710 898 ἰνδ.
735 833 773 897 δ’.

510 1041 567 1105 VI.
592 1040 836 1128 (6587-1079)
859 1062 970 1106 mense
993 1043 1080 1106 iunio
1102 1041 1167 1106 ind.
1192 1040 1235 1105 ΙΙ.

375 1209 527 1277 Imperator
541 1207 708 1276 Niceplzorus
724 1207 877 1261 Botaniata
892 1207 1031 1276 confirmat
1042 1209 1193 1279 μτίυίύσφῖα
1206 1209 1371 1262 monasterii.

226 1395 270 1452 Τδ
298 1393 536 1472 ἐπικυρωτικδν
563 1390 816 1472 χρυσόβουλλον
844 1395 899 1450 τοῦ
922 1390 1076 1466 ἀοιδίμου
1100 1391 1269 1465 βασιλέως
1291 1397 1390 1472 κυρού
1413 1391 1538 1468 Νικη-

656 1516 754 1590 φόρου
776 1517 832 1572 τοῦ
854 1509 1089 1574 Βοτανειάτου.

330 1675 345 1746 †
369 1669 402 1730 Εἰ
427 1665 521 1754 [παρὰ]
531 1665 556 1752 ¹)
571 1675 624 1728 τῶν
646 1669 882 1748 προηγησαμένων
898 1668 1030 1743 ἀοιδίμων
1046 1666 1184 1741 βασιλέων
1200 1671 1316 1728 πολλῶν
1331 1668 1377 1729 καὶ
1393 1671 1538 1749 μεγαλο-

225 1798 335 1872 πρεπῶν
358 1791 453 1868 ἔτυχον
477 1791 586 1870 δωρεῶν
609 1788 655 1850 καί
677 1788 797 1870 χαρίτων
819 1789 866 1849 καί
889 1790 1022 1869 διαφόρων
1045 1789 1208 1870 εὐεργεσιῶν
1230 1790 1256 1849 οἱ
1278 1791 1307 1850 ἐν
1322 1796 1356 1872 τῇ
1371 1793 1447 1870 νήσῳ
1464 1793 1536 1872 Χίῳ

226 1915 388 1989 ἀσκούμενοι
418 1909 485 1990 ἀμφὶ
508 1914 537 1970 τύ
561 1911 632 1990 ἱερόν
654 1915 861 1991 φροντιστήριον,
885 1913 899 1970 θ
921 1910 983 1970 Νέα
1006 1911 1086 1986 Μονὴ
1110 1911 1299 1990 ἐπικέκληται,
1329 1913 1372 1972 ἐπ’
1396 1912 1536 1996 εύσεβείᾳ

227 2035 257 2093 δέ
284 2033 331 2094 καί
357 2034 445 2094 πίστει
466 2039 575 2109 τιμάται
597 2033 703 2114 πολλῇ,
731 2034 843 2108 όνόματι
869 2038 918 2109 τής
941 2034 1093 2111 ύπεράγιου
1117 2033 1260 2110 δεσποίνης
1281 2035 1361 2110 ήμῶν
1384 2035 1533 2114 θεοτόκου,

225 2155 273 2215 καὶ
295 2158 386 2236 ὥσπερ
414 2157 560 2227 ἀπότινος
584 2156 680 2235 ἐράνου
706 2161 760 2214 τῶν
783 2154 930 2234 φιλοτίμων
953 2154 1065 2214 ἐκείνων
1088 2158 1182 2234 ψυχῶν
1205 2153 1312 2234 καὶτῷ
1334 2155 1389 2216 όντι
1412 2157 1532 2231 βασιλι-

225 2280 354 2336 κωτάτων
377 2277 425 2348 τάς
447 2279 562 2355 χάριτας
585 2273 752 2355 διεδέξαντο,
775 2275 876 2354 πολλῷ
898 2277 984 2336 πλέον
1008 2275 1054 2336 καὶ
1077 2276 1150 2356 παρά
1170 2281 1215 2338 τού
1230 2278 1345 2358 κράτους
1359 2279 1438 2353 ἡμῶν
1454 2275 1531 2350 ἀξιοι

226 2400 341 2476 γένοιντ’
353 2401 385 2458 ἀν
416 2399 620 2478 δαψιλεστέρων
646 2401 736 2476 τυχεῖν
760 2398 871 2474 ἀγαθῶν
898 2397 944 2458 καί
972 2399 1161 2479 ἀφθονωτέρας
1184 2400 1337 2479 ἐπικουρίας
1359 2403 1528 2477 μετασχεῖν·

227 2521 268 2598 ἐφ’
278 2523 341 2579 όοον
352 2519 416 2598 ,γάρ
439 2521 572 2578 πάντοθεν
593 2520 696 2590 τούτοις
718 2521 886 2598 προσγέγονε
909 2521 939 2580 τό
960 2521 1173 2600 ἀπερικλόνητον
1189 2519 1236 2580 καί
1251 2521 1409 2602 ἀμέριμνον,
1434 2520 1479 2582 ἐπί
1495 2543 1530 2581 τε

227 2647 260 2722 τῇ
283 2641 471 2720 αύτοδεσπότῳ
502 2643 623 2700 συστάσει
646 2647 695 2716 τῆς
716 2642 777 2700 κατ’
794 2641 889 2712 αὐτούς
912 2641 1062 2716 σεβασμίας
1085 2647 1170 2717 μονῆς
1192 2636 1240 2701 καί
1261 2647 1294 2723 τῇ
1318 2639 1455 2720 ἀπολήψει
1479 2647 1529 2703 τοῦ

225 2761 380 2842 σολεμνίου,
406 2767 460 2820 τῶν
483 2763 654 2821 τυπωθεισῶν
682 2763 772 2833 αύτοῖς
799 2761 919 2821 δίδοσθαι
948 2761 995 2822 δύο
1017 2763 1116 2842 λιτρῶν
1144 2764 1216 2822 κατὰ
1238 2766 1267 2824 τό
1290 2765 1396 2840 ἐτήσιον
1420 2764 1453 2824 ἐκ
1475 2770 1529 2840 τῆς

226 2886 311 2964 ψόγας
332 2888 379 2944 τού
400 2889 454 2942 τῶν
476 2885 748 2962 πρωτοσπαθαράτων
770 2887 909 2962 ’τάγματος
931 2883 978 2942 καὶ
1002 2880 1160 2954 ἐξκουοσεία
1174 2885 1278 2944 πλείων
1294 2888 1455 2964 κεχάρισται
1478 2885 1528 2945 καὶ

224 3004 422 3066 πεντεκαίδεκα
438 3005 577 3065 Ἰουδαίων
600 3006 743 3084 φαμελιῶν
765 3003 938 3084 κεφαλητίων
953 3002 1001 3064 καὶ
1020 3000 1140 3090 [mvsa]
1157 3005 1256 3086 βάρους
1273 3003 1377 3091 [καὶψῧ
1394 3008 1528 3078 παντοίας

227 3127 357 3208 ἐπηρείας
373 3127 463 3198 άνεσις
478 3125 524 3186 καὶ
541 3127 617 3186 ἀλλα
629 3127 663 3185 τά
678 3127 813 3208 διαφόρως
827 3130 883 3198 τοῖς
899 3127 981 3198 όσίοις
996 3126 1108 3206 ἀνδράσι
1120 3127 1323 3211 λυσιτελοῦντα,
1339 3130 1390 3206 σύχ
1400 3123 1481 3204 ἦττον
1494 3130 1527 3189 δέ

227 3247 273 3307 καί
295 3253 329 3328 τῇ
352 3247 488 3329 σεβασμίᾳ
508 3249 608 3307 τούτων
624 3254 695 3328 μονῇ
711 3246 755 3307 ἐπὶ
769 3251 893 3307 τοσοῦτον
910 3249 924 3305 ό
939 3249 1039 3327 χρόνος
1053 3248 1103 3321 τάς
1118 3247 1158 3321 είς
1174 3251 1268 3320 αύτούς
1285 3249 1451 3324 ἐναπέσβεσε
1466 3255 1526 3328 χά-

227 3391 302 3447 ριτας
325 3367 372 3427 καί
395 3361 451 3427 οἷον
475 3367 558 3428 εἰπεῖν
582 3367 649 3450 είςί)
675 3371 755 3448 ζόφον
778 3369 862 3441 βαθύν
877 3371 1079 3447 συνεκάλυψεν·
1103 3370 1144 3428 ότι
1158 3370 1212 3450 γὰρ
1228 3372 1244 3444 ή
1261 3372 1355 3446 μνήμη
1372 3373 1471 3432 τούτων
1487 3371 1527 3452 τῷ

156 3567 158 3574 ¹
228 3497 277 3564 τῆς
299 3491 389 3565 λήθης
414 3488 575 3569 ἐναπερρίφη
599 3488 672 3568 βυθῷ
695 3487 742 3548 καί
763 3495 863 3550 πτῶσιν
885 3492 972 3549 πάντα
988 3487 1087 3569 είλήφη
1103 3489 1151 3548 καί
1166 3491 1293 3570 σύγχυσιν
1308 3491 1355 3551 καὶ
1371 3493 1526 3568 ούδητισούν

227 3613 245 3688 ἡ
269 3612 399 3690 ὠφέλεια,
426 3611 548 3670 ἐντεῦθεν
572 3610 662 3670 όδύναι
685 3609 731 3670 καὶ
755 3606 893 3694 [λύπαιψῆ
918 3614 1042 3689 συνεῖχον
1064 3610 1110 3670 καὶ
1131 3611 1279 3690 στεναγμοὶ
1294 3613 1355 3685 τούς
1371 3615 1440 3674 ούτω
1454 3615 1528 3674 κατὰ

227 3734 288 3792 θεδν
312 3735 415 3804 ζῶντας
438 3728 558 3806 ἀσκητάς
581 3733 669 3803 όσίους
691 3731 737 3792 καὶ
759 3731 900 3792 πολιτείαν
923 3733 1093 3806 διαβιοῦντας
1115 3735 1270 3815 θεάρεστον,
1294 3736 1334 3794 ότι
1352 3756 1382 3794 τε
1393 3739 1525 3797 πάντοθεν

227 3854 260 3913 τά
290 3853 397 3913 ἐναντία
426 3853 568 3934 προσέρρει
600 3855 688 3926 αὺτοῖς
715 3851 762 3914 καί
788 3855 806 3928 ἡ
829 3853 899 3913 κατὰ
923 3855 984 3912 θεόν
1007 3854 1108 3930 σπουδὴ
1131 3859 1191 3928 ταῖς
1214 3855 1353 3930 βιωτικαῖς
1375 3858 1525 3938 τρικυμίαις

226 3978 460 4054 προσανεκόπτετο
482 3973 530 4034 καὶ
553 3971 644 4047 ἀνεσις
666 3977 684 4050 ἢ
707 3977 798 4045 στάσις
820 3981 873 4034 τῶν
888 3978 1037 4035 κακῶσεων
1053 3977 1102 4036 ούκ
1118 3974 1192 4058 ἐξῆν,
1216 3978 1283 4036 ἀλλ’
1300 3977 1442 4051 ἀπιδόντες
1457 3982 1525 4060 πρός

227 4097 275 4170 τήν
297 4100 343 4155 τού
365 4097 481 4176 κράτους
502 4098 581 4170 ἡμῶν
605 4097 747 4169 εὐμένειαν
766 4099 878 4174 ταχείαν
896 4095 1065 4176 ἀπαλλαγὴν
1081 4096 1229 4178 εύρίσκουσι
1244 4103 1290 4159 τού
1305 4099 1482 4179 ἀλγήματος·
1507 4105 1525 4162 ἀ

228 4219 281 4296 γάρ
299 4215 474 4297 ἐξαμαράνθη
490 4219 594 4290 τούτοις
612 4214 651 4296 τῷ
665 4220 756 4298 χρόνῳ
771 4217 818 4277 καί
830 4211 886 4278 οἷον
898 4219 1053 4296 ἀπεσβέσθη
1065 4221 1231 4301 χαρίσματα,
1247 4223 1383 4304 ᾐτήσαντο
1396 4217 1491 4307 [παρὰ]
1501 4221 1524 4304 ⁵)

227 4343 273 4399 τού
300 4341 415 4419 κράτους
442 4340 520 4414 ἡμῶν
548 4341 715 4416 καινιοθῆναι
742 4343 826 4401 ταῦτα
853 4340 943 4412 αὐτοῖς
969 4340 1017 4399 καὶ
1043 4344 1135 4421 ῶσπερ
1159 4342 1211 4402 ἀπό
1237 4363 1309 4414 τινος
1332 4342 1455 4417 βλάστης
1477 4349 1524 4420 τῆς

334 4503 353 4566 ¹)
376 4503 474 4568 Apogr.
497 4499 521 4550 οί
539 4503 596 4552 τῶν.
667 4503 688 4570 ²)
712 4504 854 4570 Supplevit
871 4503 935 4553 θεία.
1007 4505 1027 4571 ³)
1047 4505 1188 4571 Supplevit
1210 4506 1272 4556 θείς.
1344 4507 1365 4573 ⁴)
1384 4505 1523 4573 Supplevit

228 4599 289 4648 Sak.
362 4599 381 4659 ί)
401 4598 542 4664 Supplevit
560 4599 622 4648 Sak.
