3194 5298
252 354 313 418 156

250 550 346 624 ἑαυτὴν
355 550 378 626 ¹)
402 548 519 608 ἐκαίνιοε
541 550 659 626 πάντως,
683 548 771 628 ἀρχὴν
795 547 863 606 ούτω
887 547 1008 620 λαβόντα
1031 546 1184 622 καλλίστην
1206 549 1279 626 πρός
1294 548 1340 606 τόν
1365 543 1435 622 ἑξῆς
1462 548 1559 605 ἔπειτα

249 675 348 752 χρόνον
372 669 502 752 ἐνεργῆῖ)
526 669 692 729 δείκνυσθαι·
722 669 791 729 ούτω
813 669 885 728 πολύ
907 671 1040 729 πάντοθεν
1065 670 1124 747 ἔχει
1146 671 1177 728 τό
1200 669 1292 728 πεῖθον
1316 669 1382 744 αίπη
1406 667 1461 727 καὶ
1488 689 1558 726 κατ-

250 796 403 874 αναγκάζον
427 791 558 870 εύλογον·
581 794 611 851 τό
633 792 687 870 γάρ
711 792 744 866 δὴ
768 791 839 850 κατὰ
860 791 908 866 τήν
930 791 1139 865 Πελοπόννησον
1159 787 1327 870 περιώνυμον
1350 791 1414 850 ἀστυ
1433 791 1559 864 Μονεμ-

250 917 347 992 βασίας
374 909 431 976 ἐστί
458 915 508 990 μὲν
536 917 574 986 ὡς
602 914 716 990 ἀληθῶς
741 919 794 972 τῶν
822 916 883 974 κατ’
896 915 978 989 αύτὴν
1007 914 1040 988 δὴ
1068 911 1210 997 πάντωνῖ)
1239 913 1337 993 μακρῷ
1358 914 1490 994 προέχον
1514 911 1561 971 καὶ

249 1039 282 1098 τά
304 1044 399 1120 πρῶτα
422 1038 456 1113 δὴ
480 1044 571 1116 σαφῶς
595 1039 719 1096 ἀπάντων
742 1039 899 1116 φερόμενον,
924 1040 962 1110 ὡς
985 1037 1092 1112 μηδένα
1115 1035 1211 1112 μηδενὶ
1234 1043 1286 1095 τῶν
1302 1037 1387 1116 ταύτῃ
1401 1057 1439 1116 γε
1458 1034 1560 1095 ἀλλων

249 1158 327 1244 ἀλλῃ
353 1163 461 1220 πάντων
487 1163 574 1234 πάντη
602 1158 760 1218 καλλίστων
789 1157 929 1233 ἐπιδήλως
957 1159 1110 1238 ἐναρίθμιον
1137 1157 1184 1218 καί
1208 1157 1246 1235 μὴ
1269 1156 1384 1217 πολλῶν
1407 1157 1560 1216 λείπεσθαι

251 1280 454 1364 ξυγχωροῦνί)Ι
486 1283 548 1340 νέον
572 1281 622 1356 μὲν
648 1280 773 1351 ἐπιεικῶς
796 1280 883 1354 όνομα
904 1278 952 1339 καὶ
973 1281 1059 1350 κλέος
1080 1279 1127 1338 καὶ
1150 1281 1181 1340 ού
1202 1280 1340 1359 πόρρωθεν
1363 1286 1417 1338 τῶν
1444 1279 1560 1339 ὄπισθεν

251 1407 358 1486 χρόνων
380 1399 458 1482 ἧκεν,
483 1402 579 1483 μυρίας
602 1402 633 1461 δὲ
656 1403 731 1478 ὅμως
754 1399 801 1460 καί
823 1404 982 1477 ποιμμήκεις
1004 1401 1054 1472 τὰς
1077 1398 1241 1482 είκρημίαςῧ)
1258 1400 1304 1460 καί
1319 1405 1467 1479 πανταχοῦ
1483 1422 1560 1474 πομ-

252 1531 344 1608 πεῦον,
368 1528 406 1598 ῶς
429 1525 456 1586 εἴ
469 1547 492 1585 τι
500 1523 525 1607 ¹)
548 1523 594 1584 καί
618 1524 692 1584 ἀλλο
714 1531 767 1583 τῶν
792 1523 926 1601 ἐπιφανῶν
949 1521 996 1582 καί
1017 1521 1167 1603 περιδόξων
1191 1523 1308 1598 ἀκούειν,
1333 1523 1383 1582 ούκ
1407 1521 1454 1582 ἐπὶ
1472 1525 1561 1598 μόνης

251 1657 301 1728 τής
324 1649 471 1725 βασιλικῆς
493 1645 644 1727 ἡγεμονίας
666 1652 715 1721 τῆς
735 1647 883 1725 ἡμετέρας,
908 1645 986 1704 ἀλλά
1007 1643 1053 1704 καί
1076 1645 1178 1722 σχεδόν
1201 1651 1251 1720 τῆς
1266 1645 1417 1725 ἀλλοτρίας
1435 1646 1559 1720 ἀπάσης.

252 1770 299 1833 καὶ
322 1772 375 1852 γάρ
399 1771 432 1846 δὴ
455 1773 490 1830 τά
512 1789 542 1829 τε
565 1768 643 1829 ἀλλα
664 1770 762 1842 κοσμεῖ
783 1767 813 1827 τό
838 1768 910 1838 ἀστυ,
935 1765 980 1826 καὶ
1001 1768 1104 1839 θέσεως
1119 1765 1242 1846 εθκαιρία
1255 1765 1302 1826 καὶ
1317 1769 1385 1847 πρός
1399 1767 1560 1847 ἀσφάλειαν

253 1895 400 1975 ἐρυμνότης
427 1890 474 1952 καί
499 1891 607 1966 πλῆθος
630 1890 751 1966 μάλιστα
773 1887 921 1969 οἰκητόρων
944 1886 991 1947 καί
1013 1888 1170 1963 πολυολβία
1192 1887 1239 1948 καί
1261 1889 1403 1962 πολιτείας
1426 1891 1560 1967 εὐγένεια

252 2015 299 2076 καὶ
322 2021 427 2092 τεχνῶν
451 2010 580 2088 ἀσκήσεις
602 2011 648 2072 καὶ
672 2013 775 2090 ἀγοραῖς
798 2009 929 2088 δαψίλεια
950 2013 1057 2070 πάντων
1079 2015 1163 2090 παῖσα,
1187 2012 1410 2091 εθεμπορῶτοαόν
1430 2032 1464 2070 τε
1484 2010 1509 2070 εἰ
1527 2011 1558 2084 δή

252 2160 279 2199 τι
305 2135 352 2197 καὶ
381 2137 454 2197 ἀλλο
482 2137 602 2211 μάλιστα
628 2135 696 2214 πρός
723 2134 828 2193 ἅπαντα
854 2134 940 2192 πλοῦν
962 2131 1008 2191 καὶ
1031 2133 1171 2208 θαλάσσης
1195 2133 1299 2192 ἅπαντα
1322 2134 1392 2213 μέρη
1416 2133 1528 2204 θέσεως
1537 2135 1559 2212 ⁷)

253 2259 282 2320 εύ
306 2261 386 2337 ἐχον·
420 2257 468 2318 καὶ
489 2257 575 2318 τοίνυν
597 2257 668 2317 πολύ
692 2257 721 2315 τό
736 2261 789 2315 τῶν
806 2253 948 2315 οἰκούντων
966 2255 1081 2315 ἐνταῦθα
1096 2255 1260 2315 ἱκανόπλοον
1275 2254 1322 2314 καὶ
1338 2257 1558 2336 θαλαττουργόν,

254 2380 447 2462 ’ρωμαλαιότης
472 2401 503 2440 τε
525 2377 571 2440 καὶ
594 2381 718 2458 φρόνημα
742 2377 882 2456 δραστικόν
905 2397 935 2436 τε
957 2375 1004 2436 καὶ
1026 2377 1180 2456 ἐμπροίκιον
1200 2375 1246 2436 καὶ
1271 2375 1313 2460 (τό
1333 2378 1489 2438 κάλλιστον
1505 2386 1558 2436 τῶν

254 2501 365 2584 ἀλλων)
389 2503 510 2578 μάλιστα
531 2504 549 2578 ίγ
571 2502 638 2581 πρός
661 2500 709 2575 τήν
732 2499 875 2574 βασιλείαν
899 2521 950 2575 μου
974 2500 1086 2579 ἐνεργός
1108 2521 1137 2558 τε
1159 2497 1207 2558 καὶ
1230 2499 1362 2579 ἀτρεπτος
1384 2503 1557 2560 παντάπασιν

253 2768 283 2807 τε
306 2744 352 2806 καὶ
374 2747 553 2825 πραγμάτων,
578 2742 607 2804 εύ
629 2765 659 2804 τε
682 2741 728 2803 καὶ
751 2744 850 2814 ἀλλως
873 2743 1002 2822 ἐχόντων,
1027 2743 1056 2802 ἐν
1078 2742 1196 2815 πολλοῖς
1218 2743 1271 2819 ήδη
1287 2749 1341 2803 τῶν
1356 2745 1555 2823 προλαβόντων

252 2873 359 2950 χρόνων
382 2870 430 2944 τήν
453 2870 549 2948 πεῖραν
573 2867 656 2927 δοῦσα
678 2865 725 2926 καὶ
747 2868 777 2925 τό
799 2869 890 2926 πιστόν
913 2863 1042 2937 καθάπαξ
1065 2866 1186 2926 ἀσειστον
1210 2866 1373 2944 ἐγγυωμένη
1384 2863 1419 2950 ¹),
1450 2866 1500 2926 καὶ
1522 2866 1555 2925 τί

254 2991 305 3068 μὲν
325 2996 372 3052 τοῦ
389 2992 496 3090 ἄστεος,
519 2991 558 3062 ῶς
578 2989 607 3049 ἐν
623 2989 737 3068 ὀλίγοις,
762 2990 840 3069 ούτω,
865 2989 988 3067 φεύγοντι
1009 2985 1048 3066 τῷ
1064 2989 1143 3068 λόγῳ
1159 2989 1188 3048 τό
1205 2994 1303 3064 μῆκος.
1328 2985 1553 3068 ξυλλαγχάνειθ)

255 3115 280 3175 δ’
295 3116 332 3174 ἐτι
361 3111 407 3174 καῖ
434 3115 511 3173 τοῦτο
539 3117 583 3172 νῦν
606 3107 676 3172 εῖναι
703 3114 851 3187 θαυμάσιον
875 3106 940 3189 οἷον,
971 3113 1009 3170 ότι
1035 3117 1085 3186 τῆς
1107 3112 1168 3170 κατ’
1182 3111 1245 3170 αύτό
1267 3113 1376 3183 πάντως
1400 3113 1553 3191 ἁγιωτάτης

257 3237 407 3313 ἐκκλησίας
416 3235 453 3317 ¹⁰)
476 3235 624 3311 ποιμὴνῑί)
648 3235 746 3315 ἀρτίως
767 3235 845 3294 πάντ’
859 3235 975 3314 ἀριστος,
999 3234 1085 3305 πολύς
1108 3237 1164 3306 τοῖς
1187 3235 1257 3294 κατὰ
1280 3235 1341 3294 θεόν
1358 3235 1391 3294 ἐκ
1406 3237 1470 3294 νέου
1485 3237 1552 3294 πάνυ

252 3381 292 3420 τοι
317 3358 364 3420 καί
387 3357 426 3430 εἰς
449 3364 537 3440 γήρας
560 3358 614 3434 ήδη
639 3356 753 3440 βαθύίθ)
775 3360 862 3435 τοῦτο,
886 3361 930 3415 νῦν
953 3357 1007 3432 ήδη
1031 3359 1165 3432 καμάτοις
1182 3356 1386 3437 ἐγκαρτερήσας
1401 3357 1450 3418 καὶ
1465 3377 1550 3416 κατα-

255 3483 464 3557 κεκοσμημένος
481 3479 520 3552 είς
536 3477 619 3560 ἀκρον
634 3487 684 3554 τῆς
700 3483 833 3559 μονήρους
844 3480 879 3555 ¹¹)
896 3481 978 3553 αύτής
994 3479 1096 3558 βιοτῆς,
1121 3479 1260 3558 ἀτρέπτως
1276 3477 1315 3551 εἰς
1325 3477 1361 3560 ¹⁴)
1377 3485 1490 3540 τοσοῦτο
1506 3485 1552 3553 τῆς

256 3601 287 3676 ἐξ
309 3605 398 3684 ἀρχῆς
422 3604 572 3674 ἐκστάσεως
594 3601 640 3661 καί
662 3599 829 3662 παντάπασιν
853 3601 1012 3679 ἀνενδότως,
1035 3599 1082 3660 καί
1105 3605 1195 3680 ῶσπερ
1219 3601 1245 3660 εί
1261 3623 1302 3672 τις
1317 3604 1378 3672 νέος
1394 3602 1550 3682 θερμῶςίῦ)

255 3727 374 3801 ἅπτοιτο,
401 3723 447 3784 καί
475 3725 513 3800 μὴ
540 3724 614 3804 παρά
640 3728 749 3784 τοσοῦτο
771 3725 913 3804 προκόψας
934 3745 957 3782 τι
985 3723 1032 3783 καί
1053 3724 1212 3803 προηνυκύνς
1235 3721 1282 3782 καὶ
1305 3724 1355 3799 μὲν
1368 3725 1402 3800 ¹¹¹)
1426 3725 1550 3785 πλεῖστον

254 3851 316 3908 όαον
347 3847 397 3906 ύπό
427 3853 477 3922 τῆς
507 3847 575 3907 ούτω
604 3847 712 3926 χρονίου
742 3845 788 3906 καὶ
818 3847 966 3917 πολυετοῦς
995 3845 1041 3906 καί
1071 3841 1158 3920 βιαίου
1186 3845 1287 3924 σφόδρα
1314 3845 1385 3904 κατά
1413 3849 1460 3906 τὀν
1483 3850 1549 3907 θεῖον

360 4145 379 4210 ¹)
394 4141 476 4206 ἑαυτῆς
490 4144 517 4192 Z.
589 4144 609 4207 ²)
624 4141 659 4207 ἐφ’
672 4142 756 4206 ἑαυτῆς
776 4142 894 4208 κεκίνηκεν
915 4140 968 4206 ἀνῖγ
984 4161 1008 4210 μ.
1024 4141 1130 4210 ἐναργῶς
1143 4140 1175 4191 δι’
1187 4139 1271 4206 ἑαυτῆς
1285 4143 1315 4192 Β.
1387 4142 1409 4208 ³)
1423 4141 1511 4206 ταύτην
1523 4143 1547 4191 Β.

253 4243 275 4306 ⁴)
295 4241 343 4291 τῶν
363 4238 435 4308 ταύτῃ
455 4256 483 4307 γε
501 4233 585 4287 ἀλλων
605 4237 727 4288 λείπεσθαι
746 4235 764 4296 ξ.
785 4240 813 4290 Ζ.
826 4239 931 4304 reliqua
949 4240 1046 4288 omisit.
1119 4239 1144 4302 ¹¹)
1159 4236 1270 4305 δεόμενον
1289 4236 1329 4286 καῖ
1347 4238 1494 4306 παμμήκους
1514 4241 1548 4298 τῆς

254 4335 305 4402 εύρ.
329 4337 369 4386 Fl.
389 4338 420 4386 Β.
491 4335 512 4401 ¹)
533 4331 568 4399 εῖη
592 4337 622 4385 B.
696 4336 715 4400 ¹)
735 4333 789 4392 θέας
813 4337 842 4385 B.
913 4335 934 4400 ¹3)
954 4331 1058 4401 καθάπερ
1082 4329 1169 4384 ἄλλοτε
1189 4332 1329 4402 ἐγνωσμένα]
1348 4337 1375 4384 Ζ.
1395 4335 1426 4384 R.
1447 4329 1547 4388 καθάπαξ

253 4429 360 4500 ἀσφαλές
380 4429 529 4500 ἐγγυουμένη
542 4431 572 4480 Β.
644 4431 665 4496 ¹¹)
684 4427 882 4498 ξυλλαγχσίνοντα
900 4432 970 4479 τοῦτο
983 4431 1013 4480 Β.
1086 4429 1116 4494 ¹⁰)
1136 4432 1164 4498 τῇ
1179 4469 1184 4478 .
1199 4469 1225 4480 ..
1245 4425 1366 4497 ἁγιωτάτῃ
1381 4425 1500 4496 ἐκκλησίᾳ
1513 4428 1547 4479 ΡΙ.

255 4529 286 4594 ¹¹)
305 4529 380 4579 deest
392 4529 419 4578 Z.
433 4527 464 4578 R.
538 4528 568 4591 ¹¹)
588 4525 610 4585 ἐς
628 4531 704 4595 γῆρας
721 4527 814 4590 ἠδ...
834 4529 862 4576 Z.
875 4527 906 4578 R.
924 4523 969 4589 ἤδη
983 4527 1012 4576 B.
1087 4526 1117 4592 ¹¹)
1138 4523 1256 4592 μακαρίας
1276 4527 1304 4576 Z.
1324 4526 1354 4575 R.
1374 4527 1405 4576 B.
1481 4527 1512 4591 ¹⁴)
1529 4522 1547 4579 ἐς

253 4625 279 4674 Ζ.
353 4623 383 4690 ¹¹)
406 4617 460 4686 νηός
488 4621 553 4690 ίεράς
580 4623 655 4673 addit
677 4623 707 4672 B.
781 4622 810 4686 ¹¹¹)
835 4621 874 4670 καί
899 4619 931 4689 μή
960 4620 1024 4688 παρὰ
1049 4621 1087 4670 καὶ
1112 4619 1158 4689 μὴν
1182 4619 1296 4672 πλεῖστον
1319 4623 1349 4672 R.
1375 4623 1403 4673 Z.
1429 4621 1471 4671 καῖ

257 4717 390 4788 παράδοξον
408 4721 439 4771 B.
