3222 5284
1333 346 1397 410 323

90 537 144 600 καὶ
166 544 221 618 νῦν,
250 539 378 618 δέσποτα,
409 542 572 600 σκεπασάτω
600 561 636 615 με
658 541 676 614 ή
699 539 761 619 χείρ
785 561 842 620 σου,
870 538 917 598 καὶ
941 539 1018 600 ἔλθοι
1042 538 1084 598 ἐπ’
1098 539 1149 616 ἐμὲ
1171 541 1201 598 τό
1230 538 1311 612 ἔλεός
1333 561 1393 602 σου·

91 661 146 732 δὀς
168 659 252 734 δόξαν
274 659 313 741 τῷ
336 661 449 736 ὀνόματί
471 683 518 722 σου
540 661 579 740 τῷ
602 661 673 741 άγίῳ
694 659 742 721 καὶ
763 667 797 742 τῇ
819 667 854 742 σῇ
878 661 989 736 δυνάμει
1013 660 1138 739 άνάγαγέ
1161 680 1196 735 με
1219 658 1259 732 εἰς
1280 662 1310 720 τό
1326 662 1398 720 θεῖόν

91 805 145 844 σου
168 784 256 862 βῆμα,
282 783 310 842 ἐν
333 781 372 862 τῷ
393 783 532 863 κρίνεσθαί
554 803 589 858 με
614 784 652 859 μὴ
675 783 831 857 καταλάβοι
854 803 890 857 με
911 784 929 856 ή
951 780 1014 861 χείρ
1037 785 1082 842 τοῦ
1106 781 1237 863 ἄρχοντος
1260 787 1305 842 τοῦ
1326 786 1396 844 σκό-

91 925 158 976 τους
180 905 274 965 τοῦτου
297 903 337 973 εἰς
359 907 390 964 τό
412 903 586 964 καταστᾶσαί
610 925 645 980 με
667 905 714 962 τόν
737 905 903 984 άμαρτωλύν
926 902 966 976 εἰς
989 904 1069 978 βυθόν
1086 900 1187 986 Ἃιδου,
1211 903 1288 964 ἀλλὰ
1303 907 1396 986 παρά-

92 1026 174 1099 οτηθί
196 1048 243 1103 μοι
266 1026 313 1086 καὶ
341 1031 421 1105 γενοῦ
445 1047 491 1101 μοι
519 1027 609 1106 σωτὴρ
631 1025 679 1085 καί
703 1025 889 1105 ἀντιλήπτωρ·
922 1025 1038 1100 ἐλέησον
1061 1026 1134 1106 κύριε
1157 1027 1205 1100 τήν
1230 1026 1397 1106 ῥυπωθεῖσαν

90 1149 153 1218 τοῖς
175 1149 273 1208 πάθεσι
295 1125 341 1208 τοῦ
365 1147 423 1222 βίου
446 1149 539 1208 τοῦτον
562 1149 652 1226 ψυχήν
676 1169 738 1228 μου,
760 1145 808 1208 καί
830 1146 953 1228 καθαρόν
975 1147 1058 1224 αὐτὴν
1081 1146 1127 1206 διὰ
1146 1146 1292 1222 μετανοίας
1307 1151 1397 1228 πρόσ-

93 1266 186 1346 δεξαι,
217 1271 258 1328 ότι
286 1269 437 1348 εὐλογητύς
461 1265 487 1328 εἰ
510 1267 548 1342 εἰς
574 1270 636 1341 τούς
663 1267 772 1340 αἰῶνας.
819 1271 902 1329 ταῦτά
924 1289 965 1329 σοι
992 1268 1066 1348 παρά
1094 1267 1193 1328 δούλσυ
1216 1269 1328 1348 ἀχρείου
1350 1268 1397 1330 καί

92 1394 224 1451 ταπεινοῦ
247 1389 294 1450 καί
313 1385 377 1450 λίαν
393 1391 569 1470 άμαρτωλοῦ,
593 1390 785 1469 πανσικτίρμον
800 1391 885 1472 κῦριε,
908 1390 1147 1470 φιλανθρωπότατε
1163 1388 1287 1470 βασιλεῦ,
1309 1411 1396 1471 προσ-

92 1511 201 1572 πίπτων
232 1510 278 1572 οὐν
309 1512 380 1588 μετὰ
408 1515 635 1594 συντετριμμένης
666 1511 781 1592 καρδίας
811 1511 923 1572 ἱκετεύω
945 1509 992 1572 καί
1022 1509 1131 1591 δέσμαι,
1163 1512 1202 1586 μὴ
1226 1512 1322 1595 ἀπῶση
1348 1515 1397 1588 τὴν

94 1633 229 1710 δουλικήν
252 1655 299 1694 σου
325 1634 423 1708 ταῦτην
450 1635 541 1694 θυσίαν
564 1633 612 1694 καὶ
639 1631 753 1706 ἀναξίαν
774 1635 970 1714 προσαγωγήν,
1001 1633 1079 1692 ἀλλὰ
1105 1634 1176 1694 κατά
1198 1635 1228 1694 τύ
1251 1636 1297 1694 σδν
1321 1635 1395 1695 ἀνεί-

93 1775 197 1816 καστον
227 1753 275 1815 καί
306 1751 488 1836 οἰνέκφροιστον
519 1755 602 1828 ἔλεος
631 1752 779 1834 πρόσδεξαι
806 1756 904 1831 ταύτην
928 1755 956 1813 ἐν
988 1753 1090 1838 εἰρήνῃ,
1122 1753 1169 1814 καί
1200 1755 1397 1836 φιλανθρώπως

96 1876 174 1936 ἔπιδε
198 1875 243 1936 ἐπὶ
265 1878 295 1936 τδ
318 1879 412 1957 μικρόν
435 1881 512 1938 τοῦτο
535 1876 670 1956 ποίμνιον,
703 1878 743 1936 ότι
765 1877 936 1956 κληρονομία
958 1897 1006 1936 σου
1028 1877 1163 1952 κέκληται
1185 1875 1232 1936 καὶ
1256 1877 1320 1958 ἐστί,
1351 1877 1398 1938 καί

95 1995 220 2076 φύλαξον
242 1999 341 2073 ταύτην
365 2000 393 2057 ἑν
418 1997 512 2080 εἰρήνῃ
535 1997 582 2058 καί
605 1998 728 2080 ὁμονοίᾳ,
752 2004 888 2078 συντηρῶν
911 1997 945 2057 τά
968 1997 1168 2075 διατεταγμένα
1189 1999 1257 2076 πρός
1279 1998 1329 2072 σήν
1351 2003 1397 2058 τοῦ

96 2120 226 2198 μεγάλου
248 2120 311 2180 θεοῦ
333 2118 380 2178 καὶ
402 2125 524 2200 σωτῆρος
546 2121 635 2198 ἡμῶν,
657 2125 707 2195 της
723 2119 827 2192 ένιαίας
841 2117 888 2180 καί
902 2119 1073 2198 τριλοιμποῦς
1087 2117 1134 2178 καί
1150 2119 1299 2199 ὐπερτάτης
1315 2120 1397 2196 βασι·
1413 2137 1416 2142 ·

95 2239 180 2312 λείας
203 2241 331 2312 ἐπιεικῶς
354 2241 540 2321 εὐαρέστησιν·
572 2241 606 2300 τὰ
629 2240 663 2300 σὰ
685 2240 739 2320 γάρ
763 2241 870 2300 ἐκτῶν
894 2246 948 2300 σῶν
970 2261 1011 2300 σοι
1033 2242 1201 2322 προσφέρων,
1232 2243 1397 2320 συγγνώμην

73 2360 166 2422 ,αἰτῶ
189 2366 235 2421 τοῦ
256 2361 446 2440 τολμήματος,
471 2359 551 2434 εἰδὼς
574 2363 613 2422 ότι
636 2362 667 2420 οὐ
690 2362 899 2436 δικαιωθήσεται
922 2362 1035 2422 ένῶπιόν
1058 2383 1105 2422 σου
1127 2367 1203 2421 πάσα
1218 2359 1295 2443 σάρξ,
1319 2359 1398 2439 εἰμὴ

96 2487 126 2542 τδ
151 2485 199 2543 οὐν
222 2489 272 2560 τῆς
294 2483 496 2564 φιλανθρωπίας
519 2483 666 2562 προφθάσει
689 2483 883 2557 ἀκατάληπτον
906 2481 953 2543 καί
970 2481 1117 2562 ἀδιήγητον
1134 2483 1226 2562 ἔλεος,
1250 2482 1285 2543 δι’
1298 2478 1330 2543 οὐ
1352 2483 1399 2543 καί

97 2605 130 2663 τά
154 2605 397 2685 προσενηνεγμένα
419 2603 494 2664 ταυτὶ
518 2604 616 2680 εὐτελῆ
638 2603 910 2680 πολυπλασιαοθήναι
932 2605 1048 2664 πιστεῦω
1071 2602 1118 2664 καὶ
1141 2603 1268 2684 εὔχομαι,
1291 2603 1338 2666 καὶ
1360 2603 1400 2678 εἰς

98 2725 219 2786 ἐπίδοσιν
243 2723 391 2800 αὐξηθῆναι
414 2724 460 2784 καί
482 2722 583 2804 πολλῷ
603 2725 711 2786 πλείοσι
726 2731 779 2784 τῶν
795 2726 934 2800 δεομένων
951 2725 1194 2803 ἑπιδαψιλευθήνσιι
1209 2726 1243 2786 τὰ
1258 2725 1399 2806 κρείττονα

97 2844 144 2905 διὰ
167 2852 220 2906 τῶν
252 2845 372 2920 εὐσεβῶν
402 2847 553 2907 διαδόσεων
585 2845 625 2918 εἰς
647 2847 695 2922 τήν
718 2851 764 2906 τοῦ
787 2849 835 2907 οοῦ
864 2849 982 2928 κράτους
1013 2847 1125 2922 διηνεκῆ
1158 2843 1329 2928 εὐχαριστίαν
1351 2847 1398 2908 καί

97 2965 290 3044 δοξολόγησιν.
336 2966 386 3026 εἰσί
415 2967 446 3028 δὲ
473 2968 507 3026 τὰ
537 2967 713 3048 βρεβωθέυτα
738 2967 778 3046 τῷ
804 2989 834 3027 τε
865 2965 986 3044 δουλικῷ
1014 2988 1060 3027 σου
1092 2969 1263 3048 μοναστηρίῳ
1290 2969 1336 3030 καί
1359 2969 1398 3049 τῷ

95 3089 308 3168 πτωχοτροφείῳ
330 3089 414 3168 ταυτί,
440 3083 481 3161 οἰς
504 3091 738 3167 ουνταχθήσσνται
760 3087 807 3148 καὶ
829 3089 863 3148 τά
886 3091 1031 3166 μετέπειτα
1052 3087 1331 3168 προσεπαυξανόμενα
1354 3090 1399 3152 διά

96 3216 148 3284 της
169 3215 221 3286 σῆς
244 3211 373 3288 μεγάλης
396 3209 526 3286 βοηθείας
549 3209 595 3270 καί
619 3211 791 3290 ἐπινεῦσεως,
816 3209 870 3270 εἴτε
894 3210 928 3268 δι’
942 3207 1008 3286 έμοῦ
1025 3205 1108 3288 αὖθις,
1133 3210 1188 3270 εἴτε
1205 3211 1250 3272 διὰ
1264 3213 1399 3291 φιλοθέων
1439 3238 1445 3252 ·

97 3329 144 3388 καὶ
168 3330 287 3404 εὐσεβῶν
311 3333 410 3410 ἑτέρων
434 3332 550 3411 ἀνδρῶν,
574 3327 611 3392 ῶν
634 3330 740 3390 καὶτὰ
762 3332 883 3405 ὀνόματα
902 3330 1038 3409 ὀφείλουσι
1056 3331 1203 3406 δηλοῦσθαι
1219 3333 1249 3391 ἐν
1264 3339 1296 3415 τῇ
1312 3354 1398 3414 προσ-

97 3458 188 3534 γραφῄ
211 3455 258 3512 τοῦ
280 3453 484 3533 καθιερωμένον
507 3455 668 3533 πράγματος
691 3456 800 3528 κινητοῦ
820 3455 838 3527 ή
855 3453 991 3533 άκινήτου,
1014 3454 1053 3523 ὡς
1069 3455 1101 3512 άν
1118 3454 1338 3530 μνημονεῦωντοιι
1354 3454 1400 3514 διὰ

97 3575 200 3645 παντὸς
223 3575 251 3634 ἐν
275 3575 335 3646 ταῖς
356 3575 500 3654 ήμεριναῑς
523 3573 571 3634 καί
592 3577 760 3656 νυκτεριναῑς
782 3571 960 3652 δοξολογίαις
981 3579 1027 3634 τοῦ
1050 3576 1122 3635 θείου
1146 3579 1219 3636 ναοῦ.

475 3781 511 3842 α’.
534 3783 595 3842 Διὰ
616 3788 678 3842 τῶν
701 3782 798 3863 ἱερῶν
821 3783 1019 3860 κειμηλίων.

203 3935 295 3996 Εἰκιύν
311 3939 424 4016 μεγάλη
441 3938 611 4020 ὐλογραφική
628 3938 758 4019 οτασίδια,
776 3940 881 4014 Ἰησοῦς
893 3940 1034 4019 Χριστδςό
1052 3939 1266 4020 Πανσικτίρμων.
1291 3939 1398 4020 σταυροὶ

101 4057 211 4138 οἰργυροί
223 4056 364 4140 διάχρυσοι
376 4058 544 4138 βαϊοφορικοί
556 4063 695 4140 τέσσαρες.
721 4058 802 4120 εἰκὼν
814 4061 929 4140 άργυρά,
941 4060 1140 4140 προσευχάδιον
1152 4060 1295 4138 διάχρυσον
1308 4061 1322 4119 ό
1335 4061 1398 4120 Σω-

101 4182 160 4260 τήρ,
182 4179 288 4256 λαιμὴν
309 4179 424 4259 δίθυρον,
450 4181 561 4258 ἔχουσαι
577 4180 606 4240 αί
620 4181 696 4261 θύραι
718 4181 818 4240 ἔσωθεν
835 4181 885 4256 μὲν
900 4181 949 4256 τὴν
969 4181 1117 4262 ὐπεραγίαν
1134 4179 1272 4242 Θεοτόκον
1292 4179 1339 4240 καί
1354 4181 1398 4242 τύν

103 4301 186 4376 τίμιον
204 4299 375 4382 Πρόδρομον,
397 4301 460 4372 τούς
476 4300 569 4380 άγίους
585 4301 752 4373 ἀποστόλους
768 4302 872 4382 Πέτρον
887 4299 935 4362 καί
951 4302 1072 4381 Παῦλον,
1093 4304 1139 4361 τόν
1155 4304 1232 4380 ἅγιον
1248 4303 1398 4382 Ἀρτέμιον,

102 4419 148 4480 καὶ
173 4423 218 4482 τόν
248 4423 326 4500 ἅγιον
350 4421 540 4502 Λουκιλιανόν,
572 4421 673 4496 ἔξωθεν
696 4422 757 4494 τούς
781 4422 874 4502 ἁγίους
897 4425 1035 4503 μάρτυρας
1057 4424 1203 4502 Γεῶργιον,
1235 4421 1398 4503 Ἀκίνδυνον,

105 4541 179 4618 ἅγιον
202 4542 354 4621 Νικόλαον,
377 4541 424 4600 καὶ
446 4544 491 4601 τόν
515 4543 593 4622 άγιον
617 4543 764 4622 Μεθόδιου,
791 4545 836 4602 τόν
860 4545 937 4623 ἅγιον
962 4545 1077 4620 Κοσμᾶν
1099 4543 1146 4604 καὶ
1168 4546 1214 4604 τὀν
1237 4546 1315 4624 ἅγιον
1337 4545 1397 4603 Δα-

106 4665 206 4736 μιονόν.
247 4663 328 4743 ἑτέρα
350 4661 431 4722 εἰκὼν
455 4665 558 4743 άργυρά
583 4665 730 4744 διάχρυσος
753 4667 767 4723 ό
788 4666 895 4745 Σωτήρ,
919 4666 1021 4740 λαιμὴν
1046 4667 1147 4744 ἔχουσα
1169 4667 1283 4746 γυρόθεν
1306 4663 1399 4725 εἰκόνα

1141 4787 1191 4836 21·
