3166 5298
1249 365 1311 430 123

37 555 214 634 ἀποδεξαμένη
237 559 256 634 ἡ
279 559 409 634 βασιλεία
430 579 482 635 μου
503 557 550 619 καί
572 560 621 634 τὴν
642 559 735 620 τούτου
751 558 852 634 αίτησιν
868 559 1043 638 ἐκπληρῶσαι
1059 557 1236 638 βουληθεῖσα,
1253 558 1313 636 ἔχει

36 681 133 756 θέλημα
153 680 201 741 καὶ
226 681 370 762 διορίζεται
393 679 438 742 θιά
459 683 505 740 τοῦ
526 681 660 761 παρέντος
680 684 889 761 προστάγματος
910 682 1038 759 κατέχειν
1060 681 1113 740 ἀπο
1127 685 1178 756 τῆς
1193 681 1313 760 σήμερον

35 801 72 862 καί
96 802 139 862 ἀιά
163 805 195 864 τθ
223 801 290 880 έξῆς
318 797 512 881 ἀνενοχλή-τως
537 804 624 879 πάντη
647 800 694 863 καί
716 798 900 883 ἀδιασείσ-ιως,
932 803 970 862 ἔτι
991 800 1039 862 καί
1060 801 1245 882 ἀναραιρέτιυς
1266 799 1313 862 καί

36 925 236 997 ἀναποτπάστνις
265 922 312 985 καί
343 924 415 986 κατὰ
445 925 532 1005 λόγον
560 926 734 1003 γονικάτητος
763 925 812 999 την
842 925 966 1005 ῥηθεῖσαν
988 922 1138 999 σεβασμίαν
1161 924 1246 998 μσνλν
1267 926 1314 984 τοῦ

35 1047 108 1120 τιμίου
130 1047 292 1128 Προάράμου
317 1047 366 1122 τὴν
392 1047 516 1122 τοιαύτην
543 1052 605 1126 γῆν,
637 1047 675 1118 ὡς
704 1045 751 1106 καὶ
779 1045 814 1106 τά
842 1045 927 1106 λοιπά
954 1047 1037 1122 αἰτίης
1058 1047 1184 1121 κτήματα
1206 1043 1240 1104 τά
1261 1045 1313 1124 προ

35 1168 135 1227 πολλῶν
157 1167 212 1244 ἤδη
234 1169 341 1248 χρόνιον
363 1171 496 1249 προσόντα
519 1171 584 1251 αίιτῆ
606 1166 724 1242 κοίτην
748 1163 779 1240 ἐξ
801 1169 887 1228 αθτῶν
908 1172 996 1228 πάσαν
1017 1165 1118 1242 ὁμοίως
1134 1166 1313 1246 ἀποφέρεσθαι

35 1289 73 1348 καὶ
95 1291 279 1371 ἀποκεράίζειν
300 1291 445 1372 πρόσοδον,
466 1290 559 1362 καθὼς
580 1293 660 1366 ἡτοῦ
674 1293 838 1372 γράμματος
857 1293 902 1350 τοῦ
919 1287 1044 1368 μεγάλου
1059 1285 1219 1364 θομεστίκου
1233 1287 1313 1369 περί-

36 1411 108 1489 ληψις
129 1413 212 1490 δηλοῖ
232 1411 279 1474 καί
302 1411 496 1493 διαλαμβάνει,
526 1410 573 1474 καί
594 1413 681 1474 ποιεῖν
704 1411 855 1484 ἀκωλύτως
875 1413 964 1472 πάντα
984 1410 1019 1470 τὰ
1040 1410 1111 1472 κατά
1132 1411 1245 1490 γνώμην
1267 1405 1315 1470 καί

37 1535 67 1608 μὴ
88 1534 172 1616 εὑρεῖν
193 1555 259 1596 ποτε
281 1541 314 1617 τῇ
337 1535 469 1618 ἐμρανείᾳ
489 1539 535 1595 τοῦ
557 1537 689 1616 παρέντος
711 1536 920 1615 προστάγματος
941 1538 991 1608 τῆς
1006 1532 1148 1606 βασιλείας
1173 1551 1224 1607 μου
1239 1529 1314 1592 διεν-

37 1656 137 1732 έχληοιν
165 1655 211 1716 καί
239 1657 355 1717 ἐπίθεσιν
381 1660 399 1732 ἢ
428 1657 581 1733 θιασεισμθν
609 1655 653 1718 ἐπί
678 1663 712 1740 τῇ
740 1661 811 1738 νομῇ
832 1654 880 1716 καί
907 1663 1014 1738 κατοχῇ
1036 1657 1082 1716 τάν
1103 1657 1219 1735 τυχόντα
1239 1654 1315 1735 παρά

37 1781 73 1837 τυῖ
97 1775 189 1864 [κατὰ]
209 1781 320 1860 καιροὺς
348 1781 379 1840 ιθ
402 1780 483 1860 ῥηθὲν
507 1776 628 1865 [χωρίον]
650 1781 698 1856 τίγν
721 1779 898 1858 Ζελιάχοβαν
920 1781 1069 1856 κατασχεῖν
1093 1777 1256 1855 μέλλοντος.
1289 1775 1314 1838 εί

38 1901 68 1974 μὴ
89 1901 211 1976 βούλοιτο
232 1903 365 1982 κριθῆναι,
390 1901 473 1984 ἀθειῇ
495 1902 544 1974 τὰς
567 1948 623 1964 ...

435 2069 440 2084 ·
548 2047 665 2119 Reliqua
681 2049 785 2102 άσουαι.

128 2203 272 2258 Ιοαιιιιὶάσσ
295 2203 347 2257 Nr.
366 2205 415 2258 10.

501 2505 612 2573 XXV.
640 2505 718 2572 Sine
741 2529 835 2572 anno.

41 2687 216 2759 θθσριιιεπίυαι
235 2707 337 2746 aureae
357 2691 446 2746 θυίίατ
465 2685 548 2762 [τεμάε
564 2689 697 2760 Stephani
710 2685 830 2762 Πυθαιτί,
855 2709 909 2761 qua
929 2690 1121 2761 confirmantur
1137 2691 1316 2760 possessiones

587 2796 751 2848 monasterii.
856 2807 858 2812 '

129 3041 184 3058 ...
207 2996 301 3066 καθὼς
324 2999 437 3075 κατεῖχε
459 3001 544 3057 ταῦτα
564 2998 596 3056 τ“ο
619 2996 769 3076 διαληρθὲν
792 2997 933 3076 μονθθριον
954 2997 1026 3058 κατὰ
1046 2999 1094 3072 τὴν
1109 2991 1254 3078 περίληψιν
1269 2995 1315 3056 καί

43 3111 136 3190 ἀίνομιν
164 3121 211 3176 τοῦ
239 3114 283 3176 ἐπὶ
304 3119 363 3188 ταῖς
385 3119 520 3192 τοιαύταις
541 3121 736 3198 προσαγωγαῖς
757 3116 804 3179 καὶ
827 3117 987 3200 ἀγορασίαις
1010 3119 1255 3199 ἐπιχορηγηθέντος
1277 3119 1316 3198 τῷ

44 3236 105 3313 μέρει
125 3245 171 3314 τῖης
191 3239 318 3315 τοιοάτης
340 3247 425 3316 μονῆς
447 3241 520 3301 θείου
542 3239 589 3301 καί
604 3244 701 3302 σεπτοθ
715 3240 937 3320 χρυσοβσέλλου·
962 3241 1043 3320 ἑτέρα
1058 3246 1095 3319 γη
1112 3238 1151 3311 εἰς
1166 3240 1211 3298 τὀν
1227 3237 1315 3314 Λιβυ-

44 3355 116 3426 βιοιον
141 3361 191 3422 ἀπὸ
216 3359 405 3441 προσενέξειυς
430 3366 477 3424 τοῦ
499 3362 693 3442 Ἀραβαντινοθ
721 3362 824 3422 ἐκείνου
851 3361 955 3437 μοθίιον
969 3361 1005 3443 τ’,
1036 3362 1065 3422 έν
1092 3356 1111 3441 ᾗ
1139 3365 1316 3440 αννεστίγσατο

44 3479 66 3536 :¹0
84 3483 160 3562 μέρος
181 3490 230 3559 τῆς
251 3483 376 3560 τοιαύτης
399 3491 484 3560 μονῆς
507 3485 632 3560 θοπητιον
654 3483 701 3544 καί
724 3484 864 3560 ἀμπέλια·
888 3485 1016 3562 χωράρια
1038 3479 1153 3559 πλησίον
1169 3486 1248 3544 αὑτοῦ
1263 3485 1315 3544 ἀπο

44 3601 208 3677 προοενέξειυς
232 3599 300 3690 [τοῦ]
317 3605 493 3680 Μελισσηνοῖι
516 3606 617 3682 μοθίιυν
634 3605 681 3682 ιβ’·
705 3602 842 3682 ἀμπέλιον
865 3602 918 3666 ἀπὸ
937 3601 1125 3684 προσενέξεως
1139 3611 1186 3666 τοῦ
1201 3606 1317 3686 Βοτριθοῖ

45 3721 139 3798 πλησίον
160 3731 207 3787 τοῦ
228 3728 346 3788 τοιοίιτου
368 3729 506 3810 χωραρίσυ
530 3729 631 3803 μοδίων
649 3727 679 3788 ι’·
705 3727 779 3798 ἐντος
801 3731 848 3788 τοῦ
869 3730 985 3807 κάοιρου
1000 3729 1110 3808 Σερρῶν
1131 3728 1248 3804 πλησίον
1266 3734 1316 3804 της

47 3840 168 3924 ίυσιλικῆς
188 3849 291 3930 πέρτοις
313 3845 388 3910 οἶκον
412 3849 624 3932 έργαοτηριακθν
647 3852 699 3911 ἀπο
720 3847 908 3932 προσενέξεως
929 3853 975 3910 τοῦ
998 3848 1148 3910 σακελλίου
1162 3855 1212 3926 τῆς
1228 3851 1315 3928 άγιω-

46 3967 109 4043 ῖέιης
129 3971 326 4052 μητροπόλεως
341 3973 460 4054 Σερρῶν,
482 3977 528 4034 τοῦ
542 3973 660 4052 Ζερβοῖι·
685 3975 776 4053 ἕτερον
799 3967 873 4034 οἶκον
895 3972 1106 4052 έργαστηριακθν
1121 3971 1237 4046 πλησίον
1251 3971 1315 4032 τοὺ-

46 4104 79 4144 ἰῦν
98 4089 125 4163 ἐξ
145 4091 295 4173 ἀγορασίας
317 4094 369 4154 ἀπὸ
392 4099 441 4168 της
456 4093 679 4172 Μαβσελέγγας·
705 4097 796 4175 ἕτερον
820 4093 850 4167 ἐξ
873 4094 1021 4174 ἀγορασίας
1040 4097 1087 4154 τοῦ
1101 4091 1200 4172 Θρίοη·
1225 4096 1316 4174 ἕτερον

49 4204 233 4294 ἑίιίγοροιοίας
259 4215 313 4274 ἀπο
334 4220 381 4276 τοῖν
403 4217 582 4297 Λουπηνάρη·
622 4217 713 4295 ἕτερον
741 4214 772 4288 ἐξ
800 4211 949 4296 ἀγορασίαις
979 4215 1032 4274 ἀπθ
1054 4218 1100 4275 τοῦ
1122 4214 1248 4294 γαμβροῦ
1269 4217 1316 4276 τοῦ

49 4327 148 4413 Τσξαρά·
183 4338 275 4418 ἕτερον
298 4333 352 4397 ἀπὸ
374 4335 560 4418 προοενέξεως
582 4343 628 4400 τοῦ
651 4337 785 4418 Ἱερακνίζ
811 4357 816 4369 ·
852 4339 945 4418 ἕτερον
967 4333 1144 4417 ξενοδοχικάν
1167 4330 1241 4396 οίκον
1263 4336 1316 4398 ἀπὸ

50 4454 209 4532 προσενέξεως
230 4463 277 4520 τοῦ
292 4459 461 4540 Ἀραβάντα·
496 4463 661 4534 κηποτθπιον
685 4458 724 4532 εἰς
745 4460 790 4520 τὀν
812 4459 915 4538 πῖργον
937 4463 983 4518 τοῖν
1006 4458 1083 4538 άγίου
1099 4458 1242 4520 Νικολάου
1264 4458 1318 4518 ἀπο

50 4577 210 4653 προσενέξεως
239 4584 286 4640 τοῦ
308 4580 462 4660 Καρθάμη·
499 4583 591 4641 τάπιον
614 4582 690 4653 ἐντος
719 4586 765 4640 τοῦ
797 4581 877 4640 αὐτοϋ
906 4583 1031 4660 κάστρου,
1066 4578 1106 4652 εἰς
1137 4583 1152 4639 θ
1181 4579 1316 4659 εὑρίσκετο

52 4697 155 4780 θάτερον
172 4704 372 4783 τζυμηλαρεῖον
393 4708 443 4778 της
465 4704 548 4778 αθτης
570 4708 666 4782 μονῆς,
690 4697 750 4761 εἶτα
771 4701 980 4784 καιεχαλάσθη,
1004 4703 1033 4761 ἐν
1049 4696 1072 4782 ᾧ
1088 4702 1253 4781 εὑρίσκονται
1269 4700 1315 4761 καὶ
