3222 5284
1321 359 1383 426 317

83 558 116 616 τό
148 557 219 632 θῆλυ
241 558 288 616 τόν
317 559 435 616 τοιοῦτον
463 557 564 616 σκοπόν
592 555 709 636 ἀπαντᾷ.
755 553 779 614 εί
802 555 834 614 δὲ
860 554 926 627 Ιίοως
949 556 1000 633 οίιχ
1026 557 1119 636 ἕτερος
1148 555 1296 635 εὑρίσκεται
1319 574 1388 630 συγ-

84 681 172 756 γενὴς
195 679 230 738 ἐκ
251 684 302 754 τῆς
325 683 417 758 σειρᾶς
446 674 481 754 ἧς
503 678 664 758 προείρηκα,
695 675 719 736 εί
743 678 781 752 μὴ
810 677 891 750 μόνος
921 677 1116 738 ὑπολέλειπται
1139 677 1154 734 ό
1176 675 1224 750 τὴν
1246 675 1391 754 κυριότητα

84 805 234 876 τηνικαῦτα
256 799 304 860 καὶ
328 797 455 880 ἐφορείαν
479 800 563 878 ἔχων,
586 799 630 858 ίνα
652 805 702 874 τῆς
725 799 775 873 μὲν
799 799 960 873 διοικήσεως
981 796 1028 858 καί
1050 795 1179 878 προνοίας
1193 801 1239 858 τοῦ
1254 817 1284 856 τε
1300 815 1390 872 μονα-

86 923 196 1004 στηρίου
221 921 269 983 καί
291 926 338 983 τοῦ
359 921 577 1001 πτωχοτροφείου
600 941 651 996 μου
667 921 795 999 παόηται,
818 919 865 980 καί
886 920 911 980 οί
931 917 1048 998 μοναχοί
1064 919 1185 980 διοικώσι
1198 918 1232 978 τδι
1248 919 1291 978 ἐπ’
1300 917 1390 988 α’κιοϊς

87 1041 138 1102 καί
159 1051 330 1124 προνοῶνται
352 1041 399 1104 καί
423 1043 570 1118 διανέμωσι
591 1045 679 1102 πάντα
701 1042 772 1102 κατὰ
794 1043 843 1116 τὴν
865 1044 1003 1121 παροῦσάν
1024 1061 1076 1116 μου
1092 1039 1222 1122 διάταξιν,
1246 1040 1343 1119 ἐκείνῳ
1359 1038 1390 1100 δὲ

88 1167 236 1244 παρέχωσι
257 1165 293 1225 τὰ
313 1163 398 1240 ἡμίση
420 1170 475 1224 τῶν
496 1167 704 1245 παριππευόντων
727 1163 797 1238 μετὰ
818 1158 867 1234 τὰς
889 1163 1002 1234 τυπικίις
1023 1165 1113 1234 πάσας
1137 1161 1258 1238 ἐξόδους,
1290 1161 1390 1232 αίτινες

90 1285 137 1345 ἐπί
160 1285 305 1364 διορθώσει
331 1289 478 1362 κτημάτων
500 1284 547 1346 καί
571 1283 727 1360 οἰκημάτων
750 1285 878 1364 γίνονται,
909 1286 949 1355 ώς
970 1291 1023 1344 τών
1046 1285 1147 1365 ἐτέρων
1169 1284 1291 1360 ἡμίσεων
1314 1283 1390 1362 δρει-

86 1409 197 1468 λόντων
220 1408 392 1468 ἐπαιίθεσθαι
415 1405 463 1468 καί
484 1407 663 1485 φυλάττεσθαι
686 1404 725 1477 είς
742 1403 872 1482 ἐξώνησιν
889 1407 988 1487 ἐτέρων
1004 1406 1139 1481 ἀκινήτων
1154 1403 1200 1464 καί
1216 1403 1257 1477 εἰς
1272 1405 1391 1485 ἐπανόρ-

86 1531 171 1590 θωσιν
193 1537 247 1590 τών
271 1530 397 1590 δεόντων.
444 1527 468 1588 εί
491 1527 522 1588 δέ
554 1527 688 1606 συγγενὴς
709 1528 816 1588 θπεστιν
839 1525 987 1606 ἀξιόλογος
1010 1527 1057 1588 καί
1079 1532 1126 1588 τοῦ
1148 1533 1244 1600 κακῶς
1267 1527 1391 1604 διαγινο-

88 1654 174 1728 μένου
205 1651 419 1728 ἐκβαλλομένου
450 1651 615 1732 όντειααχθῇ
645 1652 713 1730 πρός
735 1649 782 1724 τὴν
811 1649 937 1730 ἐφορείαν
959 1647 1006 1710 καί
1028 1649 1181 1729 κυριότητα,
1213 1649 1257 1708 ίνα
1280 1650 1391 1731 παρέχῃ

86 1775 157 1854 πρός
180 1775 227 1832 τόν
250 1772 463 1848 ἐκβαλλόμενον
485 1774 683 1853 φιλανθρώπως
706 1776 829 1850 μοναχοῡ
852 1773 914 1844 ἑνός
935 1772 1031 1852 χρείαν
1053 1773 1116 1832 καθ’
1127 1774 1242 1832 ἕκαστον
1259 1771 1390 1832 ἐνιαυτόν.

88 1892 134 1954 ἐπί
159 1893 191 1954 δέ
213 1897 262 1953 τοῦ
285 1896 476 1973 μυστογρόφου
498 1892 546 1954 καί
561 1893 705 1966 βασιλικοῦ
719 1892 851 1973 νοταρίου,
874 1897 955 1970 κυροῦ
972 1891 1128 1973 Θεοδώρου,
1151 1897 1197 1954 τοῦ
1212 1894 1392 1971 περιποθήτου

90 2037 144 2092 μου
167 2015 236 2094 υίοό,
260 2015 394 2086 ἔκπτωσις
417 2016 448 2074 σθ
469 2017 676 2095 ψηφισθήσεται,
700 2015 778 2075 ἀλλὰ
793 2017 864 2090 μόνη
880 2015 965 2092 τούτῳ
980 2014 1087 2092 ἀνάγκη
1105 2014 1290 2090 ἐπιταθήσεται
1305 2017 1392 2074 ποιεῖν

88 2137 124 2196 τό
152 2133 356 2215 διατεταγμένα
384 2139 448 2214 παρ’
462 2138 530 2212 ἐμοῦ
552 2137 599 2198 καί
622 2139 661 2212 μὴ
694 2137 865 2214 βουλομένῳ.
913 2134 936 2196 εί
960 2135 992 2196 δέ
1013 2138 1170 2217 κακουργεῖ,
1199 2135 1245 2194 ίνα
1267 2135 1392 2210 ἐπίκηται

90 2258 165 2338 antip
186 2261 334 2338 πρόστιμον
357 2262 375 2334 ἢ
399 2258 518 2330 ἐπίδοσις
540 2257 649 2319 πάντων
671 2265 725 2319 τῶν
747 2259 946 2334 τετυπωμένων
968 2257 1008 2329 είς
1030 2260 1060 2318 τό
1077 2257 1234 2318 διπλάσιον·
1257 2259 1392 2340 φιλοθέως

89 2381 146 2460 γὰρ
171 2379 282 2441 διοικῶν
304 2381 339 2440 τὰ
366 2380 566 2460 διατεταγμένα
588 2381 660 2440 κατὰ
681 2382 711 2440 τό
734 2380 911 2461 ἀνυστέρητον
933 2378 980 2440 καί
1003 2380 1132 2458 εθλαγίας
1154 2382 1262 2453 πάντως
1285 2381 1393 2442 ἐπιτεθ-

89 2500 170 2574 ξεται
193 2502 222 2561 ἐν
245 2505 301 2574 τοῖς
324 2500 435 2573 οἰκείοις
457 2501 504 2562 καί
527 2503 673 2582 είιόρεστος
696 2502 787 2562 ἔσεται
808 2507 888 2562 πᾶσι·
914 2501 985 2576 μηδὲ
1008 2501 1062 2581 γόιρ
1084 2503 1229 2578 θελησάτω
1246 2503 1393 2583 εθπορῆσαι

89 2623 144 2682 ἀπό
169 2623 363 2704 ίιστερημάτων
387 2623 476 2702 όοίων,
507 2625 546 2684 ότι
569 2625 583 2682 ό
605 2627 724 2696 τοιοῦτος
745 2625 844 2703 τρόπος
867 2623 981 2703 ἀπορίαν
1004 2624 1115 2698 μᾶλλον
1137 2621 1184 2684 καί
1206 2623 1292 2706 κρίμα
1312 2645 1392 2706 περι-

87 2749 173 2806 ποιεῖ.
203 2745 346 2824 ἐφιέμενος
369 2743 400 2804 δὲ
422 2747 558 2805 πλειόνων
583 2747 739 2826 ἐργαζέοθω
761 2747 792 2804 τό
815 2747 903 2806 καλόν
925 2743 973 2805 καί
988 2746 1161 2824 ἀγωνιζέσθω
1176 2745 1223 2807 καί
1239 2747 1274 2807 δι’
1284 2748 1392 2826 ἀγαθῆς

88 2867 247 2927 ἐπικταίσθω
269 2865 396 2945 πίστεως,
421 2866 527 2926 οἴκοθεν
551 2868 624 2944 έχων
647 2868 677 2927 τό
699 2865 877 2948 παράδειγμα
901 2868 933 2926 ἐκ
955 2873 1002 2928 τοῦ
1024 2869 1161 2946 φθσαντος.
1200 2866 1246 2928 καί
1269 2870 1318 2928 οίικ
1340 2869 1392 2949 ἐγ-

87 2987 257 3065 καταλείψει
288 2986 361 3066 αὺτῷ
391 2987 481 3068 κόριος
504 2989 519 3047 ό
542 2989 604 3060 θεός
626 2993 680 3047 πᾶν
704 2987 730 3048 εί
749 3009 775 3048 τι
797 2991 916 3069 χρηστόν
939 2987 986 3049 καί
1010 2988 1138 3066 εὔδαιμον
1159 2989 1206 3050 καί
1230 2989 1390 3069 ἐπέραστον·

88 3117 231 3190 μονογενῆ
253 3111 308 3190 γὰρ
332 3109 411 3169 αθτδν
435 3109 564 3188 ἐσχηκώς
586 3111 787 3188 όπερηγαίπησα
808 3109 855 3170 καὶ
879 3111 1000 3187 ἐπόθησα
1021 3110 1068 3172 καί
1089 3111 1233 3192 βοθλομαι,
1256 3111 1304 3170 καί
1318 3116 1392 3195 ψυχῇ

85 3230 135 3291 καί
161 3225 265 3307 σώματι
289 3233 408 3291 εθεκτεῖν
430 3230 478 3292 καί
501 3232 605 3291 ἄλυπον
628 3227 771 3290 εἶναικαὶ
794 3231 982 3308 ἀνενόχλητον
1006 3233 1039 3292 ἐκ
1061 3219 1162 3304 παντός
1184 3235 1330 3312 προσώπου
1345 3231 1393 3293 καὶ

85 3355 262 3434 πράγματος.
294 3350 319 3412 εί
342 3351 373 3411 δέ
396 3351 443 3411 καὶ
466 3352 511 3411 διὰ
532 3357 578 3412 τοῦ
601 3351 709 3412 πολλοῦ
731 3353 830 3433 χρόνου
854 3351 995 3430 ἐπιλείψαι
1018 3351 1083 3426 ίσως
1104 3355 1135 3414 τό
1157 3356 1240 3432 γένος
1261 3376 1322 3436 μου,
1345 3355 1393 3416 καί

86 3473 129 3547 είς
154 3475 184 3532 τό
207 3473 403 3534 αίιτοδέσποτον
425 3480 537 3555 περιστῇ
559 3474 590 3534 τό
607 3475 786 3554 μοναοτήριέν
802 3494 854 3549 μου
869 3473 916 3532 οίιν
931 3473 970 3553 τῷ
984 3475 1205 3556 πτωχοτρσφείῳ,
1228 3478 1274 3536 ὅτε
1290 3477 1393 3552 μέλλει

86 3597 218 3676 γενέσθαι
241 3597 405 3676 ήγοίιμενος,
428 3596 471 3655 ίνα
496 3595 647 3674 ἐκλέγηται
667 3595 742 3676 παρὰ
761 3597 868 3656 πάντων
883 3601 937 3655 τών
954 3602 1084 3674 μοναχών
1100 3588 1149 3671 εἷς,
1174 3597 1265 3670 όταθς
1279 3600 1393 3680 τρόπους

88 3719 174 3778 αὐτοῦ
206 3717 430 3796 ἐκλελεγμένους
461 3718 589 3778 δεικνύων
612 3715 752 3777 καὶκατὰ
782 3719 844 3778 θεόν
874 3719 1067 3793 ἀνεπιλήπτως
1094 3719 1317 3798 πολιτευόμενος,
1346 3719 1395 3781 καί

86 3847 141 3916 τῆς
171 3840 272 3920 ἀρετῆς
293 3841 342 3915 τὴν
365 3839 476 3900 αόλακα
506 3841 604 3912 καλῶς
625 3845 768 3920 γεωργῶν,
798 3837 846 3899 καὶ
869 3839 1047 3920 οφραγίζηται
1068 3841 1143 3920 παρὰ
1164 3845 1210 3902 τοῦ
1233 3846 1393 3916 τιμιωτάτου

87 3963 304 4040 καθηγουμένου
327 3967 377 4040 τῆς
407 3967 493 4037 μονῆς
514 3965 569 4021 τών
593 3959 729 4040 Σπουδίου,
760 3961 798 4037 μὴ
831 3962 942 4040 ἔχοντος
971 3963 1093 4022 ἐντεῦθεν
1115 3967 1161 4023 τοῦ
1187 3965 1394 4043 καθηγουμένου

87 4087 138 4144 τοῦ
161 4081 289 4146 Σπουδίου
319 4081 489 4165 παρείσδυσιν
520 4082 646 4163 ἐφορείας
672 4087 690 4158 ή
720 4084 791 4154 τινός
821 4080 946 4155 ἐξουσίας
969 4082 1009 4154 είς
1031 4085 1062 4143 τό
1093 4087 1272 4164 μσναοιήριον
1293 4084 1340 4145 καὶ
1362 4087 1393 4145 τδ

87 4207 311 4286 πτωχοτροφεῖόν
335 4223 396 4284 μου,
420 4204 518 4280 ἀλλ’ἢ
542 4207 627 4281 μόνην
649 4205 698 4278 τὴν
721 4205 856 4284 σφραγῖδα
872 4209 917 4266 τοῦ
931 4206 1085 4283 ἡγουμένου
1100 4205 1148 4266 καί
1162 4207 1193 4266 τό
1208 4207 1330 4268 διαλύειν
1345 4208 1394 4285 τὴν

88 4328 157 4399 ἴσως
181 4325 406 4406 ἁναφυηοομένην
427 4325 489 4406 περί
503 4327 684 4406 ήγουμενείας
701 4327 908 4408 ἀμφισβήτησιν,
931 4329 1001 4386 ώστε
1016 4328 1167 4406 προκρίνειν
1182 4331 1228 4389 τόν
1243 4329 1393 4410 κρείττονα,

87 4447 137 4509 καί
155 4447 287 4520 πλείονος
301 4447 447 4528 προνομίου
464 4448 596 4524 μηδόλως
612 4448 847 4524 ἐπιλαμβάνεσθαι
862 4453 956 4509 τοῦτον
972 4449 1128 4525 ἐπισκήπτω
1143 4449 1190 4510 καὶ
1206 4447 1393 4528 διατόττομαι.

89 4569 113 4630 εί
139 4569 171 4629 δέ
193 4569 257 4650 περὶ
285 4569 386 4649 ἀρετῆς
409 4566 456 4628 δθο
479 4575 532 4628 τών
560 4574 692 4646 μοναχών
719 4569 827 4652 ἐμπέσῃ
850 4569 1058 4650 ἀμφισβήτησις,
1087 4568 1135 4630 καὶ
1158 4569 1184 4630 οί
1206 4571 1257 4648 μὲν
1274 4573 1396 4653 Ιπροκρί-

87 4712 176 4750 νουσιν
198 4695 290 4752 τοίιτον
314 4690 354 4764 είς
375 4693 425 4769 τἠν
452 4692 632 4768 ποιμαντικὴν
659 4692 823 4772 προστασίαν
845 4691 929 4772 ήγουν
951 4693 1143 4774 ἡγουμενείαν,
1172 4693 1198 4755 οί
1221 4694 1253 4754 δέ
1276 4695 1393 4774 ἐκεῖνον,
