3246 5288
228 345 293 411 396

230 539 274 602 ἐπὶ
296 540 363 622 τρισὶ
391 545 501 622 χρόνοις
523 540 570 602 καὶ
599 545 702 614 πάντας
733 543 902 623 συντριβῆναι
925 542 972 602 καὶ
1003 543 1186 622 ἀφανισθῆναι.
1232 546 1308 619 ἡμᾶς
1332 544 1408 620 δὲή
1438 544 1555 621 άροιτσς

228 661 309 723 αῦτοῦ
331 662 518 744 φιλανθρωπία
541 660 711 740 ἀντελάβετο
733 662 780 723 καὶ
804 664 929 742 δαψιλῶς
953 664 1160 746 ἐπεχορήγησεν
1184 667 1290 725 ἅπαντα
1304 669 1399 747 τρόπῳ
1418 664 1554 743 τοιῷδε·

227 782 350 866 καὶγὰρ
373 790 427 844 τῶν
457 783 637 865 ριλοχρίοτων
659 784 706 845 καὶ
728 791 828 845 πιστῶν
851 782 1000 866 ἀνθρώπων
1022 785 1093 858 τινὲς
1116 789 1286 881 συνήργησαν
1310 787 1348 860 είς
1373 787 1556 869 ἐπικουρίαν

227 907 293 981 ἡμῖν
301 903 338 989 ¹),
363 905 410 966 καὶ
433 906 581 986 προσόδους
605 903 636 980 ἐξ
652 905 759 968 οἰκείων
782 910 928 985 κτημάτων
952 908 1103 988 άριέρωσαν
1124 915 1245 992 τήμονῇ
1268 879 1472 996 [ἐκινήτων]Ί)
1496 909 1555 969 καὶ

229 1028 420 1110 αύτοκινήτων,
444 1031 462 1088 ά
483 1026 530 1089 καὶ
553 1029 726 1101 δεσπόζονται
750 1029 814 1110 παρ’
826 1031 915 1111 ἡμῶν,
938 1031 987 1106 τὴν
1011 1030 1162 1107 ἐκκλησίαν
1184 1051 1215 1092 τε
1238 1027 1470 1118 ἀνηγείραμενέ)
1495 1033 1554 1094 καὶ

228 1150 348 1232 φαιδρῶς
377 1152 476 1228 ταύτην
506 1155 763 1233 κατεκοσμήσαμεν,
793 1151 881 1229 ήκαὶ
912 1144 1007 1234 δρᾶται
1028 1155 1077 1229 τὴν
1108 1157 1236 1234 σήμερον.
1275 1151 1411 1228 ’ὡσαύτως
1448 1154 1500 1216 καὶ
1528 1157 1550 1232 ή

227 1277 272 1334 νῦν
295 1273 422 1352 ὁρωμένη
445 1276 575 1354 τράπεζα,
598 1275 711 1356 χάρακά
732 1293 763 1334 τε
777 1274 874 1354 κύκλῳ
890 1275 972 1352 αύτῆς
991 1279 1180 1352 πεποιήκαμεν
1195 1275 1241 1337 καὶ
1256 1276 1366 1349 κέλλας
1383 1277 1549 1358 ἀνῳκοδο-

228 1395 388 1478 μήσαμενί)
411 1394 451 1468 είς
477 1397 536 1456 οἷαν
558 1399 604 1457 νῦν
633 1397 726 1477 δρᾶται
753 1397 925 1458 κατάστασιν.
971 1399 986 1456 ὁ
1014 1397 1145 1474 δύσβατος
1168 1395 1213 1459 οῦν
1242 1400 1347 1473 ἐκεῖνος
1374 1403 1465 1472 τόπος
1489 1398 1549 1459 καὶ
1617 1413 1618 1488 γ

229 1517 341 1590 σκολιός
371 1517 541 1598 μετημείρθη
572 1519 642 1595 μετὰ
656 1519 781 1612 ,πολλοῦ
802 1519 888 1580 κόπου
911 1517 950 1590 είς
973 1518 1133 1596 ὁμαλότητα
1156 1519 1203 1581 καί
1223 1522 1359 1598 κοινόβιον
1383 1517 1547 1582 ἀποκατα-
1617 1491 1618 1568 ί

227 1641 373 1714 στήσαμεν,
405 1640 521 1722 Χριστοῦ
551 1643 652 1723 χάριτι,
683 1640 862 1722 συνεργούσης
891 1643 956 1717 ἡμῖν
987 1641 1028 1721 ἐρ’
1042 1641 1123 1702 ἅπασι
1153 1647 1202 1718 τῆς
1232 1644 1318 1723 άγνής
1347 1645 1544 1724 θεομήτορος,
1617 1649 1618 1672 ¹

228 1759 425 1843 ἐπιχορηγήσει
448 1761 549 1824 δὲκαὶ
573 1761 612 1834 είς
634 1765 664 1824 τδ
689 1759 763 1842 ἑξῆς,
786 1763 880 1836 καθὼς
901 1760 948 1824 καὶ
969 1761 1140 1840 πεποίθαμεν
1155 1763 1202 1825 καὶ
1226 1763 1386 1844 ἐπεύχομαι.
1418 1764 1484 1826 ἐπεὶ
1502 1765 1544 1826 δὲ

228 1881 274 1942 καὶ
301 1883 445 1961 κανονικήν
476 1883 640 1945 ἀκολουθίαν
663 1882 745 1956 εἰκὼς
767 1882 801 1962 ήν
823 1887 897 1962 ἡμᾶς
927 1884 1115 1960 ἀναλαβέσθαι
1137 1882 1184 1945 καὶ
1205 1889 1403 1967 οτανροπήγιον
1426 1885 1475 1948 ἐπὶ
1498 1895 1541 1970 τῇ

228 2004 371 2086 άνεγέρσει
393 2004 440 2066 καὶ
461 2007 623 2087 καθιερώσει
645 2011 692 2067 τοῦ
714 2005 792 2067 θείου
808 2010 883 2086 ναοῦ,
907 2010 984 2068 τοῦτο
1001 2005 1035 2082 δὴ
1058 2004 1105 2067 καί
1127 2009 1318 2083 πεποιήκαμεν
1340 2006 1388 2068 καὶ
1411 2029 1540 2091 σταυρο-

227 2127 326 2204 πήγισν
349 2126 493 2204 ἐλαβόμην
514 2127 589 2208 παρὰ
609 2131 656 2189 τοῦ
677 2130 879 2208 πανιερωτάτου
902 2129 1048 2190 ἐπισκόπου
1070 2129 1224 2208 Ταμασίας,
1247 2133 1329 2210 κυροῦ
1349 2129 1461 2205 Νικήτα
1484 2137 1539 2191 τοῦ
1617 2163 1618 2168 1

227 2249 466 2331 Ἁγιοστερανίτου,
493 2249 565 2310 κατὰ
586 2251 631 2311 τδν
653 2251 726 2311 θεῖον
748 2249 794 2310 καί
817 2251 1001 2331 προσκυνητδν
1025 2251 1133 2331 όρισμδν
1155 2255 1201 2312 τοῦ
1223 2252 1351 2328 εὐσεβοῦς
1374 2253 1537 2333 βασιλέως,

226 2373 308 2450 κνροῦ
330 2371 467 2446 Μονουὴλ
496 2376 541 2431 τοῦ
564 2373 719 2454 Κσμνηνοῦ,
749 2377 795 2433 τοῦ
825 2373 901 2451 ἔχειν
933 2369 989 2458 [τὀν
1021 2368 1213 2458 ἐπίοκοπονμ)
1236 2375 1286 2450 τὴν
1315 2373 1453 2454 ἀναφορὰν
1482 2375 1537 2434 καὶ

227 2493 323 2566 μόνην.
369 2487 447 2552 ἀλλὰ
469 2489 553 2552 καὶὸ
583 2492 735 2574 μακαρίτης
765 2493 869 2566 ἐκεῖνος
899 2493 988 2574 πατήρ
1017 2495 1107 2575 ήμῶν,
1139 2497 1262 2573 μονοχδς
1284 2499 1359 2576 κῦρις
1382 2493 1532 2576 Ἰγνάτιος,

226 2613 312 2685 οῦτως
343 2610 485 2687 διετάξατο
507 2615 559 2694 πρδ
581 2621 631 2692 της
661 2617 740 2676 αῦιοῦ
762 2618 829 2696 πρδς
857 2616 947 2696 κύριον
979 2615 1122 2696 ἐκδημίας,
1152 2615 1231 2699 τὀνύ)
1254 2617 1326 2676 κατὰ
1347 2619 1396 2693 τἠν
1421 2618 1533 2699 ἐνορίαν

226 2733 358 2815 ἀρχιερέα
380 2735 526 2814 ἔχειντὴν
549 2737 685 2816 ἀναφορὰν
707 2735 754 2797 καὶ
777 2740 863 2815 μόνην
885 2737 955 2798 κατὰ
977 2739 1022 2798 τόν
1045 2739 1117 2798 θεῖον
1139 2736 1186 2798 καὶ
1208 2740 1392 2820 προοκυνητδν
1415 2741 1532 2821 όριομδν

225 2853 272 2915 καί
302 2856 351 2930 τήν
380 2856 547 2938 πρσχείρισιν
569 2862 615 2919 τοῦ
644 2857 716 2919 κατὰ
744 2857 793 2934 τὴν
823 2860 929 2940 ήμέρον
959 2860 1201 2939 ήγουμενεύσντος,
1234 2860 1315 2941 όνπερ
1346 2862 1480 2941 πρότερον
1505 2862 1532 2922 οἱ

227 2976 342 3059 ἀδελφοὶ
372 2976 535 3052 ἐκλέξανται
556 2978 603 3040 καί
632 2977 801 3062 ψηρίσονται,
832 2981 870 3052 ὡς
893 2980 1005 3056 δόκιμον
1033 2981 1096 3040 όντα
1105 2978 1130 3066 ⁷)
1151 2986 1201 3058 τῆς
1230 2982 1404 3062 προστασίας,
1435 2987 1531 3043 τοῦτον

228 3101 318 3172 αύτούς
339 3101 551 3181 προχειρίσεται,
575 3101 613 3177 μὴ
630 3103 701 3162 κατά
715 3121 774 3162 τινα
797 3101 945 3182 ἀνακρίνας
966 3103 1012 3162 τόν
1035 3103 1208 3184 ψηφισθέντα,
1233 3105 1299 3184 ὅπερ
1314 3103 1362 3164 καί
1376 3102 1530 3181 πεποίηκεν

228 3221 243 3280 ό
264 3224 466 3303 πανιεριύτατος
482 3223 595 3302 ἐκεῖνος,
619 3227 694 3303 κῦρις
708 3221 832 3298 Νικήτας
847 3223 862 3282 δ
878 3223 1121 3302 Ἀγιοοτερανίτης.
1154 3225 1233 3296 αῦτδς
1247 3225 1313 3300 ήμϊν
1328 3222 1375 3285 καί
1390 3226 1441 3301 την
1455 3247 1530 3308 προ-

226 3341 338 3423 χείρισιν
362 3341 468 3404 δέδωκε
490 3341 538 3403 καί
558 3343 607 3421 τήν
631 3340 753 3417 διάταξιν
775 3347 821 3405 τοῦ
842 3344 943 3426 πατρὸς
966 3342 1080 3418 οἰκείαις
1101 3343 1196 3427 χερσίν
1221 3347 1387 3408 ἐπιστώσατο
1402 3346 1531 3420 καὶτοὺς

226 3463 286 3539 μετ’
300 3462 411 3546 αύτδνὸ)
436 3463 578 3540 ἐπιτιμίοις
600 3465 826 3545 ρρικωδεστάτοις
847 3465 997 3542 κατέδησε·
1023 3465 1047 3526 εἰ
1070 3466 1095 3526 δ’
1107 3465 1172 3540 ἴσως
1193 3469 1309 3550 πειραθη
1330 3487 1372 3539 τις
1396 3468 1450 3529 άπδ
1472 3476 1530 3530 τῶν

218 3583 298 3644 ’κατὰ
320 3585 413 3664 καιρόν
437 3585 499 3657 τούς
513 3583 611 3658 οίακας
624 3589 675 3664 τῆς
697 3587 851 3664 ἁγιωτάτης
874 3587 1025 3666 ἐπισκοπῆς
1048 3585 1260 3664 ἀναδεξαμένων
1283 3587 1429 3664 ἐπιβαλεῖν
1443 3594 1530 3671 χεῖρα

225 3708 358 3786 προφάσει
378 3710 425 3767 τοῦ
455 3707 654 3786 σταυροπηγίου
675 3706 722 3768 καὶ
744 3713 794 3785 τής
825 3705 971 3789 άναροράς,
996 3710 1034 3786 μὴ
1066 3709 1239 3791 εἰσακουέτω,
1270 3711 1348 3771 ἀλλὰ
1376 3713 1424 3772 τδν
1455 3714 1530 3772 κατὰ

226 3828 319 3908 καιρδν
344 3827 507 3908 ἐνεργοῦντα
530 3827 563 3888 ἐκ
583 3830 728 3910 προσώπου
750 3832 796 3889 τοῦ
812 3829 890 3909 ἁγίου
904 3831 984 3908 ήμῶν
1008 3829 1145 3904 βασιλέως
1167 3831 1194 3892 ού
1208 3830 1325 3912 άδελροί
1345 3832 1529 3910 δεηθήσοντοιι

225 3947 272 4009 καί
294 3951 325 4010 τδ
339 3951 426 4030 παρὀν
444 3951 553 4011 τυπικδν
569 3949 641 4030 αύτῷ
663 3948 840 4031 ῦποδείξουσι,
863 3949 973 4028 κοίτην
988 3953 1076 4034 ὁρμὴν
1100 3948 1246 4038 άναστείλῃ
1262 3957 1308 4014 τοῦ
1326 3957 1529 4035 πειραζομένου

226 4073 309 4132 κινεῖν
331 4071 366 4132 τό
395 4071 519 4148 άκίνητα.
563 4075 620 4146 τοῖς
641 4071 675 4134 δέ
697 4094 731 4152 γε
754 4075 893 4155 στέργουσι
915 4071 962 4134 καὶ
986 4074 1147 4151 ἐμμένουσιν
1172 4074 1211 4148 είς
1232 4077 1281 4151 τὴν
1305 4077 1409 4136 άνωθεν
1431 4097 1527 4158 παρα-

226 4191 411 4254 κολουθοῦσαν
441 4195 583 4270 συνήθειαν
614 4193 764 4276 διορίζομαι
788 4196 935 4274 ἔχειντὴν
958 4192 1093 4277 ἀναφορὰν
1118 4197 1146 4257 ἐν
1167 4201 1268 4269 πάσαις
1289 4199 1350 4271 ταῖς
1372 4199 1528 4280 ἐσπεριναῖς

225 4311 272 4375 καὶ
294 4314 428 4395 όρθριναῑς
458 4313 633 4396 δοξολογίαις
654 4315 702 4378 καί
724 4313 849 4390 συνάξεοι
875 4320 978 4390 ζῶντας
999 4317 1046 4378 καὶ
1069 4319 1139 4394 μετὰ
1161 4319 1286 4380 θάνατον.
1334 4317 1527 4396 ἐντελλόμεθοι

330 4603 349 4666 ¹)
367 4599 474 4669 ήμῦςΕ.
546 4601 764 4669 2)θιιρρ1ειιιίιιιιι
784 4603 898 4655 videtur.
969 4605 993 4671 ³)
1011 4600 1119 4672 ἐνεγΕ.
1190 4606 1211 4672 ⁴)
1231 4599 1305 4656 άνοιιι.
1318 4605 1349 4657 Ε.
1423 4606 1445 4672 ⁵)
1458 4607 1524 4674 ὃιιρ

224 4695 363 4764 ρίενὶιιιιιιτ.
435 4696 457 4763 ⁶)
475 4691 512 4748 ῦτι
530 4692 571 4748 τὀν
589 4695 620 4748 Ε.
694 4689 789 4766 1)είνοιι
808 4699 839 4750 Ε.
912 4697 934 4763 ⁸)
953 4696 1027 4750 αύτοῦ
1045 4699 1076 4750 Ε.
