<?xml version="1.0" encoding="UTF-8"?>
<!DOCTYPE html PUBLIC "-//W3C//DTD XHTML 1.0 Transitional//EN"
    "http://www.w3.org/TR/xhtml1/DTD/xhtml1-transitional.dtd">
<html xmlns="http://www.w3.org/1999/xhtml" xml:lang="en" lang="en">
 <head>
  <title>
</title>
<meta http-equiv="Content-Type" content="text/html;charset=utf-8" />
  <meta name='ocr-system' content='tesseract 3.04.00' />
  <meta name='ocr-capabilities' content='ocr_page ocr_carea ocr_par ocr_line ocrx_word'/>
</head>
<body>
  <div class='ocr_page' id='page_1' title='image "./actaetdiplomata00miklgoog_0650.png"; bbox 0 0 3246 5288; ppageno 0'>
   <div class='ocr_carea' id='block_1_1' title="bbox 1339 335 1405 400">
    <p class='ocr_par' dir='ltr' id='par_1_1' title="bbox 1339 335 1405 400">
     <span class='ocr_line' id='line_1_1' title="bbox 1339 335 1405 400; baseline -0.03 0"><span class='ocrx_word' id='word_1_1' title='bbox 1339 335 1405 400; x_wconf 80' lang='grc'>469</span> 
     </span>
    </p>
   </div>
   <div class='ocr_carea' id='block_1_2' title="bbox 80 528 1406 611">
    <p class='ocr_par' dir='ltr' id='par_1_2' title="bbox 80 528 1406 611">
     <span class='ocr_line' id='line_1_2' title="bbox 80 528 1406 611; baseline 0.002 -24"><span class='ocrx_word' id='word_1_2' title='bbox 80 547 163 600; x_wconf 85' lang='grc' dir='ltr'>μου</span> <span class='ocrx_word' id='word_1_3' title='bbox 188 529 232 588; x_wconf 81' lang='grc' dir='ltr'>διὰ</span> <span class='ocrx_word' id='word_1_4' title='bbox 253 533 298 588; x_wconf 86' lang='grc' dir='ltr'>τού</span> <span class='ocrx_word' id='word_1_5' title='bbox 317 533 449 609; x_wconf 77' lang='grc' dir='ltr'>παρόντος</span> <span class='ocrx_word' id='word_1_6' title='bbox 464 529 671 608; x_wconf 87' lang='grc' dir='ltr'>χρυσοβούλλου</span> <span class='ocrx_word' id='word_1_7' title='bbox 687 530 782 608; x_wconf 73' lang='grc' dir='ltr'>λύγου,</span> <span class='ocrx_word' id='word_1_8' title='bbox 807 528 847 601; x_wconf 87' lang='grc' dir='ltr'>είς</span> <span class='ocrx_word' id='word_1_9' title='bbox 863 531 1032 605; x_wconf 76' lang='grc' dir='ltr'>μνημόσυνον</span> <span class='ocrx_word' id='word_1_10' title='bbox 1050 530 1116 604; x_wconf 82' lang='grc' dir='ltr'>ἐμοῦ</span> <span class='ocrx_word' id='word_1_11' title='bbox 1131 551 1161 590; x_wconf 84' lang='grc' dir='ltr'>τε</span> <span class='ocrx_word' id='word_1_12' title='bbox 1177 529 1287 607; x_wconf 83' lang='grc' dir='ltr'>καὶτῆς</span> <span class='ocrx_word' id='word_1_13' title='bbox 1304 532 1406 611; x_wconf 81' lang='grc' dir='ltr'>μητρός</span> 
     </span>
    </p>
   </div>
   <div class='ocr_carea' id='block_1_3' title="bbox 83 641 1501 733">
    <p class='ocr_par' dir='ltr' id='par_1_3' title="bbox 83 641 1501 733">
     <span class='ocr_line' id='line_1_3' title="bbox 83 641 1501 733; baseline 0 -22"><span class='ocrx_word' id='word_1_14' title='bbox 83 671 174 732; x_wconf 80' lang='grc' dir='ltr'>μου,</span> <span class='ocrx_word' id='word_1_15' title='bbox 196 657 249 730; x_wconf 85' lang='grc' dir='ltr'>γῆν</span> <span class='ocrx_word' id='word_1_16' title='bbox 271 653 388 731; x_wconf 75' lang='grc' dir='ltr'>’ύπεργον</span> <span class='ocrx_word' id='word_1_17' title='bbox 410 650 457 711; x_wconf 88' lang='grc' dir='ltr'>καί</span> <span class='ocrx_word' id='word_1_18' title='bbox 478 655 574 731; x_wconf 84' lang='grc' dir='ltr'>χώρας</span> <span class='ocrx_word' id='word_1_19' title='bbox 597 651 732 712; x_wconf 79' lang='grc' dir='ltr'>ἐπιτελεῖν</span> <span class='ocrx_word' id='word_1_20' title='bbox 755 653 815 712; x_wconf 91' lang='grc' dir='ltr'>κατ’</span> <span class='ocrx_word' id='word_1_21' title='bbox 829 653 889 722; x_wconf 84' lang='grc' dir='ltr'>ἔτος</span> <span class='ocrx_word' id='word_1_22' title='bbox 912 650 945 710; x_wconf 77' lang='grc' dir='ltr'>τὰ</span> <span class='ocrx_word' id='word_1_23' title='bbox 966 651 1083 728; x_wconf 74' lang='grc' dir='ltr'>δημόσια</span> <span class='ocrx_word' id='word_1_24' title='bbox 1105 650 1220 724; x_wconf 80' lang='grc' dir='ltr'>καὶτὰς</span> <span class='ocrx_word' id='word_1_25' title='bbox 1243 653 1405 733; x_wconf 80' lang='grc' dir='ltr'><strong>ἐπικαρπίας</strong></span> <span class='ocrx_word' id='word_1_26' title='bbox 1499 641 1501 648; x_wconf 61' lang='grc'><strong>’</strong></span> 
     </span>
    </p>
   </div>
   <div class='ocr_carea' id='block_1_4' title="bbox 82 770 1405 1709">
    <p class='ocr_par' dir='ltr' id='par_1_4' title="bbox 82 770 1405 1709">
     <span class='ocr_line' id='line_1_4' title="bbox 82 770 1404 859; baseline 0.002 -28"><span class='ocrx_word' id='word_1_27' title='bbox 82 775 179 853; x_wconf 62' lang='grc' dir='ltr'>πρὸς</span> <span class='ocrx_word' id='word_1_28' title='bbox 200 775 248 848; x_wconf 86' lang='grc' dir='ltr'>τὴν</span> <span class='ocrx_word' id='word_1_29' title='bbox 272 775 352 848; x_wconf 75' lang='grc' dir='ltr'>αὐτὴν</span> <span class='ocrx_word' id='word_1_30' title='bbox 376 776 471 853; x_wconf 82' lang='grc' dir='ltr'>μάνην,</span> <span class='ocrx_word' id='word_1_31' title='bbox 494 770 552 859; x_wconf 78' lang='grc' dir='ltr'>[τά]</span> <span class='ocrx_word' id='word_1_32' title='bbox 572 774 662 854; x_wconf 81' lang='grc' dir='ltr'>χωρία</span> <span class='ocrx_word' id='word_1_33' title='bbox 684 775 787 845; x_wconf 87' lang='grc' dir='ltr'>Ζούζαν</span> <span class='ocrx_word' id='word_1_34' title='bbox 810 773 857 833; x_wconf 89' lang='grc' dir='ltr'>καί</span> <span class='ocrx_word' id='word_1_35' title='bbox 880 775 1058 853; x_wconf 75' lang='grc' dir='ltr'>Χορτσκὸπιν,</span> <span class='ocrx_word' id='word_1_36' title='bbox 1083 775 1181 849; x_wconf 85' lang='grc' dir='ltr'>Χαβάν</span> <span class='ocrx_word' id='word_1_37' title='bbox 1204 795 1233 834; x_wconf 89' lang='grc' dir='ltr'>τε</span> <span class='ocrx_word' id='word_1_38' title='bbox 1256 772 1303 834; x_wconf 91' lang='grc' dir='ltr'>καί</span> <span class='ocrx_word' id='word_1_39' title='bbox 1326 776 1404 850; x_wconf 79' lang='grc' dir='ltr'>Στή-</span> 
     </span>
     <span class='ocr_line' id='line_1_5' title="bbox 86 895 1405 980; baseline 0.003 -26"><span class='ocrx_word' id='word_1_40' title='bbox 86 896 188 974; x_wconf 73' lang='grc' dir='ltr'>λαια,</span> <span class='ocrx_word' id='word_1_41' title='bbox 205 896 360 974; x_wconf 84' lang='grc' dir='ltr'>Δανείαχαν</span> <span class='ocrx_word' id='word_1_42' title='bbox 382 895 428 956; x_wconf 89' lang='grc' dir='ltr'>καὶ</span> <span class='ocrx_word' id='word_1_43' title='bbox 445 897 636 977; x_wconf 83' lang='grc' dir='ltr'>Πατάρουσαν,</span> <span class='ocrx_word' id='word_1_44' title='bbox 654 898 801 976; x_wconf 78' lang='grc' dir='ltr'>Χαμουρίν,</span> <span class='ocrx_word' id='word_1_45' title='bbox 818 897 1020 975; x_wconf 78' lang='grc' dir='ltr'>Μανδρακενὴν</span> <span class='ocrx_word' id='word_1_46' title='bbox 1043 895 1089 956; x_wconf 90' lang='grc' dir='ltr'>καί</span> <span class='ocrx_word' id='word_1_47' title='bbox 1105 897 1206 975; x_wconf 83' lang='grc' dir='ltr'>Χαψίν,</span> <span class='ocrx_word' id='word_1_48' title='bbox 1229 897 1273 956; x_wconf 85' lang='grc' dir='ltr'>ἵνα</span> <span class='ocrx_word' id='word_1_49' title='bbox 1294 897 1328 956; x_wconf 83' lang='grc' dir='ltr'>τὰ</span> <span class='ocrx_word' id='word_1_50' title='bbox 1352 899 1405 980; x_wconf 72' lang='grc' dir='ltr'>έχῃ</span> 
     </span>
     <span class='ocr_line' id='line_1_6' title="bbox 88 1016 1405 1100; baseline 0.001 -23"><span class='ocrx_word' id='word_1_51' title='bbox 88 1017 158 1077; x_wconf 79' lang='grc' dir='ltr'>καί</span> <span class='ocrx_word' id='word_1_52' title='bbox 179 1021 293 1094; x_wconf 85' lang='grc' dir='ltr'>νέμηται</span> <span class='ocrx_word' id='word_1_53' title='bbox 315 1020 332 1093; x_wconf 85' lang='grc' dir='ltr'>ῆ</span> <span class='ocrx_word' id='word_1_54' title='bbox 356 1019 426 1100; x_wconf 81' lang='grc' dir='ltr'>μονῆ</span> <span class='ocrx_word' id='word_1_55' title='bbox 450 1017 490 1090; x_wconf 88' lang='grc' dir='ltr'>είς</span> <span class='ocrx_word' id='word_1_56' title='bbox 512 1019 574 1091; x_wconf 78' lang='grc' dir='ltr'>τούς</span> <span class='ocrx_word' id='word_1_57' title='bbox 597 1016 662 1095; x_wconf 82' lang='grc' dir='ltr'>ἑξῆς</span> <span class='ocrx_word' id='word_1_58' title='bbox 684 1017 730 1078; x_wconf 86' lang='grc' dir='ltr'>καί</span> <span class='ocrx_word' id='word_1_59' title='bbox 754 1019 889 1092; x_wconf 80' lang='grc' dir='ltr'>διηνεκεῖς</span> <span class='ocrx_word' id='word_1_60' title='bbox 910 1021 1035 1099; x_wconf 73' lang='grc' dir='ltr'>χρόνους,</span> <span class='ocrx_word' id='word_1_61' title='bbox 1059 1021 1157 1098; x_wconf 82' lang='grc' dir='ltr'>μέχρις</span> <span class='ocrx_word' id='word_1_62' title='bbox 1180 1023 1213 1078; x_wconf 80' lang='grc' dir='ltr'>ἂν</span> <span class='ocrx_word' id='word_1_63' title='bbox 1228 1020 1292 1078; x_wconf 84' lang='grc' dir='ltr'>τάδε</span> <span class='ocrx_word' id='word_1_64' title='bbox 1306 1021 1337 1078; x_wconf 68' lang='lat' dir='ltr'>io</span> <span class='ocrx_word' id='word_1_65' title='bbox 1352 1025 1405 1079; x_wconf 83' lang='grc' dir='ltr'>πᾶν</span> 
     </span>
     <span class='ocr_line' id='line_1_7' title="bbox 90 1137 1405 1222; baseline 0.002 -24"><span class='ocrx_word' id='word_1_66' title='bbox 90 1142 112 1198; x_wconf 78' lang='grc' dir='ltr'>ὁ</span> <span class='ocrx_word' id='word_1_67' title='bbox 146 1141 228 1214; x_wconf 83' lang='grc' dir='ltr'>ἥλιος</span> <span class='ocrx_word' id='word_1_68' title='bbox 251 1141 334 1222; x_wconf 81' lang='grc' dir='ltr'>έρορᾴ</span> <span class='ocrx_word' id='word_1_69' title='bbox 357 1139 439 1198; x_wconf 84' lang='grc' dir='ltr'>καὶὸ</span> <span class='ocrx_word' id='word_1_70' title='bbox 462 1142 568 1216; x_wconf 83' lang='grc' dir='ltr'>σύμπας</span> <span class='ocrx_word' id='word_1_71' title='bbox 592 1141 760 1200; x_wconf 79' lang='grc' dir='ltr'>διελεύσεται</span> <span class='ocrx_word' id='word_1_72' title='bbox 783 1144 895 1216; x_wconf 82' lang='grc' dir='ltr'>κύαμος.</span> <span class='ocrx_word' id='word_1_73' title='bbox 924 1139 970 1200; x_wconf 88' lang='grc' dir='ltr'>καὶ</span> <span class='ocrx_word' id='word_1_74' title='bbox 993 1137 1080 1212; x_wconf 80' lang='grc' dir='ltr'>ούδείς</span> <span class='ocrx_word' id='word_1_75' title='bbox 1102 1146 1156 1199; x_wconf 86' lang='grc' dir='ltr'>τῶν</span> <span class='ocrx_word' id='word_1_76' title='bbox 1173 1142 1298 1202; x_wconf 85' lang='grc' dir='ltr'>ἁπάντων</span> <span class='ocrx_word' id='word_1_77' title='bbox 1314 1141 1405 1200; x_wconf 85' lang='grc' dir='ltr'>ἔσεται</span> 
     </span>
     <span class='ocr_line' id='line_1_8' title="bbox 93 1259 1405 1343; baseline 0 -22"><span class='ocrx_word' id='word_1_78' title='bbox 93 1261 150 1334; x_wconf 86' lang='grc' dir='ltr'>είς</span> <span class='ocrx_word' id='word_1_79' title='bbox 173 1263 298 1337; x_wconf 80' lang='grc' dir='ltr'>ἀθέτησιν</span> <span class='ocrx_word' id='word_1_80' title='bbox 321 1265 338 1338; x_wconf 84' lang='grc' dir='ltr'>ῆ</span> <span class='ocrx_word' id='word_1_81' title='bbox 362 1262 525 1343; x_wconf 82' lang='grc' dir='ltr'>ἁνατροπῆν,</span> <span class='ocrx_word' id='word_1_82' title='bbox 550 1263 653 1323; x_wconf 76' lang='grc' dir='ltr'>...το</span> <span class='ocrx_word' id='word_1_83' title='bbox 678 1259 708 1335; x_wconf 84' lang='grc' dir='ltr'>ἐξ</span> <span class='ocrx_word' id='word_1_84' title='bbox 731 1264 864 1338; x_wconf 77' lang='grc' dir='ltr'>ὀνόματος</span> <span class='ocrx_word' id='word_1_85' title='bbox 888 1263 1066 1340; x_wconf 81' lang='grc' dir='ltr'>δηλουμένων</span> <span class='ocrx_word' id='word_1_86' title='bbox 1080 1283 1104 1321; x_wconf 92' lang='grc' dir='ltr'>τι</span> <span class='ocrx_word' id='word_1_87' title='bbox 1119 1260 1166 1322; x_wconf 89' lang='grc' dir='ltr'>καί</span> <span class='ocrx_word' id='word_1_88' title='bbox 1185 1264 1405 1342; x_wconf 81' lang='grc' dir='ltr'>περιεχομένων·</span> 
     </span>
     <span class='ocr_line' id='line_1_9' title="bbox 96 1382 1405 1466; baseline 0.002 -24"><span class='ocrx_word' id='word_1_89' title='bbox 96 1384 223 1464; x_wconf 85' lang='grc' dir='ltr'>ἐπείπερ</span> <span class='ocrx_word' id='word_1_90' title='bbox 247 1382 286 1454; x_wconf 81' lang='grc' dir='ltr'>εἰς</span> <span class='ocrx_word' id='word_1_91' title='bbox 307 1385 356 1458; x_wconf 83' lang='grc' dir='ltr'>τὴν</span> <span class='ocrx_word' id='word_1_92' title='bbox 386 1385 484 1444; x_wconf 88' lang='grc' dir='ltr'>τούτων</span> <span class='ocrx_word' id='word_1_93' title='bbox 516 1385 642 1444; x_wconf 81' lang='grc' dir='ltr'>ἁπάντων</span> <span class='ocrx_word' id='word_1_94' title='bbox 672 1384 817 1459; x_wconf 82' lang='grc' dir='ltr'>βεβαίωσιν</span> <span class='ocrx_word' id='word_1_95' title='bbox 840 1383 887 1444; x_wconf 91' lang='grc' dir='ltr'>καὶ</span> <span class='ocrx_word' id='word_1_96' title='bbox 910 1385 1059 1462; x_wconf 71' lang='grc' dir='ltr'>ἀσφάλειαν</span> <span class='ocrx_word' id='word_1_97' title='bbox 1082 1383 1129 1444; x_wconf 85' lang='grc' dir='ltr'>καί</span> <span class='ocrx_word' id='word_1_98' title='bbox 1151 1385 1166 1442; x_wconf 76' lang='grc' dir='ltr'><em>ὸ</em></span> <span class='ocrx_word' id='word_1_99' title='bbox 1187 1385 1282 1466; x_wconf 86' lang='grc' dir='ltr'>παρὼν</span> <span class='ocrx_word' id='word_1_100' title='bbox 1304 1387 1405 1466; x_wconf 77' lang='grc' dir='ltr'>χρυσὸ-</span> 
     </span>
     <span class='ocr_line' id='line_1_10' title="bbox 96 1505 1405 1586; baseline 0 -20"><span class='ocrx_word' id='word_1_101' title='bbox 96 1506 232 1578; x_wconf 81' lang='grc' dir='ltr'>βουλλος</span> <span class='ocrx_word' id='word_1_102' title='bbox 262 1506 349 1585; x_wconf 73' lang='grc' dir='ltr'>λύγος</span> <span class='ocrx_word' id='word_1_103' title='bbox 369 1511 419 1581; x_wconf 82' lang='grc' dir='ltr'>τῆς</span> <span class='ocrx_word' id='word_1_104' title='bbox 449 1505 591 1580; x_wconf 81' lang='grc' dir='ltr'>βασιλείας</span> <span class='ocrx_word' id='word_1_105' title='bbox 615 1527 666 1580; x_wconf 90' lang='grc' dir='ltr'>μου</span> <span class='ocrx_word' id='word_1_106' title='bbox 697 1506 891 1586; x_wconf 81' lang='grc' dir='ltr'>ἑπεχορηγῆθη</span> <span class='ocrx_word' id='word_1_107' title='bbox 914 1505 960 1566; x_wconf 88' lang='grc' dir='ltr'>καί</span> <span class='ocrx_word' id='word_1_108' title='bbox 985 1506 1168 1586; x_wconf 77' lang='grc' dir='ltr'>ἑπιβραβεύθη</span> <span class='ocrx_word' id='word_1_109' title='bbox 1193 1509 1247 1578; x_wconf 82' lang='grc' dir='ltr'>τοῖς</span> <span class='ocrx_word' id='word_1_110' title='bbox 1277 1507 1405 1577; x_wconf 80' lang='grc' dir='ltr'>τοιούτοις</span> 
     </span>
     <span class='ocr_line' id='line_1_11' title="bbox 97 1626 1405 1709; baseline 0.001 -22"><span class='ocrx_word' id='word_1_111' title='bbox 97 1631 225 1709; x_wconf 78' lang='grc' dir='ltr'>πατράσι</span> <span class='ocrx_word' id='word_1_112' title='bbox 246 1628 294 1688; x_wconf 88' lang='grc' dir='ltr'>καί</span> <span class='ocrx_word' id='word_1_113' title='bbox 315 1631 372 1700; x_wconf 83' lang='grc' dir='ltr'>τοῖς</span> <span class='ocrx_word' id='word_1_114' title='bbox 393 1629 455 1688; x_wconf 86' lang='grc' dir='ltr'>καθ’</span> <span class='ocrx_word' id='word_1_115' title='bbox 473 1626 537 1704; x_wconf 80' lang='grc' dir='ltr'>ἑξῆς</span> <span class='ocrx_word' id='word_1_116' title='bbox 559 1631 770 1708; x_wconf 78' lang='grc' dir='ltr'>γενησομένοις,</span> <span class='ocrx_word' id='word_1_117' title='bbox 801 1627 948 1700; x_wconf 85' lang='grc' dir='ltr'>ἀπολυθείς</span> <span class='ocrx_word' id='word_1_118' title='bbox 969 1629 1053 1688; x_wconf 78' lang='grc' dir='ltr'>κατὰ</span> <span class='ocrx_word' id='word_1_119' title='bbox 1076 1635 1163 1704; x_wconf 83' lang='grc' dir='ltr'>μῆνα</span> <span class='ocrx_word' id='word_1_120' title='bbox 1185 1627 1326 1705; x_wconf 75' lang='grc' dir='ltr'>ίσύλιον,</span> <span class='ocrx_word' id='word_1_121' title='bbox 1360 1626 1405 1688; x_wconf 88' lang='grc' dir='ltr'>ἰν-</span> 
     </span>
    </p>
   </div>
   <div class='ocr_carea' id='block_1_5' title="bbox 99 1749 939 1832">
    <p class='ocr_par' dir='ltr' id='par_1_5' title="bbox 99 1749 939 1832">
     <span class='ocr_line' id='line_1_12' title="bbox 99 1749 939 1832; baseline 0.001 -22"><span class='ocrx_word' id='word_1_122' title='bbox 99 1751 287 1822; x_wconf 74' lang='grc' dir='ltr'>δικτιῶνος</span> <span class='ocrx_word' id='word_1_123' title='bbox 310 1749 344 1830; x_wconf 73' lang='grc' dir='ltr'>δ’,</span> <span class='ocrx_word' id='word_1_124' title='bbox 369 1752 436 1810; x_wconf 82' lang='grc' dir='ltr'>ἔτει</span> <span class='ocrx_word' id='word_1_125' title='bbox 458 1751 520 1810; x_wconf 79' lang='grc' dir='ltr'>ἀπο</span> <span class='ocrx_word' id='word_1_126' title='bbox 543 1751 768 1830; x_wconf 89' lang='grc' dir='ltr'>κοσμογονίας</span> <span class='ocrx_word' id='word_1_127' title='bbox 792 1750 897 1832; x_wconf 53' lang='grc' dir='ltr'>,ςωῑιά</span> <span class='ocrx_word' id='word_1_128' title='bbox 915 1755 939 1828; x_wconf 71' lang='grc' dir='ltr'>ί.</span> 
     </span>
    </p>
   </div>
   <div class='ocr_carea' id='block_1_6' title="bbox 213 1866 1413 1952">
    <p class='ocr_par' dir='ltr' id='par_1_6' title="bbox 213 1866 1413 1952">
     <span class='ocr_line' id='line_1_13' title="bbox 213 1866 1413 1952; baseline 0 -20"><span class='ocrx_word' id='word_1_129' title='bbox 213 1877 229 1948; x_wconf 93' lang='lat'>†</span> <span class='ocrx_word' id='word_1_130' title='bbox 246 1869 346 1932; x_wconf 89' lang='grc' dir='ltr'>Ἦσαν</span> <span class='ocrx_word' id='word_1_131' title='bbox 363 1873 397 1932; x_wconf 75' lang='grc' dir='ltr'>δὲ</span> <span class='ocrx_word' id='word_1_132' title='bbox 414 1877 641 1952; x_wconf 76' lang='grc' dir='ltr'>συμπαρέντες</span> <span class='ocrx_word' id='word_1_133' title='bbox 656 1866 711 1932; x_wconf 85' lang='grc' dir='ltr'>καὶ</span> <span class='ocrx_word' id='word_1_134' title='bbox 727 1873 757 1937; x_wconf 81' lang='grc' dir='ltr'>σί</span> <span class='ocrx_word' id='word_1_135' title='bbox 772 1873 927 1944; x_wconf 73' lang='grc' dir='ltr'>δούκιδες</span> <span class='ocrx_word' id='word_1_136' title='bbox 941 1871 997 1933; x_wconf 90' lang='grc' dir='ltr'>καί</span> <span class='ocrx_word' id='word_1_137' title='bbox 1012 1871 1122 1952; x_wconf 88' lang='grc' dir='ltr'>κριταί</span> <span class='ocrx_word' id='word_1_138' title='bbox 1137 1878 1194 1948; x_wconf 87' lang='grc' dir='ltr'>τῆς</span> <span class='ocrx_word' id='word_1_139' title='bbox 1217 1873 1413 1932; x_wconf 81' lang='grc' dir='ltr'>θεοοώοτου.</span> 
     </span>
    </p>
   </div>
   <div class='ocr_carea' id='block_1_7' title="bbox 100 1993 1408 4760">
    <p class='ocr_par' dir='ltr' id='par_1_7' title="bbox 100 1993 920 2075">
     <span class='ocr_line' id='line_1_14' title="bbox 100 1993 920 2075; baseline 0.004 -23"><span class='ocrx_word' id='word_1_140' title='bbox 100 1993 165 2054; x_wconf 85' lang='grc' dir='ltr'>καί</span> <span class='ocrx_word' id='word_1_141' title='bbox 189 1997 451 2074; x_wconf 79' lang='grc' dir='ltr'>θεοουντηρήτου</span> <span class='ocrx_word' id='word_1_142' title='bbox 473 1995 606 2066; x_wconf 80' lang='grc' dir='ltr'>πόλεως</span> <span class='ocrx_word' id='word_1_143' title='bbox 628 1997 880 2075; x_wconf 79' lang='grc' dir='ltr'>Τραπεζοῦντος</span> <span class='ocrx_word' id='word_1_144' title='bbox 895 2000 920 2072; x_wconf 84' lang='lat'>†.</span> 
     </span>
    </p>

    <p class='ocr_par' dir='ltr' id='par_1_8' title="bbox 105 2105 1405 2320">
     <span class='ocr_line' id='line_1_15' title="bbox 214 2105 1405 2198; baseline -0.001 -22"><span class='ocrx_word' id='word_1_145' title='bbox 214 2118 281 2194; x_wconf 80' lang='lat'>†‘0</span> <span class='ocrx_word' id='word_1_146' title='bbox 305 2121 411 2196; x_wconf 88' lang='grc' dir='ltr'>μέγας</span> <span class='ocrx_word' id='word_1_147' title='bbox 434 2119 684 2188; x_wconf 77' lang='grc' dir='ltr'>κοντέσταυλος</span> <span class='ocrx_word' id='word_1_148' title='bbox 706 2115 762 2177; x_wconf 86' lang='grc' dir='ltr'>καί</span> <span class='ocrx_word' id='word_1_149' title='bbox 777 2117 908 2198; x_wconf 80' lang='grc' dir='ltr'>κεφαλὴ</span> <span class='ocrx_word' id='word_1_150' title='bbox 925 2105 980 2178; x_wconf 81' lang='grc' dir='ltr'>τού</span> <span class='ocrx_word' id='word_1_151' title='bbox 997 2118 1077 2178; x_wconf 76' lang='grc' dir='ltr'>ὅλου</span> <span class='ocrx_word' id='word_1_152' title='bbox 1094 2117 1236 2192; x_wconf 73' lang='grc' dir='ltr'>βάνδσυς</span> <span class='ocrx_word' id='word_1_153' title='bbox 1254 2119 1405 2187; x_wconf 83' lang='grc' dir='ltr'>Ματζου-</span> 
     </span>
     <span class='ocr_line' id='line_1_16' title="bbox 105 2240 800 2320; baseline 0 -22"><span class='ocrx_word' id='word_1_154' title='bbox 105 2242 211 2320; x_wconf 74' lang='grc' dir='ltr'>κάων,</span> <span class='ocrx_word' id='word_1_155' title='bbox 236 2241 489 2311; x_wconf 84' lang='grc' dir='ltr'>Κωνοταντίνσς</span> <span class='ocrx_word' id='word_1_156' title='bbox 511 2241 526 2298; x_wconf 78' lang='grc' dir='ltr'>ὁ</span> <span class='ocrx_word' id='word_1_157' title='bbox 549 2240 800 2316; x_wconf 66' lang='grc' dir='ltr'>Τζανιχῆτηςῆ.</span> 
     </span>
    </p>

    <p class='ocr_par' dir='ltr' id='par_1_9' title="bbox 217 2360 1287 2440">
     <span class='ocr_line' id='line_1_17' title="bbox 217 2360 1287 2440; baseline 0.002 -20"><span class='ocrx_word' id='word_1_158' title='bbox 217 2361 284 2437; x_wconf 84' lang='lat'>†‘0</span> <span class='ocrx_word' id='word_1_159' title='bbox 307 2367 408 2432; x_wconf 83' lang='grc' dir='ltr'>τατάς</span> <span class='ocrx_word' id='word_1_160' title='bbox 429 2367 487 2438; x_wconf 91' lang='grc' dir='ltr'>τῆς</span> <span class='ocrx_word' id='word_1_161' title='bbox 511 2360 692 2436; x_wconf 77' lang='grc' dir='ltr'>βασιλικῆς</span> <span class='ocrx_word' id='word_1_162' title='bbox 716 2361 822 2438; x_wconf 87' lang='grc' dir='ltr'>αῐιλῆς</span> <span class='ocrx_word' id='word_1_163' title='bbox 845 2360 1022 2440; x_wconf 74' lang='grc' dir='ltr'>Θεόδωρος</span> <span class='ocrx_word' id='word_1_164' title='bbox 1044 2363 1058 2420; x_wconf 80' lang='grc' dir='ltr'>ὁ</span> <span class='ocrx_word' id='word_1_165' title='bbox 1081 2361 1287 2438; x_wconf 68' lang='grc' dir='ltr'>Εύνούχοςγ.</span> 
     </span>
    </p>

    <p class='ocr_par' dir='ltr' id='par_1_10' title="bbox 105 2480 1405 2690">
     <span class='ocr_line' id='line_1_18' title="bbox 214 2480 1405 2563; baseline -0.001 -21"><span class='ocrx_word' id='word_1_166' title='bbox 214 2485 281 2560; x_wconf 78' lang='grc' dir='ltr'>’γὈ</span> <span class='ocrx_word' id='word_1_167' title='bbox 306 2481 382 2554; x_wconf 54' lang='lat' dir='ltr'>sobi,</span> <span class='ocrx_word' id='word_1_168' title='bbox 404 2481 459 2543; x_wconf 90' lang='grc' dir='ltr'>καὶ</span> <span class='ocrx_word' id='word_1_169' title='bbox 486 2483 618 2563; x_wconf 79' lang='grc' dir='ltr'>κεφαλὴ</span> <span class='ocrx_word' id='word_1_170' title='bbox 640 2487 696 2542; x_wconf 85' lang='grc' dir='ltr'>τού</span> <span class='ocrx_word' id='word_1_171' title='bbox 720 2482 799 2543; x_wconf 82' lang='grc' dir='ltr'>ὅλου</span> <span class='ocrx_word' id='word_1_172' title='bbox 823 2483 946 2557; x_wconf 84' lang='grc' dir='ltr'>βάνδου</span> <span class='ocrx_word' id='word_1_173' title='bbox 969 2484 1237 2562; x_wconf 83' lang='grc' dir='ltr'>Τραπεζούντων</span> <span class='ocrx_word' id='word_1_174' title='bbox 1254 2480 1311 2542; x_wconf 87' lang='grc' dir='ltr'>καί</span> <span class='ocrx_word' id='word_1_175' title='bbox 1335 2482 1405 2542; x_wconf 87' lang='grc' dir='ltr'>ἑπι-</span> 
     </span>
     <span class='ocr_line' id='line_1_19' title="bbox 105 2601 747 2690; baseline -0.003 -24"><span class='ocrx_word' id='word_1_176' title='bbox 105 2609 264 2686; x_wconf 87' lang='grc' dir='ltr'>κέρνικος</span> <span class='ocrx_word' id='word_1_177' title='bbox 287 2607 457 2686; x_wconf 85' lang='grc' dir='ltr'>Γεώργιος</span> <span class='ocrx_word' id='word_1_178' title='bbox 479 2606 494 2664; x_wconf 77' lang='grc' dir='ltr'>ὁ</span> <span class='ocrx_word' id='word_1_179' title='bbox 516 2601 706 2690; x_wconf 73' lang='grc' dir='ltr'>&gt;.’.ιμοίτ[ης].&gt;</span> <span class='ocrx_word' id='word_1_180' title='bbox 722 2611 747 2682; x_wconf 84' lang='lat'>†.</span> 
     </span>
    </p>

    <p class='ocr_par' dir='ltr' id='par_1_11' title="bbox 212 2725 1278 2806">
     <span class='ocr_line' id='line_1_20' title="bbox 212 2725 1278 2806; baseline -0.003 -20"><span class='ocrx_word' id='word_1_181' title='bbox 212 2729 279 2804; x_wconf 77' lang='lat'>†‘0</span> <span class='ocrx_word' id='word_1_182' title='bbox 304 2731 410 2806; x_wconf 80' lang='grc' dir='ltr'>μέγας</span> <span class='ocrx_word' id='word_1_183' title='bbox 433 2725 641 2806; x_wconf 82' lang='grc' dir='ltr'>σκευορύλαξ</span> <span class='ocrx_word' id='word_1_184' title='bbox 663 2728 912 2798; x_wconf 82' lang='grc' dir='ltr'>Κωνσταντῖνος</span> <span class='ocrx_word' id='word_1_185' title='bbox 935 2730 950 2785; x_wconf 81' lang='grc' dir='ltr'>ὁ</span> <span class='ocrx_word' id='word_1_186' title='bbox 973 2727 1238 2806; x_wconf 83' lang='grc' dir='ltr'>Λαζαρόπουλος</span> <span class='ocrx_word' id='word_1_187' title='bbox 1254 2730 1278 2802; x_wconf 71' lang='grc' dir='ltr'>γ.</span> 
     </span>
    </p>

    <p class='ocr_par' dir='ltr' id='par_1_12' title="bbox 211 2847 1403 2930">
     <span class='ocr_line' id='line_1_21' title="bbox 211 2847 1403 2930; baseline -0.002 -22"><span class='ocrx_word' id='word_1_188' title='bbox 211 2851 431 2930; x_wconf 73' lang='grc' dir='ltr'>γὈγραρεύς</span> <span class='ocrx_word' id='word_1_189' title='bbox 445 2855 508 2908; x_wconf 87' lang='grc' dir='ltr'>τῶν</span> <span class='ocrx_word' id='word_1_190' title='bbox 525 2850 709 2924; x_wconf 77' lang='grc' dir='ltr'>βασιλικῶν</span> <span class='ocrx_word' id='word_1_191' title='bbox 725 2853 989 2930; x_wconf 80' lang='grc' dir='ltr'>προσταγμάτων</span> <span class='ocrx_word' id='word_1_192' title='bbox 1002 2849 1171 2923; x_wconf 71' lang='grc' dir='ltr'>Σεβαστὸς</span> <span class='ocrx_word' id='word_1_193' title='bbox 1188 2847 1403 2924; x_wconf 70' lang='grc' dir='ltr'>ύῘΙηλινσίςγ.</span> 
     </span>
    </p>

    <p class='ocr_par' dir='ltr' id='par_1_13' title="bbox 212 2969 1339 3052">
     <span class='ocr_line' id='line_1_22' title="bbox 212 2969 1339 3052; baseline -0.003 -21"><span class='ocrx_word' id='word_1_194' title='bbox 212 2972 450 3052; x_wconf 69' lang='grc' dir='ltr'>ῆἈνδρονικος</span> <span class='ocrx_word' id='word_1_195' title='bbox 473 2972 487 3028; x_wconf 83' lang='grc' dir='ltr'>ὁ</span> <span class='ocrx_word' id='word_1_196' title='bbox 510 2971 735 3052; x_wconf 86' lang='grc' dir='ltr'>πολεμάρχης</span> <span class='ocrx_word' id='word_1_197' title='bbox 757 2969 812 3031; x_wconf 89' lang='grc' dir='ltr'>καί</span> <span class='ocrx_word' id='word_1_198' title='bbox 836 2971 1013 3050; x_wconf 78' lang='grc' dir='ltr'>Θεόδωρος</span> <span class='ocrx_word' id='word_1_199' title='bbox 1035 2972 1048 3028; x_wconf 76' lang='grc' dir='ltr'>ύ</span> <span class='ocrx_word' id='word_1_200' title='bbox 1071 2971 1339 3049; x_wconf 68' lang='grc' dir='ltr'>πολεμάρχηςῆ.</span> 
     </span>
    </p>

    <p class='ocr_par' dir='ltr' id='par_1_14' title="bbox 108 3090 1404 3297">
     <span class='ocr_line' id='line_1_23' title="bbox 211 3090 1404 3178; baseline -0.004 -26"><span class='ocrx_word' id='word_1_201' title='bbox 211 3095 279 3172; x_wconf 70' lang='lat'>†‘0</span> <span class='ocrx_word' id='word_1_202' title='bbox 303 3096 410 3172; x_wconf 84' lang='grc' dir='ltr'>μέγας</span> <span class='ocrx_word' id='word_1_203' title='bbox 432 3093 647 3174; x_wconf 87' lang='grc' dir='ltr'>πριμικύριος</span> <span class='ocrx_word' id='word_1_204' title='bbox 671 3093 851 3174; x_wconf 78' lang='grc' dir='ltr'>Θεόδωρος</span> <span class='ocrx_word' id='word_1_205' title='bbox 874 3094 887 3152; x_wconf 71' lang='grc' dir='ltr'>ὁ</span> <span class='ocrx_word' id='word_1_206' title='bbox 910 3093 1028 3164; x_wconf 75' lang='grc' dir='ltr'>Ψελσς</span> <span class='ocrx_word' id='word_1_207' title='bbox 1056 3091 1110 3151; x_wconf 91' lang='grc' dir='ltr'>καί</span> <span class='ocrx_word' id='word_1_208' title='bbox 1127 3093 1286 3178; x_wconf 81' lang='grc' dir='ltr'>Ἰωάννης</span> <span class='ocrx_word' id='word_1_209' title='bbox 1310 3090 1404 3148; x_wconf 61' lang='lat' dir='ltr'><strong>§llu-</strong></span> 
     </span>
     <span class='ocr_line' id='line_1_24' title="bbox 108 3215 288 3297; baseline 0.006 -6"><span class='ocrx_word' id='word_1_210' title='bbox 108 3215 288 3297; x_wconf 73' lang='grc' dir='ltr'>ξανίτηςί·</span> 
     </span>
    </p>

    <p class='ocr_par' dir='ltr' id='par_1_15' title="bbox 211 3337 789 3417">
     <span class='ocr_line' id='line_1_25' title="bbox 211 3337 789 3417; baseline -0.002 -20"><span class='ocrx_word' id='word_1_211' title='bbox 211 3339 498 3414; x_wconf 78' lang='grc' dir='ltr'>’[Κωνοταντῑνος</span> <span class='ocrx_word' id='word_1_212' title='bbox 521 3339 534 3395; x_wconf 79' lang='grc' dir='ltr'>ά</span> <span class='ocrx_word' id='word_1_213' title='bbox 558 3337 749 3417; x_wconf 86' lang='grc' dir='ltr'>Κυριμέρης</span> <span class='ocrx_word' id='word_1_214' title='bbox 765 3342 789 3412; x_wconf 68' lang='grc' dir='ltr'>ί.</span> 
     </span>
    </p>

    <p class='ocr_par' dir='ltr' id='par_1_16' title="bbox 109 3456 1405 3660">
     <span class='ocr_line' id='line_1_26' title="bbox 211 3456 1405 3538; baseline -0.003 -20"><span class='ocrx_word' id='word_1_215' title='bbox 211 3461 278 3536; x_wconf 91' lang='lat' dir='ltr'>†‘O</span> <span class='ocrx_word' id='word_1_216' title='bbox 295 3461 415 3532; x_wconf 74' lang='grc' dir='ltr'>δοῦλος</span> <span class='ocrx_word' id='word_1_217' title='bbox 437 3465 492 3520; x_wconf 84' lang='grc' dir='ltr'>τού</span> <span class='ocrx_word' id='word_1_218' title='bbox 515 3459 612 3538; x_wconf 89' lang='grc' dir='ltr'>σίγίου</span> <span class='ocrx_word' id='word_1_219' title='bbox 631 3459 723 3534; x_wconf 82' lang='grc' dir='ltr'>ἡμῶν</span> <span class='ocrx_word' id='word_1_220' title='bbox 740 3461 897 3519; x_wconf 82' lang='grc' dir='ltr'>αύθέντου</span> <span class='ocrx_word' id='word_1_221' title='bbox 913 3459 968 3518; x_wconf 87' lang='grc' dir='ltr'>καί</span> <span class='ocrx_word' id='word_1_222' title='bbox 984 3459 1153 3533; x_wconf 86' lang='grc' dir='ltr'>βασιλέως</span> <span class='ocrx_word' id='word_1_223' title='bbox 1168 3461 1223 3517; x_wconf 88' lang='grc' dir='ltr'>τού</span> <span class='ocrx_word' id='word_1_224' title='bbox 1239 3456 1405 3534; x_wconf 86' lang='grc' dir='ltr'>Μεγάλου</span> 
     </span>
     <span class='ocr_line' id='line_1_27' title="bbox 109 3582 774 3660; baseline 0 -18"><span class='ocrx_word' id='word_1_225' title='bbox 109 3585 286 3658; x_wconf 78' lang='grc' dir='ltr'>Κομνηνού</span> <span class='ocrx_word' id='word_1_226' title='bbox 309 3583 456 3654; x_wconf 88' lang='grc' dir='ltr'>Νικέτας</span> <span class='ocrx_word' id='word_1_227' title='bbox 479 3585 493 3642; x_wconf 78' lang='grc' dir='ltr'>ὁ</span> <span class='ocrx_word' id='word_1_228' title='bbox 518 3582 733 3660; x_wconf 83' lang='grc' dir='ltr'>Παμρλάγων</span> <span class='ocrx_word' id='word_1_229' title='bbox 750 3585 774 3657; x_wconf 80' lang='lat'>†.</span> 
     </span>
    </p>

    <p class='ocr_par' dir='ltr' id='par_1_17' title="bbox 110 3700 1405 3904">
     <span class='ocr_line' id='line_1_28' title="bbox 211 3700 1405 3783; baseline -0.004 -19"><span class='ocrx_word' id='word_1_230' title='bbox 211 3704 277 3779; x_wconf 80' lang='lat'>†‘0</span> <span class='ocrx_word' id='word_1_231' title='bbox 295 3704 416 3776; x_wconf 78' lang='grc' dir='ltr'>δοῦλος</span> <span class='ocrx_word' id='word_1_232' title='bbox 438 3708 492 3763; x_wconf 87' lang='grc' dir='ltr'>τού</span> <span class='ocrx_word' id='word_1_233' title='bbox 516 3704 610 3783; x_wconf 87' lang='grc' dir='ltr'>ἁγίου</span> <span class='ocrx_word' id='word_1_234' title='bbox 630 3705 722 3778; x_wconf 80' lang='grc' dir='ltr'>ἡμῶν</span> <span class='ocrx_word' id='word_1_235' title='bbox 739 3703 897 3764; x_wconf 86' lang='grc' dir='ltr'>αίιθέντου</span> <span class='ocrx_word' id='word_1_236' title='bbox 912 3701 968 3762; x_wconf 87' lang='grc' dir='ltr'>καί</span> <span class='ocrx_word' id='word_1_237' title='bbox 985 3702 1153 3776; x_wconf 86' lang='grc' dir='ltr'>βασιλέως</span> <span class='ocrx_word' id='word_1_238' title='bbox 1168 3705 1222 3761; x_wconf 80' lang='grc' dir='ltr'>τού</span> <span class='ocrx_word' id='word_1_239' title='bbox 1243 3700 1405 3778; x_wconf 90' lang='grc' dir='ltr'>Μεγάλου</span> 
     </span>
     <span class='ocr_line' id='line_1_29' title="bbox 110 3825 731 3904; baseline -0.002 -19"><span class='ocrx_word' id='word_1_240' title='bbox 110 3828 284 3902; x_wconf 85' lang='grc' dir='ltr'>Κομνηνού</span> <span class='ocrx_word' id='word_1_241' title='bbox 310 3827 450 3903; x_wconf 83' lang='grc' dir='ltr'>Μιχαὴλ</span> <span class='ocrx_word' id='word_1_242' title='bbox 473 3827 487 3883; x_wconf 84' lang='grc' dir='ltr'>ὁ</span> <span class='ocrx_word' id='word_1_243' title='bbox 511 3825 691 3904; x_wconf 84' lang='grc' dir='ltr'>Μαρουλάς</span> <span class='ocrx_word' id='word_1_244' title='bbox 707 3831 731 3902; x_wconf 90' lang='lat'>†.</span> 
     </span>
    </p>

    <p class='ocr_par' dir='ltr' id='par_1_18' title="bbox 110 3945 1408 4760">
     <span class='ocr_line' id='line_1_30' title="bbox 212 3945 1408 4028; baseline -0.004 -19"><span class='ocrx_word' id='word_1_245' title='bbox 212 3955 299 4009; x_wconf 75' lang='grc' dir='ltr'>Εττον</span> <span class='ocrx_word' id='word_1_246' title='bbox 329 3956 357 4007; x_wconf 80' lang='lat' dir='ltr'>in</span> <span class='ocrx_word' id='word_1_247' title='bbox 387 3955 543 4009; x_wconf 77' lang='lat' dir='ltr'><em>indictione:</em></span> <span class='ocrx_word' id='word_1_248' title='bbox 581 3956 682 4025; x_wconf 73' lang='lat' dir='ltr'><em>corriye</em></span> <span class='ocrx_word' id='word_1_249' title='bbox 711 3945 746 4028; x_wconf 74' lang='grc' dir='ltr'>θ’,</span> <span class='ocrx_word' id='word_1_250' title='bbox 777 3955 807 4006; x_wconf 80' lang='lat' dir='ltr'>id</span> <span class='ocrx_word' id='word_1_251' title='bbox 836 3960 874 4022; x_wconf 70' lang='grc' dir='ltr'>τινίΙ</span> <span class='ocrx_word' id='word_1_252' title='bbox 905 3953 959 4007; x_wconf 85' lang='grc' dir='ltr'>ΙΧ.</span> <span class='ocrx_word' id='word_1_253' title='bbox 1005 3953 1217 4021; x_wconf 72' lang='grc' dir='ltr'>Βενονίρίίοτιοιη</span> <span class='ocrx_word' id='word_1_254' title='bbox 1250 3953 1408 4006; x_wconf 71' lang='lat' dir='ltr'><em>monasterii</em></span> 
     </span>
     <span class='ocr_line' id='line_1_31' title="bbox 110 4075 1403 4147; baseline -0.002 -17"><span class='ocrx_word' id='word_1_255' title='bbox 110 4079 168 4130; x_wconf 84' lang='lat' dir='ltr'><em>vide</em></span> <span class='ocrx_word' id='word_1_256' title='bbox 191 4078 267 4147; x_wconf 79' lang='lat' dir='ltr'><strong><em>apud</em></strong></span> <span class='ocrx_word' id='word_1_257' title='bbox 283 4077 382 4130; x_wconf 80' lang='grc' dir='ltr'>Ρίιύοα</span> <span class='ocrx_word' id='word_1_258' title='bbox 404 4077 436 4130; x_wconf 84' lang='lat' dir='ltr'>de</span> <span class='ocrx_word' id='word_1_259' title='bbox 457 4075 626 4146; x_wconf 75' lang='lat' dir='ltr'><em>Toumesort,</em></span> <span class='ocrx_word' id='word_1_260' title='bbox 653 4077 779 4130; x_wconf 78' lang='lat' dir='ltr'><em>Relaiicm</em></span> <span class='ocrx_word' id='word_1_261' title='bbox 801 4076 868 4128; x_wconf 82' lang='grc' dir='ltr'>ιίάιν</span> <span class='ocrx_word' id='word_1_262' title='bbox 891 4094 991 4147; x_wconf 78' lang='grc' dir='ltr'>υομορσ</span> <span class='ocrx_word' id='word_1_263' title='bbox 1015 4093 1046 4129; x_wconf 79' lang='grc' dir='ltr'>οη</span> <span class='ocrx_word' id='word_1_264' title='bbox 1065 4075 1180 4128; x_wconf 65' lang='lat' dir='ltr'><em>Levant.</em></span> <span class='ocrx_word' id='word_1_265' title='bbox 1205 4075 1403 4142; x_wconf 75' lang='lat' dir='ltr'><em>Lyon.1727.</em></span> 
     </span>
     <span class='ocr_line' id='line_1_32' title="bbox 112 4159 1404 4268; baseline -0.002 -16"><span class='ocrx_word' id='word_1_266' title='bbox 112 4201 159 4253; x_wconf 67' lang='lat' dir='ltr'><em>voi.</em></span> <span class='ocrx_word' id='word_1_267' title='bbox 178 4200 236 4252; x_wconf 75' lang='grc' dir='ltr'>ΠΙ.</span> <span class='ocrx_word' id='word_1_268' title='bbox 274 4200 365 4252; x_wconf 57' lang='lat' dir='ltr'><em>Licere</em></span> <span class='ocrx_word' id='word_1_269' title='bbox 389 4199 489 4252; x_wconf 77' lang='lat' dir='ltr'><em>XVII.</em></span> <span class='ocrx_word' id='word_1_270' title='bbox 502 4217 534 4267; x_wconf 77' lang='lat' dir='ltr'>p.</span> <span class='ocrx_word' id='word_1_271' title='bbox 555 4201 689 4252; x_wconf 81' lang='lat'><strong><em>83—-84,</em></strong></span> <span class='ocrx_word' id='word_1_272' title='bbox 740 4159 874 4268; x_wconf 56' lang='lat' dir='ltr'><em>vmsp.</em></span> <span class='ocrx_word' id='word_1_273' title='bbox 893 4199 964 4252; x_wconf 67' lang='grc' dir='ltr'>τοι.</span> <span class='ocrx_word' id='word_1_274' title='bbox 995 4199 1163 4268; x_wconf 50' lang='grc' dir='ltr'>σταμίνεσσι</span> <span class='ocrx_word' id='word_1_275' title='bbox 1184 4197 1241 4250; x_wconf 65' lang='grc' dir='ltr'>σοι.</span> <span class='ocrx_word' id='word_1_276' title='bbox 1258 4197 1322 4249; x_wconf 71' lang='grc' dir='ltr'>ουτω</span> <span class='ocrx_word' id='word_1_277' title='bbox 1339 4213 1404 4265; x_wconf 71' lang='lat' dir='ltr'><strong><em>pro-</em></strong></span> 
     </span>
     <span class='ocr_line' id='line_1_33' title="bbox 112 4303 1405 4391; baseline -0.003 -16"><span class='ocrx_word' id='word_1_278' title='bbox 112 4323 207 4375; x_wconf 71' lang='lat' dir='ltr'><em>tulerat</em></span> <span class='ocrx_word' id='word_1_279' title='bbox 230 4321 329 4374; x_wconf 82' lang='lat' dir='ltr'><em>Boivin</em></span> <span class='ocrx_word' id='word_1_280' title='bbox 352 4323 390 4374; x_wconf 81' lang='lat' dir='ltr'>ad</span> <span class='ocrx_word' id='word_1_281' title='bbox 412 4321 472 4374; x_wconf 83' lang='lat' dir='ltr'><em>Nic.</em></span> <span class='ocrx_word' id='word_1_282' title='bbox 494 4320 607 4391; x_wconf 68' lang='grc' dir='ltr'>(ἕτερον.</span> <span class='ocrx_word' id='word_1_283' title='bbox 636 4320 692 4375; x_wconf 88' lang='lat' dir='ltr'>IV.</span> <span class='ocrx_word' id='word_1_284' title='bbox 712 4323 738 4389; x_wconf 84' lang='lat'>8,</span> <span class='ocrx_word' id='word_1_285' title='bbox 764 4321 804 4374; x_wconf 83' lang='lat' dir='ltr'>ed.</span> <span class='ocrx_word' id='word_1_286' title='bbox 822 4321 887 4374; x_wconf 85' lang='lat' dir='ltr'><em>Par.</em></span> <span class='ocrx_word' id='word_1_287' title='bbox 903 4339 935 4390; x_wconf 82' lang='lat' dir='ltr'>p.</span> <span class='ocrx_word' id='word_1_288' title='bbox 957 4323 1025 4374; x_wconf 82' lang='lat'><strong><em>751.</em></strong></span> <span class='ocrx_word' id='word_1_289' title='bbox 1049 4303 1217 4373; x_wconf 76' lang='grc' dir='ltr'>Βοίιοοηαάα</span> <span class='ocrx_word' id='word_1_290' title='bbox 1240 4323 1351 4371; x_wconf 75' lang='lat' dir='ltr'><strong><em>montem</em></strong></span> <span class='ocrx_word' id='word_1_291' title='bbox 1376 4318 1405 4372; x_wconf 83' lang='grc' dir='ltr'>ιἰι</span> 
     </span>
     <span class='ocr_line' id='line_1_34' title="bbox 112 4435 1404 4512; baseline -0.005 -15"><span class='ocrx_word' id='word_1_292' title='bbox 112 4443 220 4512; x_wconf 76' lang='lat' dir='ltr'><em>confinio</em></span> <span class='ocrx_word' id='word_1_293' title='bbox 240 4445 368 4512; x_wconf 72' lang='lat' dir='ltr'><em>Byzantii</em></span> <span class='ocrx_word' id='word_1_294' title='bbox 390 4445 427 4496; x_wconf 82' lang='lat' dir='ltr'>ad</span> <span class='ocrx_word' id='word_1_295' title='bbox 449 4445 574 4496; x_wconf 72' lang='lat' dir='ltr'><em>orientem</em></span> <span class='ocrx_word' id='word_1_296' title='bbox 596 4445 678 4496; x_wconf 69' lang='lat' dir='ltr'><em>situm</em></span> <span class='ocrx_word' id='word_1_297' title='bbox 700 4461 755 4496; x_wconf 75' lang='grc' dir='ltr'>εσσε</span> <span class='ocrx_word' id='word_1_298' title='bbox 778 4444 851 4497; x_wconf 76' lang='lat' dir='ltr'><em>dicit.</em></span> <span class='ocrx_word' id='word_1_299' title='bbox 885 4443 970 4496; x_wconf 81' lang='grc' dir='ltr'>Ζαοίν.</span> <span class='ocrx_word' id='word_1_300' title='bbox 983 4461 1015 4512; x_wconf 81' lang='lat' dir='ltr'>p.</span> <span class='ocrx_word' id='word_1_301' title='bbox 1035 4444 1106 4510; x_wconf 79' lang='lat'><strong><em>265,</em></strong></span> <span class='ocrx_word' id='word_1_302' title='bbox 1131 4442 1149 4494; x_wconf 83' lang='lat' dir='ltr'>l.</span> <span class='ocrx_word' id='word_1_303' title='bbox 1169 4443 1209 4494; x_wconf 86' lang='lat'>30</span> <span class='ocrx_word' id='word_1_304' title='bbox 1232 4441 1286 4510; x_wconf 65' lang='lat' dir='ltr'>lege</span> <span class='ocrx_word' id='word_1_305' title='bbox 1308 4435 1404 4511; x_wconf 76' lang='grc' dir='ltr'>τόνγε</span> 
     </span>
     <span class='ocr_line' id='line_1_35' title="bbox 112 4558 1401 4635; baseline -0.004 -17"><span class='ocrx_word' id='word_1_306' title='bbox 112 4581 136 4618; x_wconf 89' lang='grc' dir='ltr'>κ.</span> <span class='ocrx_word' id='word_1_307' title='bbox 151 4583 210 4618; x_wconf 79' lang='lat' dir='ltr'>cum</span> <span class='ocrx_word' id='word_1_308' title='bbox 235 4565 269 4618; x_wconf 92' lang='lat' dir='ltr'>Z.</span> <span class='ocrx_word' id='word_1_309' title='bbox 312 4583 343 4634; x_wconf 79' lang='lat' dir='ltr'>p.</span> <span class='ocrx_word' id='word_1_310' title='bbox 362 4567 433 4634; x_wconf 75' lang='lat'><strong><em>266,</em></strong></span> <span class='ocrx_word' id='word_1_311' title='bbox 458 4566 476 4618; x_wconf 87' lang='lat' dir='ltr'>l.</span> <span class='ocrx_word' id='word_1_312' title='bbox 495 4567 535 4618; x_wconf 79' lang='lat'>27</span> <span class='ocrx_word' id='word_1_313' title='bbox 560 4558 588 4628; x_wconf 85' lang='grc' dir='ltr'>ἐς</span> <span class='ocrx_word' id='word_1_314' title='bbox 612 4559 690 4617; x_wconf 71' lang='grc' dir='ltr'>αὐτόν</span> <span class='ocrx_word' id='word_1_315' title='bbox 714 4565 749 4619; x_wconf 92' lang='lat' dir='ltr'>Z.</span> <span class='ocrx_word' id='word_1_316' title='bbox 781 4566 799 4618; x_wconf 88' lang='grc' dir='ltr'>ί.</span> <span class='ocrx_word' id='word_1_317' title='bbox 819 4567 860 4618; x_wconf 88' lang='grc'>33</span> <span class='ocrx_word' id='word_1_318' title='bbox 877 4571 941 4635; x_wconf 75' lang='lat' dir='ltr'><em>post</em></span> <span class='ocrx_word' id='word_1_319' title='bbox 964 4558 1035 4635; x_wconf 90' lang='grc' dir='ltr'>γίγν.</span> <span class='ocrx_word' id='word_1_320' title='bbox 1049 4581 1120 4632; x_wconf 79' lang='lat' dir='ltr'><em>pone</em></span> <span class='ocrx_word' id='word_1_321' title='bbox 1143 4579 1254 4616; x_wconf 85' lang='lat' dir='ltr'><em>comma.</em></span> <span class='ocrx_word' id='word_1_322' title='bbox 1279 4579 1311 4631; x_wconf 79' lang='lat' dir='ltr'>p.</span> <span class='ocrx_word' id='word_1_323' title='bbox 1330 4563 1401 4629; x_wconf 78' lang='lat'><em>267,</em></span> 
     </span>
     <span class='ocr_line' id='line_1_36' title="bbox 113 4682 1405 4760; baseline -0.002 -18"><span class='ocrx_word' id='word_1_324' title='bbox 113 4689 129 4742; x_wconf 86' lang='grc' dir='ltr'>ί.</span> <span class='ocrx_word' id='word_1_325' title='bbox 146 4691 186 4742; x_wconf 83' lang='grc'>23</span> <span class='ocrx_word' id='word_1_326' title='bbox 210 4682 313 4745; x_wconf 79' lang='grc' dir='ltr'>Ἀναοτ.</span> <span class='ocrx_word' id='word_1_327' title='bbox 351 4690 393 4743; x_wconf 83' lang='lat' dir='ltr'>De</span> <span class='ocrx_word' id='word_1_328' title='bbox 415 4688 463 4744; x_wconf 86' lang='grc' dir='ltr'>ίιοο</span> <span class='ocrx_word' id='word_1_329' title='bbox 486 4689 607 4742; x_wconf 74' lang='lat' dir='ltr'><em>coenobio</em></span> <span class='ocrx_word' id='word_1_330' title='bbox 630 4689 756 4742; x_wconf 77' lang='lat' dir='ltr'><em>videatur</em></span> <span class='ocrx_word' id='word_1_331' title='bbox 770 4687 903 4760; x_wconf 74' lang='grc' dir='ltr'>Πυοοηρο</span> <span class='ocrx_word' id='word_1_332' title='bbox 921 4689 1007 4742; x_wconf 70' lang='lat' dir='ltr'><em>Consi.</em></span> <span class='ocrx_word' id='word_1_333' title='bbox 1025 4687 1114 4744; x_wconf 78' lang='lat' dir='ltr'><em>chrisi.</em></span> <span class='ocrx_word' id='word_1_334' title='bbox 1133 4686 1172 4742; x_wconf 82' lang='lat' dir='ltr'>ed.</span> <span class='ocrx_word' id='word_1_335' title='bbox 1190 4685 1273 4740; x_wconf 68' lang='lat' dir='ltr'><em>Paris</em></span> <span class='ocrx_word' id='word_1_336' title='bbox 1290 4700 1322 4758; x_wconf 77' lang='lat' dir='ltr'>p.</span> <span class='ocrx_word' id='word_1_337' title='bbox 1343 4685 1405 4742; x_wconf 80' lang='lat'>253</span> 
     </span>
    </p>
   </div>
   <div class='ocr_carea' id='block_1_8' title="bbox 0 0 1641 5288">
    <p class='ocr_par' dir='ltr' id='par_1_19' title="bbox 0 0 1641 5288">
     <span class='ocr_line' id='line_1_37' title="bbox 0 0 1641 5288; baseline 0 0"><span class='ocrx_word' id='word_1_338' title='bbox 0 0 1641 5288; x_wconf 95' lang='lat' dir='ltr'> </span> 
     </span>
    </p>
   </div>
  </div>
 </body>
</html>
