<?xml version="1.0" encoding="UTF-8"?>
<!DOCTYPE html PUBLIC "-//W3C//DTD XHTML 1.0 Transitional//EN"
    "http://www.w3.org/TR/xhtml1/DTD/xhtml1-transitional.dtd">
<html xmlns="http://www.w3.org/1999/xhtml" xml:lang="en" lang="en">
 <head>
  <title>
</title>
<meta http-equiv="Content-Type" content="text/html;charset=utf-8" />
  <meta name='ocr-system' content='tesseract 3.04.00' />
  <meta name='ocr-capabilities' content='ocr_page ocr_carea ocr_par ocr_line ocrx_word'/>
</head>
<body>
  <div class='ocr_page' id='page_1' title='image "./actaetdiplomata00miklgoog_0617.png"; bbox 0 0 3246 5288; ppageno 0'>
   <div class='ocr_carea' id='block_1_1' title="bbox 251 332 317 397">
    <p class='ocr_par' dir='ltr' id='par_1_1' title="bbox 251 332 317 397">
     <span class='ocr_line' id='line_1_1' title="bbox 251 332 317 397; baseline 0 -1"><span class='ocrx_word' id='word_1_1' title='bbox 251 332 317 397; x_wconf 85' lang='lat'>436</span> 
     </span>
    </p>
   </div>
   <div class='ocr_carea' id='block_1_2' title="bbox 240 523 1610 4385">
    <p class='ocr_par' dir='ltr' id='par_1_2' title="bbox 249 523 1553 1338">
     <span class='ocr_line' id='line_1_2' title="bbox 252 523 1551 606; baseline -0.002 -20"><span class='ocrx_word' id='word_1_2' title='bbox 252 530 332 606; x_wconf 80' lang='grc' dir='ltr'>ρικῆς</span> <span class='ocrx_word' id='word_1_3' title='bbox 354 525 527 604; x_wconf 80' lang='grc' dir='ltr'>ὑποσχέσεως</span> <span class='ocrx_word' id='word_1_4' title='bbox 550 523 590 598; x_wconf 87' lang='grc' dir='ltr'>είς</span> <span class='ocrx_word' id='word_1_5' title='bbox 611 526 698 605; x_wconf 81' lang='grc' dir='ltr'>πέρας</span> <span class='ocrx_word' id='word_1_6' title='bbox 721 525 855 600; x_wconf 80' lang='grc' dir='ltr'>ἐλθούσης</span> <span class='ocrx_word' id='word_1_7' title='bbox 876 525 1004 587; x_wconf 82' lang='grc' dir='ltr'>κάκεῖνον</span> <span class='ocrx_word' id='word_1_8' title='bbox 1027 527 1127 598; x_wconf 85' lang='grc' dir='ltr'>εύθέως</span> <span class='ocrx_word' id='word_1_9' title='bbox 1150 529 1362 604; x_wconf 86' lang='grc' dir='ltr'>συγκατανεῦσαι</span> <span class='ocrx_word' id='word_1_10' title='bbox 1383 525 1430 586; x_wconf 86' lang='grc' dir='ltr'>καί</span> <span class='ocrx_word' id='word_1_11' title='bbox 1451 547 1551 606; x_wconf 82' lang='grc' dir='ltr'>παρτ-</span> 
     </span>
     <span class='ocr_line' id='line_1_3' title="bbox 252 642 1551 730; baseline 0.002 -23"><span class='ocrx_word' id='word_1_12' title='bbox 252 653 379 729; x_wconf 84' lang='grc' dir='ltr'>χωρῆσαι</span> <span class='ocrx_word' id='word_1_13' title='bbox 400 651 457 720; x_wconf 84' lang='grc' dir='ltr'>τοῖς</span> <span class='ocrx_word' id='word_1_14' title='bbox 480 648 614 712; x_wconf 70' lang='grc' dir='ltr'>ἕλκουσιν.</span> <span class='ocrx_word' id='word_1_15' title='bbox 646 648 713 708; x_wconf 88' lang='grc' dir='ltr'>ἀλλ’</span> <span class='ocrx_word' id='word_1_16' title='bbox 728 647 784 728; x_wconf 82' lang='grc' dir='ltr'>ἐγὼ</span> <span class='ocrx_word' id='word_1_17' title='bbox 800 648 850 724; x_wconf 86' lang='grc' dir='ltr'>μὲν</span> <span class='ocrx_word' id='word_1_18' title='bbox 874 649 1000 728; x_wconf 73' lang='grc' dir='ltr'>κρίμασιν</span> <span class='ocrx_word' id='word_1_19' title='bbox 1015 642 1056 721; x_wconf 79' lang='grc' dir='ltr'>οἷς</span> <span class='ocrx_word' id='word_1_20' title='bbox 1071 643 1153 730; x_wconf 85' lang='grc' dir='ltr'>οίδεν,</span> <span class='ocrx_word' id='word_1_21' title='bbox 1178 643 1209 708; x_wconf 87' lang='grc' dir='ltr'>ού</span> <span class='ocrx_word' id='word_1_22' title='bbox 1223 649 1256 707; x_wconf 90' lang='grc' dir='ltr'>τά</span> <span class='ocrx_word' id='word_1_23' title='bbox 1278 649 1396 729; x_wconf 89' lang='grc' dir='ltr'>κρίματα</span> <span class='ocrx_word' id='word_1_24' title='bbox 1418 649 1551 725; x_wconf 80' lang='grc' dir='ltr'>ἀβυσσσς.</span> 
     </span>
     <span class='ocr_line' id='line_1_4' title="bbox 252 765 1553 855; baseline -0.001 -26"><span class='ocrx_word' id='word_1_25' title='bbox 252 765 321 855; x_wconf 85' lang='grc' dir='ltr'>[τού]</span> <span class='ocrx_word' id='word_1_26' title='bbox 331 767 352 852; x_wconf 90' lang='grc'>1)</span> <span class='ocrx_word' id='word_1_27' title='bbox 375 775 423 846; x_wconf 80' lang='grc' dir='ltr'>τῆς</span> <span class='ocrx_word' id='word_1_28' title='bbox 438 767 546 847; x_wconf 83' lang='grc' dir='ltr'>Ζιχνῶν</span> <span class='ocrx_word' id='word_1_29' title='bbox 563 769 714 844; x_wconf 73' lang='grc' dir='ltr'>ἐκκλησίας</span> <span class='ocrx_word' id='word_1_30' title='bbox 731 769 944 845; x_wconf 84' lang='grc' dir='ltr'>ἐμπεπίστευμαι</span> <span class='ocrx_word' id='word_1_31' title='bbox 967 771 1070 852; x_wconf 86' lang='grc' dir='ltr'>θρόνου,</span> <span class='ocrx_word' id='word_1_32' title='bbox 1096 771 1200 840; x_wconf 82' lang='grc' dir='ltr'>ἐκεῖνος</span> <span class='ocrx_word' id='word_1_33' title='bbox 1216 771 1247 830; x_wconf 83' lang='grc' dir='ltr'>δὲ</span> <span class='ocrx_word' id='word_1_34' title='bbox 1263 776 1312 847; x_wconf 75' lang='grc' dir='ltr'>τῆς</span> <span class='ocrx_word' id='word_1_35' title='bbox 1326 777 1381 830; x_wconf 86' lang='grc' dir='ltr'>τῶν</span> <span class='ocrx_word' id='word_1_36' title='bbox 1397 769 1553 851; x_wconf 61' lang='grc' dir='ltr'>Ἐζιβῶνῗ)</span> 
     </span>
     <span class='ocr_line' id='line_1_5' title="bbox 252 887 1552 973; baseline 0.002 -23"><span class='ocrx_word' id='word_1_37' title='bbox 252 887 395 972; x_wconf 80' lang='grc' dir='ltr'>ἀρχιερεύς</span> <span class='ocrx_word' id='word_1_38' title='bbox 417 888 614 952; x_wconf 87' lang='grc' dir='ltr'>ἀναδείκνυται.</span> <span class='ocrx_word' id='word_1_39' title='bbox 647 889 793 952; x_wconf 78' lang='grc' dir='ltr'>ἀλλὰκαὶ</span> <span class='ocrx_word' id='word_1_40' title='bbox 816 893 884 952; x_wconf 85' lang='grc' dir='ltr'>ούτω</span> <span class='ocrx_word' id='word_1_41' title='bbox 899 898 948 968; x_wconf 71' lang='grc' dir='ltr'>τῆς</span> <span class='ocrx_word' id='word_1_42' title='bbox 972 892 1055 967; x_wconf 79' lang='grc' dir='ltr'>αύτῖγς</span> <span class='ocrx_word' id='word_1_43' title='bbox 1076 890 1183 969; x_wconf 81' lang='grc' dir='ltr'>ἐκείνης</span> <span class='ocrx_word' id='word_1_44' title='bbox 1207 891 1297 970; x_wconf 85' lang='grc' dir='ltr'>εἴχετο</span> <span class='ocrx_word' id='word_1_45' title='bbox 1321 893 1552 973; x_wconf 80' lang='grc' dir='ltr'>μετριοφροσύνης</span> 
     </span>
     <span class='ocr_line' id='line_1_6' title="bbox 250 1011 1552 1098; baseline 0.003 -28"><span class='ocrx_word' id='word_1_46' title='bbox 250 1013 266 1070; x_wconf 84' lang='grc' dir='ltr'>ό</span> <span class='ocrx_word' id='word_1_47' title='bbox 287 1015 377 1092; x_wconf 85' lang='grc' dir='ltr'>γέρων</span> <span class='ocrx_word' id='word_1_48' title='bbox 399 1012 446 1073; x_wconf 83' lang='grc' dir='ltr'>καί</span> <span class='ocrx_word' id='word_1_49' title='bbox 468 1019 518 1090; x_wconf 75' lang='grc' dir='ltr'>τῆς</span> <span class='ocrx_word' id='word_1_50' title='bbox 540 1012 602 1092; x_wconf 90' lang='grc' dir='ltr'>περὶ</span> <span class='ocrx_word' id='word_1_51' title='bbox 625 1014 659 1073; x_wconf 90' lang='grc' dir='ltr'>τά</span> <span class='ocrx_word' id='word_1_52' title='bbox 680 1013 757 1074; x_wconf 80' lang='grc' dir='ltr'>καλὰ</span> <span class='ocrx_word' id='word_1_53' title='bbox 780 1014 938 1094; x_wconf 80' lang='grc' dir='ltr'>ἐπιδόσεως,</span> <span class='ocrx_word' id='word_1_54' title='bbox 962 1013 1008 1074; x_wconf 87' lang='grc' dir='ltr'>καὶ</span> <span class='ocrx_word' id='word_1_55' title='bbox 1031 1015 1105 1086; x_wconf 88' lang='grc' dir='ltr'>όλως</span> <span class='ocrx_word' id='word_1_56' title='bbox 1127 1011 1161 1092; x_wconf 81' lang='grc' dir='ltr'>ἦν</span> <span class='ocrx_word' id='word_1_57' title='bbox 1184 1012 1258 1086; x_wconf 84' lang='grc' dir='ltr'>αὖθις</span> <span class='ocrx_word' id='word_1_58' title='bbox 1281 1020 1331 1090; x_wconf 69' lang='grc' dir='ltr'>τῆς</span> <span class='ocrx_word' id='word_1_59' title='bbox 1355 1012 1398 1074; x_wconf 89' lang='grc' dir='ltr'>ἐπὶ</span> <span class='ocrx_word' id='word_1_60' title='bbox 1416 1021 1449 1098; x_wconf 87' lang='grc' dir='ltr'>τη</span> <span class='ocrx_word' id='word_1_61' title='bbox 1474 1021 1552 1096; x_wconf 72' lang='grc' dir='ltr'>μονῇ</span> 
     </span>
     <span class='ocr_line' id='line_1_7' title="bbox 251 1133 1552 1217; baseline 0.002 -25"><span class='ocrx_word' id='word_1_62' title='bbox 251 1133 390 1214; x_wconf 83' lang='grc' dir='ltr'>βοηθείας,</span> <span class='ocrx_word' id='word_1_63' title='bbox 421 1135 494 1213; x_wconf 85' lang='grc' dir='ltr'>ἔχων</span> <span class='ocrx_word' id='word_1_64' title='bbox 516 1134 589 1211; x_wconf 88' lang='grc' dir='ltr'>κάμέ</span> <span class='ocrx_word' id='word_1_65' title='bbox 612 1135 723 1211; x_wconf 87' lang='grc' dir='ltr'>μᾶλλον</span> <span class='ocrx_word' id='word_1_66' title='bbox 746 1140 930 1211; x_wconf 84' lang='grc' dir='ltr'>συμπονοῦντα</span> <span class='ocrx_word' id='word_1_67' title='bbox 952 1135 998 1196; x_wconf 90' lang='grc' dir='ltr'>καὶ</span> <span class='ocrx_word' id='word_1_68' title='bbox 1021 1139 1224 1217; x_wconf 85' lang='grc' dir='ltr'>συμπράττοντα</span> <span class='ocrx_word' id='word_1_69' title='bbox 1247 1139 1302 1208; x_wconf 83' lang='grc' dir='ltr'>τοῖς</span> <span class='ocrx_word' id='word_1_70' title='bbox 1323 1137 1552 1216; x_wconf 80' lang='grc' dir='ltr'>ἀναγκαιοτέροις</span> 
     </span>
     <span class='ocr_line' id='line_1_8' title="bbox 249 1255 1037 1338; baseline 0.003 -23"><span class='ocrx_word' id='word_1_71' title='bbox 249 1261 298 1330; x_wconf 80' lang='grc' dir='ltr'>τῆς</span> <span class='ocrx_word' id='word_1_72' title='bbox 321 1262 407 1331; x_wconf 80' lang='grc' dir='ltr'>μονῆς</span> <span class='ocrx_word' id='word_1_73' title='bbox 430 1257 520 1336; x_wconf 81' lang='grc' dir='ltr'>ἔργοις</span> <span class='ocrx_word' id='word_1_74' title='bbox 542 1255 589 1316; x_wconf 85' lang='grc' dir='ltr'>καί</span> <span class='ocrx_word' id='word_1_75' title='bbox 611 1260 670 1328; x_wconf 86' lang='grc' dir='ltr'>ταῖς</span> <span class='ocrx_word' id='word_1_76' title='bbox 692 1257 799 1338; x_wconf 86' lang='grc' dir='ltr'>χρείαις</span> <span class='ocrx_word' id='word_1_77' title='bbox 821 1263 875 1318; x_wconf 90' lang='grc' dir='ltr'>τῶν</span> <span class='ocrx_word' id='word_1_78' title='bbox 898 1264 1037 1337; x_wconf 77' lang='grc' dir='ltr'>μονοηγῶν.</span> 
     </span>
    </p>

    <p class='ocr_par' dir='ltr' id='par_1_3' title="bbox 240 1376 1610 4385">
     <span class='ocr_line' id='line_1_9' title="bbox 353 1376 1550 1461; baseline 0.003 -25"><span class='ocrx_word' id='word_1_79' title='bbox 353 1376 431 1437; x_wconf 82' lang='grc' dir='ltr'>’[ύπεὶ</span> <span class='ocrx_word' id='word_1_80' title='bbox 454 1377 485 1437; x_wconf 88' lang='grc' dir='ltr'>δέ</span> <span class='ocrx_word' id='word_1_81' title='bbox 509 1379 648 1458; x_wconf 87' lang='grc' dir='ltr'>ἀνθρωπον</span> <span class='ocrx_word' id='word_1_82' title='bbox 676 1378 739 1439; x_wconf 83' lang='grc' dir='ltr'>όντιι</span> <span class='ocrx_word' id='word_1_83' title='bbox 765 1380 892 1440; x_wconf 82' lang='grc' dir='ltr'>κάκεῖνον</span> <span class='ocrx_word' id='word_1_84' title='bbox 915 1379 962 1440; x_wconf 85' lang='grc' dir='ltr'>καί</span> <span class='ocrx_word' id='word_1_85' title='bbox 985 1380 1164 1461; x_wconf 76' lang='grc' dir='ltr'>ἀνθρωπίναις</span> <span class='ocrx_word' id='word_1_86' title='bbox 1191 1378 1368 1456; x_wconf 82' lang='grc' dir='ltr'>ὑποκείμενον</span> <span class='ocrx_word' id='word_1_87' title='bbox 1390 1379 1550 1452; x_wconf 80' lang='grc' dir='ltr'>ἀσθενείαις</span> 
     </span>
     <span class='ocr_line' id='line_1_10' title="bbox 250 1498 1548 1582; baseline 0.002 -23"><span class='ocrx_word' id='word_1_88' title='bbox 250 1499 306 1560; x_wconf 84' lang='grc' dir='ltr'>ἔδει</span> <span class='ocrx_word' id='word_1_89' title='bbox 335 1502 444 1572; x_wconf 91' lang='grc' dir='ltr'>πάντως</span> <span class='ocrx_word' id='word_1_90' title='bbox 473 1498 520 1560; x_wconf 85' lang='grc' dir='ltr'>καί</span> <span class='ocrx_word' id='word_1_91' title='bbox 550 1501 596 1560; x_wconf 83' lang='grc' dir='ltr'>τόν</span> <span class='ocrx_word' id='word_1_92' title='bbox 622 1505 689 1578; x_wconf 91' lang='grc' dir='ltr'>χοῦν</span> <span class='ocrx_word' id='word_1_93' title='bbox 719 1501 868 1561; x_wconf 83' lang='grc' dir='ltr'>ἀποθέσθαι</span> <span class='ocrx_word' id='word_1_94' title='bbox 893 1500 940 1562; x_wconf 88' lang='grc' dir='ltr'>καὶ</span> <span class='ocrx_word' id='word_1_95' title='bbox 969 1504 1037 1582; x_wconf 78' lang='grc' dir='ltr'>πρός</span> <span class='ocrx_word' id='word_1_96' title='bbox 1063 1501 1111 1580; x_wconf 77' lang='grc' dir='ltr'>τὴν</span> <span class='ocrx_word' id='word_1_97' title='bbox 1142 1502 1246 1562; x_wconf 84' lang='grc' dir='ltr'>ἐκεῖθεν</span> <span class='ocrx_word' id='word_1_98' title='bbox 1276 1500 1429 1580; x_wconf 84' lang='grc' dir='ltr'>μεταβῆναι</span> <span class='ocrx_word' id='word_1_99' title='bbox 1457 1504 1548 1580; x_wconf 73' lang='grc' dir='ltr'>ζωήν,</span> 
     </span>
     <span class='ocr_line' id='line_1_11' title="bbox 250 1616 1548 1706; baseline 0 -24"><span class='ocrx_word' id='word_1_100' title='bbox 250 1623 329 1694; x_wconf 84' lang='grc' dir='ltr'>αύτδς</span> <span class='ocrx_word' id='word_1_101' title='bbox 352 1622 403 1699; x_wconf 86' lang='grc' dir='ltr'>μὲν</span> <span class='ocrx_word' id='word_1_102' title='bbox 427 1616 473 1683; x_wconf 83' lang='grc' dir='ltr'>ἐπί</span> <span class='ocrx_word' id='word_1_103' title='bbox 493 1623 592 1696; x_wconf 87' lang='grc' dir='ltr'>κλίνης</span> <span class='ocrx_word' id='word_1_104' title='bbox 622 1625 710 1702; x_wconf 87' lang='grc' dir='ltr'>ῶράτο</span> <span class='ocrx_word' id='word_1_105' title='bbox 740 1623 868 1700; x_wconf 85' lang='grc' dir='ltr'>κείμενος</span> <span class='ocrx_word' id='word_1_106' title='bbox 889 1625 963 1706; x_wconf 71' lang='grc' dir='ltr'>γήρᾳ</span> <span class='ocrx_word' id='word_1_107' title='bbox 985 1623 1031 1684; x_wconf 84' lang='grc' dir='ltr'>καὶ</span> <span class='ocrx_word' id='word_1_108' title='bbox 1054 1626 1125 1704; x_wconf 86' lang='grc' dir='ltr'>νόσῳ</span> <span class='ocrx_word' id='word_1_109' title='bbox 1149 1625 1223 1706; x_wconf 69' lang='grc' dir='ltr'>δεινῇ</span> <span class='ocrx_word' id='word_1_110' title='bbox 1246 1622 1508 1706; x_wconf 56' lang='grc' dir='ltr'>συγκατακλιθεὶςῧ)</span> <span class='ocrx_word' id='word_1_111' title='bbox 1533 1625 1548 1682; x_wconf 77' lang='grc' dir='ltr'>ἑ</span> 
     </span>
     <span class='ocr_line' id='line_1_12' title="bbox 248 1743 1547 1826; baseline 0.001 -23"><span class='ocrx_word' id='word_1_112' title='bbox 248 1745 296 1820; x_wconf 82' lang='grc' dir='ltr'>τὴν</span> <span class='ocrx_word' id='word_1_113' title='bbox 319 1745 408 1822; x_wconf 76' lang='grc' dir='ltr'>ιμνχὴν</span> <span class='ocrx_word' id='word_1_114' title='bbox 432 1743 584 1824; x_wconf 87' lang='grc' dir='ltr'>ἐρρωμένος</span> <span class='ocrx_word' id='word_1_115' title='bbox 600 1743 646 1804; x_wconf 86' lang='grc' dir='ltr'>καί</span> <span class='ocrx_word' id='word_1_116' title='bbox 661 1751 715 1804; x_wconf 91' lang='grc' dir='ltr'>τῶν</span> <span class='ocrx_word' id='word_1_117' title='bbox 736 1752 897 1819; x_wconf 83' lang='grc' dir='ltr'>σωματικῶν</span> <span class='ocrx_word' id='word_1_118' title='bbox 920 1745 1055 1826; x_wconf 83' lang='grc' dir='ltr'>ἀνῶσερος</span> <span class='ocrx_word' id='word_1_119' title='bbox 1076 1746 1254 1824; x_wconf 87' lang='grc' dir='ltr'>παθημάτων,</span> <span class='ocrx_word' id='word_1_120' title='bbox 1277 1744 1333 1820; x_wconf 78' lang='grc' dir='ltr'>ἤδη</span> <span class='ocrx_word' id='word_1_121' title='bbox 1349 1745 1381 1805; x_wconf 87' lang='grc' dir='ltr'>δέ</span> <span class='ocrx_word' id='word_1_122' title='bbox 1395 1745 1429 1805; x_wconf 87' lang='grc' dir='ltr'>πά</span> <span class='ocrx_word' id='word_1_123' title='bbox 1442 1745 1547 1806; x_wconf 81' lang='grc' dir='ltr'>τελευ·</span> 
     </span>
     <span class='ocr_line' id='line_1_13' title="bbox 247 1864 1546 1948; baseline 0.002 -24"><span class='ocrx_word' id='word_1_124' title='bbox 247 1867 311 1925; x_wconf 85' lang='grc' dir='ltr'>ταῖα</span> <span class='ocrx_word' id='word_1_125' title='bbox 335 1867 460 1942; x_wconf 80' lang='grc' dir='ltr'>ἐμπνέων</span> <span class='ocrx_word' id='word_1_126' title='bbox 482 1864 529 1926; x_wconf 86' lang='grc' dir='ltr'>καὶ</span> <span class='ocrx_word' id='word_1_127' title='bbox 549 1866 599 1942; x_wconf 72' lang='grc' dir='ltr'>τὴν</span> <span class='ocrx_word' id='word_1_128' title='bbox 620 1865 711 1945; x_wconf 80' lang='grc' dir='ltr'>ψυχὴν</span> <span class='ocrx_word' id='word_1_129' title='bbox 734 1865 849 1941; x_wconf 86' lang='grc' dir='ltr'>μέλλων</span> <span class='ocrx_word' id='word_1_130' title='bbox 870 1865 909 1944; x_wconf 79' lang='grc' dir='ltr'>τῷ</span> <span class='ocrx_word' id='word_1_131' title='bbox 932 1867 987 1946; x_wconf 82' lang='grc' dir='ltr'>θεῷ</span> <span class='ocrx_word' id='word_1_132' title='bbox 1009 1868 1187 1948; x_wconf 81' lang='grc' dir='ltr'>παραθέσθαι,</span> <span class='ocrx_word' id='word_1_133' title='bbox 1211 1865 1272 1943; x_wconf 83' lang='grc' dir='ltr'>ἐμοὶ</span> <span class='ocrx_word' id='word_1_134' title='bbox 1293 1867 1378 1927; x_wconf 89' lang='grc' dir='ltr'>πάλιν</span> <span class='ocrx_word' id='word_1_135' title='bbox 1393 1867 1432 1947; x_wconf 84' lang='grc' dir='ltr'>τῷ</span> <span class='ocrx_word' id='word_1_136' title='bbox 1452 1869 1546 1928; x_wconf 82' lang='grc' dir='ltr'>πάντα</span> 
     </span>
     <span class='ocr_line' id='line_1_14' title="bbox 249 1984 1546 2070; baseline 0.001 -23"><span class='ocrx_word' id='word_1_137' title='bbox 249 1987 359 2070; x_wconf 79' lang='grc' dir='ltr'>ῥᾳθύμιρ</span> <span class='ocrx_word' id='word_1_138' title='bbox 380 1986 428 2048; x_wconf 87' lang='grc' dir='ltr'>καὶ</span> <span class='ocrx_word' id='word_1_139' title='bbox 451 1988 552 2064; x_wconf 88' lang='grc' dir='ltr'>ἀμελεῖ</span> <span class='ocrx_word' id='word_1_140' title='bbox 572 1989 621 2064; x_wconf 75' lang='grc' dir='ltr'>τὴν</span> <span class='ocrx_word' id='word_1_141' title='bbox 642 1995 692 2064; x_wconf 67' lang='grc' dir='ltr'>τῆς</span> <span class='ocrx_word' id='word_1_142' title='bbox 715 1994 801 2065; x_wconf 80' lang='grc' dir='ltr'>μονῆς</span> <span class='ocrx_word' id='word_1_143' title='bbox 825 1989 987 2068; x_wconf 68' lang='grc' dir='ltr'>ἐνεχείριζεν</span> <span class='ocrx_word' id='word_1_144' title='bbox 1015 1988 1176 2064; x_wconf 87' lang='grc' dir='ltr'>ἐπιμέλειαν</span> <span class='ocrx_word' id='word_1_145' title='bbox 1198 1987 1245 2048; x_wconf 85' lang='grc' dir='ltr'>καὶ</span> <span class='ocrx_word' id='word_1_146' title='bbox 1268 1984 1404 2049; x_wconf 78' lang='grc' dir='ltr'>ἀνάκτισιν</span> <span class='ocrx_word' id='word_1_147' title='bbox 1426 1987 1472 2049; x_wconf 87' lang='grc' dir='ltr'>καὶ</span> <span class='ocrx_word' id='word_1_148' title='bbox 1495 1991 1546 2050; x_wconf 77' lang='grc' dir='ltr'>τόν</span> 
     </span>
     <span class='ocr_line' id='line_1_15' title="bbox 247 2108 1543 2192; baseline 0.001 -23"><span class='ocrx_word' id='word_1_149' title='bbox 247 2111 347 2184; x_wconf 80' lang='grc' dir='ltr'>ταύτης</span> <span class='ocrx_word' id='word_1_150' title='bbox 370 2108 480 2182; x_wconf 88' lang='grc' dir='ltr'>ἐπετίθη</span> <span class='ocrx_word' id='word_1_151' title='bbox 503 2112 592 2190; x_wconf 84' lang='grc' dir='ltr'>ζυγόν,</span> <span class='ocrx_word' id='word_1_152' title='bbox 626 2110 650 2169; x_wconf 88' lang='grc' dir='ltr'>τί</span> <span class='ocrx_word' id='word_1_153' title='bbox 673 2111 723 2185; x_wconf 83' lang='grc' dir='ltr'>μὲν</span> <span class='ocrx_word' id='word_1_154' title='bbox 746 2111 776 2170; x_wconf 87' lang='grc' dir='ltr'>ού</span> <span class='ocrx_word' id='word_1_155' title='bbox 798 2111 901 2190; x_wconf 79' lang='grc' dir='ltr'>λέγων,</span> <span class='ocrx_word' id='word_1_156' title='bbox 925 2109 1002 2170; x_wconf 83' lang='grc' dir='ltr'>τίδὲ</span> <span class='ocrx_word' id='word_1_157' title='bbox 1026 2113 1056 2170; x_wconf 89' lang='grc' dir='ltr'>ού</span> <span class='ocrx_word' id='word_1_158' title='bbox 1077 2112 1201 2191; x_wconf 77' lang='grc' dir='ltr'>πράττων</span> <span class='ocrx_word' id='word_1_159' title='bbox 1223 2117 1276 2170; x_wconf 88' lang='grc' dir='ltr'>τῶν</span> <span class='ocrx_word' id='word_1_160' title='bbox 1299 2111 1352 2172; x_wconf 86' lang='grc' dir='ltr'>όσα</span> <span class='ocrx_word' id='word_1_161' title='bbox 1375 2113 1442 2192; x_wconf 81' lang='grc' dir='ltr'>πρθς</span> <span class='ocrx_word' id='word_1_162' title='bbox 1462 2116 1543 2170; x_wconf 82' lang='grc' dir='ltr'>τοῦτο</span> 
     </span>
     <span class='ocr_line' id='line_1_16' title="bbox 247 2229 1544 2312; baseline 0.002 -22"><span class='ocrx_word' id='word_1_163' title='bbox 247 2231 391 2306; x_wconf 88' lang='grc' dir='ltr'>βιάσασθαι</span> <span class='ocrx_word' id='word_1_164' title='bbox 414 2229 507 2312; x_wconf 75' lang='grc' dir='ltr'>ἱκανά,</span> <span class='ocrx_word' id='word_1_165' title='bbox 538 2235 679 2312; x_wconf 81' lang='grc' dir='ltr'>τοιγαροῦν</span> <span class='ocrx_word' id='word_1_166' title='bbox 701 2231 747 2292; x_wconf 90' lang='grc' dir='ltr'>καὶ</span> <span class='ocrx_word' id='word_1_167' title='bbox 775 2232 896 2308; x_wconf 83' lang='grc' dir='ltr'>ύπῆλθον</span> <span class='ocrx_word' id='word_1_168' title='bbox 918 2230 964 2291; x_wconf 88' lang='grc' dir='ltr'>καί</span> <span class='ocrx_word' id='word_1_169' title='bbox 987 2231 1113 2292; x_wconf 80' lang='grc' dir='ltr'>ὑπελθὼν</span> <span class='ocrx_word' id='word_1_170' title='bbox 1142 2231 1252 2305; x_wconf 80' lang='grc' dir='ltr'>ὁπόσαις</span> <span class='ocrx_word' id='word_1_171' title='bbox 1274 2230 1325 2308; x_wconf 85' lang='grc' dir='ltr'>μὲν</span> <span class='ocrx_word' id='word_1_172' title='bbox 1347 2231 1395 2293; x_wconf 89' lang='grc' dir='ltr'>καί</span> <span class='ocrx_word' id='word_1_173' title='bbox 1416 2233 1484 2306; x_wconf 84' lang='grc' dir='ltr'>οἵαις</span> <span class='ocrx_word' id='word_1_174' title='bbox 1509 2234 1544 2293; x_wconf 87' lang='grc' dir='ltr'>ἐκ</span> 
     </span>
     <span class='ocr_line' id='line_1_17' title="bbox 247 2351 1543 2437; baseline 0.001 -25"><span class='ocrx_word' id='word_1_175' title='bbox 247 2359 301 2412; x_wconf 91' lang='grc' dir='ltr'>τῶν</span> <span class='ocrx_word' id='word_1_176' title='bbox 323 2355 490 2433; x_wconf 81' lang='grc' dir='ltr'>πραγμάτων</span> <span class='ocrx_word' id='word_1_177' title='bbox 506 2351 553 2412; x_wconf 84' lang='grc' dir='ltr'>καὶ</span> <span class='ocrx_word' id='word_1_178' title='bbox 567 2360 616 2430; x_wconf 70' lang='grc' dir='ltr'>τῆς</span> <span class='ocrx_word' id='word_1_179' title='bbox 631 2358 677 2414; x_wconf 91' lang='grc' dir='ltr'>τσῦ</span> <span class='ocrx_word' id='word_1_180' title='bbox 696 2358 789 2435; x_wconf 83' lang='grc' dir='ltr'>καιροῦ</span> <span class='ocrx_word' id='word_1_181' title='bbox 812 2352 958 2426; x_wconf 82' lang='grc' dir='ltr'>δυσκολίας</span> <span class='ocrx_word' id='word_1_182' title='bbox 981 2353 1107 2434; x_wconf 86' lang='grc' dir='ltr'>ἐνέτυχον</span> <span class='ocrx_word' id='word_1_183' title='bbox 1130 2357 1324 2437; x_wconf 85' lang='grc' dir='ltr'>περιστάσεσιν,</span> <span class='ocrx_word' id='word_1_184' title='bbox 1346 2351 1405 2416; x_wconf 77' lang='grc' dir='ltr'>οἶδε</span> <span class='ocrx_word' id='word_1_185' title='bbox 1428 2356 1543 2432; x_wconf 82' lang='grc' dir='ltr'>μόνοςό</span> 
     </span>
     <span class='ocr_line' id='line_1_18' title="bbox 246 2471 1542 2558; baseline 0.002 -25"><span class='ocrx_word' id='word_1_186' title='bbox 246 2479 336 2534; x_wconf 89' lang='grc' dir='ltr'>πάντα</span> <span class='ocrx_word' id='word_1_187' title='bbox 358 2472 438 2547; x_wconf 84' lang='grc' dir='ltr'>εἰδὼς</span> <span class='ocrx_word' id='word_1_188' title='bbox 460 2474 522 2546; x_wconf 81' lang='grc' dir='ltr'>θεός</span> <span class='ocrx_word' id='word_1_189' title='bbox 544 2473 592 2534; x_wconf 84' lang='grc' dir='ltr'>καί</span> <span class='ocrx_word' id='word_1_190' title='bbox 613 2476 629 2534; x_wconf 87' lang='grc' dir='ltr'>ό</span> <span class='ocrx_word' id='word_1_191' title='bbox 651 2477 733 2535; x_wconf 83' lang='grc' dir='ltr'>ταῦτα</span> <span class='ocrx_word' id='word_1_192' title='bbox 754 2474 848 2536; x_wconf 86' lang='grc' dir='ltr'>παθὼν</span> <span class='ocrx_word' id='word_1_193' title='bbox 871 2477 953 2550; x_wconf 76' lang='grc' dir='ltr'>μόνας</span> <span class='ocrx_word' id='word_1_194' title='bbox 976 2471 1041 2554; x_wconf 84' lang='grc' dir='ltr'>ἐγώ.</span> <span class='ocrx_word' id='word_1_195' title='bbox 1088 2476 1183 2536; x_wconf 88' lang='grc' dir='ltr'>ἀλλ’ό</span> <span class='ocrx_word' id='word_1_196' title='bbox 1204 2477 1268 2547; x_wconf 78' lang='grc' dir='ltr'>θεός</span> <span class='ocrx_word' id='word_1_197' title='bbox 1290 2481 1335 2536; x_wconf 89' lang='grc' dir='ltr'>τοῦ</span> <span class='ocrx_word' id='word_1_198' title='bbox 1365 2479 1466 2558; x_wconf 83' lang='grc' dir='ltr'>πατρός</span> <span class='ocrx_word' id='word_1_199' title='bbox 1488 2499 1542 2552; x_wconf 82' lang='grc' dir='ltr'>μου</span> 
     </span>
     <span class='ocr_line' id='line_1_19' title="bbox 247 2595 1610 2679; baseline 0.002 -25"><span class='ocrx_word' id='word_1_200' title='bbox 247 2595 292 2656; x_wconf 90' lang='grc' dir='ltr'>διά</span> <span class='ocrx_word' id='word_1_201' title='bbox 313 2602 366 2657; x_wconf 92' lang='grc' dir='ltr'>τῶν</span> <span class='ocrx_word' id='word_1_202' title='bbox 392 2595 543 2678; x_wconf 87' lang='grc' dir='ltr'>πρεσβειῶν</span> <span class='ocrx_word' id='word_1_203' title='bbox 565 2599 611 2657; x_wconf 90' lang='grc' dir='ltr'>τοῦ</span> <span class='ocrx_word' id='word_1_204' title='bbox 637 2597 724 2672; x_wconf 89' lang='grc' dir='ltr'>τιμίου</span> <span class='ocrx_word' id='word_1_205' title='bbox 750 2601 886 2676; x_wconf 82' lang='grc' dir='ltr'>προρητου</span> <span class='ocrx_word' id='word_1_206' title='bbox 915 2597 1075 2679; x_wconf 88' lang='grc' dir='ltr'>Προδρόμσυ</span> <span class='ocrx_word' id='word_1_207' title='bbox 1099 2597 1144 2658; x_wconf 88' lang='grc' dir='ltr'>καὶ</span> <span class='ocrx_word' id='word_1_208' title='bbox 1171 2599 1321 2658; x_wconf 89' lang='grc' dir='ltr'>Βαπτιστοῦ</span> <span class='ocrx_word' id='word_1_209' title='bbox 1348 2599 1451 2675; x_wconf 78' lang='grc' dir='ltr'>βοηθός</span> <span class='ocrx_word' id='word_1_210' title='bbox 1479 2597 1540 2674; x_wconf 88' lang='grc' dir='ltr'>ἐμοί</span> <span class='ocrx_word' id='word_1_211' title='bbox 1609 2639 1610 2676; x_wconf 59' lang='grc' dir='ltr'>γ</span> 
     </span>
     <span class='ocr_line' id='line_1_20' title="bbox 245 2713 1540 2803; baseline 0.002 -25"><span class='ocrx_word' id='word_1_212' title='bbox 245 2719 384 2799; x_wconf 84' lang='grc' dir='ltr'>προφανὴς</span> <span class='ocrx_word' id='word_1_213' title='bbox 407 2718 436 2778; x_wconf 89' lang='grc' dir='ltr'>ἐν</span> <span class='ocrx_word' id='word_1_214' title='bbox 463 2717 553 2798; x_wconf 89' lang='grc' dir='ltr'>στύλῳ</span> <span class='ocrx_word' id='word_1_215' title='bbox 578 2718 663 2798; x_wconf 88' lang='grc' dir='ltr'>πυρδς</span> <span class='ocrx_word' id='word_1_216' title='bbox 690 2713 757 2803; x_wconf 79' lang='grc' dir='ltr'>[διὰ]</span> <span class='ocrx_word' id='word_1_217' title='bbox 765 2717 791 2801; x_wconf 84' lang='lat'>⁴)</span> <span class='ocrx_word' id='word_1_218' title='bbox 817 2718 968 2799; x_wconf 90' lang='grc' dir='ltr'>πρεσβειῶν</span> <span class='ocrx_word' id='word_1_219' title='bbox 996 2720 1075 2780; x_wconf 79' lang='grc' dir='ltr'>αθτού</span> <span class='ocrx_word' id='word_1_220' title='bbox 1102 2719 1221 2800; x_wconf 76' lang='grc' dir='ltr'>φωτίζων</span> <span class='ocrx_word' id='word_1_221' title='bbox 1244 2718 1290 2780; x_wconf 85' lang='grc' dir='ltr'>καὶ</span> <span class='ocrx_word' id='word_1_222' title='bbox 1314 2717 1450 2801; x_wconf 78' lang='grc' dir='ltr'>διεξάγων</span> <span class='ocrx_word' id='word_1_223' title='bbox 1473 2722 1540 2800; x_wconf 76' lang='grc' dir='ltr'>πρός</span> 
     </span>
     <span class='ocr_line' id='line_1_21' title="bbox 244 2836 1539 2926; baseline 0.001 -27"><span class='ocrx_word' id='word_1_224' title='bbox 244 2841 351 2920; x_wconf 80' lang='grc' dir='ltr'>ἡμέραν</span> <span class='ocrx_word' id='word_1_225' title='bbox 373 2839 482 2919; x_wconf 82' lang='grc' dir='ltr'>ὁδηγῶν</span> <span class='ocrx_word' id='word_1_226' title='bbox 505 2837 663 2918; x_wconf 79' lang='grc' dir='ltr'>ἀναψύξεως</span> <span class='ocrx_word' id='word_1_227' title='bbox 684 2836 897 2926; x_wconf 86' lang='grc' dir='ltr'>προσδ[οκῶντι]</span> <span class='ocrx_word' id='word_1_228' title='bbox 905 2838 939 2923; x_wconf 84' lang='lat'>⁵),</span> <span class='ocrx_word' id='word_1_229' title='bbox 963 2842 1001 2900; x_wconf 86' lang='grc' dir='ltr'>ότι</span> <span class='ocrx_word' id='word_1_230' title='bbox 1021 2839 1068 2901; x_wconf 85' lang='grc' dir='ltr'>καί</span> <span class='ocrx_word' id='word_1_231' title='bbox 1089 2847 1138 2917; x_wconf 75' lang='grc' dir='ltr'>ιης</span> <span class='ocrx_word' id='word_1_232' title='bbox 1158 2841 1263 2902; x_wconf 87' lang='grc' dir='ltr'>ἐκεῖθεν</span> <span class='ocrx_word' id='word_1_233' title='bbox 1287 2842 1471 2918; x_wconf 76' lang='grc' dir='ltr'>ἐλπιζομένης</span> <span class='ocrx_word' id='word_1_234' title='bbox 1492 2863 1539 2917; x_wconf 87' lang='grc' dir='ltr'>μοι</span> 
     </span>
     <span class='ocr_line' id='line_1_22' title="bbox 246 2957 1538 3042; baseline 0.002 -22"><span class='ocrx_word' id='word_1_235' title='bbox 246 2959 279 3020; x_wconf 89' lang='grc' dir='ltr'>ἐκ</span> <span class='ocrx_word' id='word_1_236' title='bbox 300 2966 354 3020; x_wconf 86' lang='grc' dir='ltr'>τῶν</span> <span class='ocrx_word' id='word_1_237' title='bbox 377 2963 464 3042; x_wconf 85' lang='grc' dir='ltr'>ἔργων</span> <span class='ocrx_word' id='word_1_238' title='bbox 488 2957 566 3036; x_wconf 81' lang='grc' dir='ltr'>ἀξίας</span> <span class='ocrx_word' id='word_1_239' title='bbox 588 2963 732 3034; x_wconf 88' lang='grc' dir='ltr'>κολάσεως</span> <span class='ocrx_word' id='word_1_240' title='bbox 756 2963 889 3042; x_wconf 74' lang='grc' dir='ltr'>βοήσεται.</span> <span class='ocrx_word' id='word_1_241' title='bbox 920 2960 967 3022; x_wconf 83' lang='grc' dir='ltr'>καί</span> <span class='ocrx_word' id='word_1_242' title='bbox 988 2968 1094 3042; x_wconf 90' lang='grc' dir='ltr'>πρῶτον</span> <span class='ocrx_word' id='word_1_243' title='bbox 1116 2963 1168 3038; x_wconf 86' lang='grc' dir='ltr'>μὲν</span> <span class='ocrx_word' id='word_1_244' title='bbox 1188 2965 1234 3024; x_wconf 87' lang='grc' dir='ltr'>τόν</span> <span class='ocrx_word' id='word_1_245' title='bbox 1256 2964 1329 3024; x_wconf 87' lang='grc' dir='ltr'>θεῖον</span> <span class='ocrx_word' id='word_1_246' title='bbox 1349 2967 1414 3024; x_wconf 82' lang='grc' dir='ltr'>ναδν</span> <span class='ocrx_word' id='word_1_247' title='bbox 1436 2964 1538 3025; x_wconf 85' lang='grc' dir='ltr'>τουτονί</span> 
     </span>
     <span class='ocr_line' id='line_1_23' title="bbox 245 3079 1610 3180; baseline 0.001 -38"><span class='ocrx_word' id='word_1_248' title='bbox 245 3079 276 3155; x_wconf 81' lang='grc' dir='ltr'>ἐξ</span> <span class='ocrx_word' id='word_1_249' title='bbox 300 3083 387 3144; x_wconf 87' lang='grc' dir='ltr'>αύτῶν</span> <span class='ocrx_word' id='word_1_250' title='bbox 410 3083 542 3164; x_wconf 78' lang='grc' dir='ltr'>ἀνηγειρα</span> <span class='ocrx_word' id='word_1_251' title='bbox 563 3089 616 3144; x_wconf 91' lang='grc' dir='ltr'>τῶν</span> <span class='ocrx_word' id='word_1_252' title='bbox 639 3083 786 3164; x_wconf 80' lang='grc' dir='ltr'>κρηπίδων,</span> <span class='ocrx_word' id='word_1_253' title='bbox 810 3085 877 3144; x_wconf 85' lang='grc' dir='ltr'>ούτω</span> <span class='ocrx_word' id='word_1_254' title='bbox 893 3083 1076 3170; x_wconf 86' lang='grc' dir='ltr'>καλλωπίσας</span> <span class='ocrx_word' id='word_1_255' title='bbox 1092 3085 1171 3145; x_wconf 89' lang='grc' dir='ltr'>αύτδν</span> <span class='ocrx_word' id='word_1_256' title='bbox 1186 3085 1258 3146; x_wconf 88' lang='grc' dir='ltr'>κατά</span> <span class='ocrx_word' id='word_1_257' title='bbox 1271 3087 1302 3145; x_wconf 78' lang='grc' dir='ltr'>τό</span> <span class='ocrx_word' id='word_1_258' title='bbox 1318 3085 1460 3165; x_wconf 56' lang='grc' dir='ltr'>ἐγχωροῦν</span> <span class='ocrx_word' id='word_1_259' title='bbox 1477 3083 1537 3161; x_wconf 87' lang='grc' dir='ltr'>ἐμοὶ</span> <span class='ocrx_word' id='word_1_260' title='bbox 1609 3151 1610 3180; x_wconf 33' lang='grc' dir='ltr'>γ</span> 
     </span>
     <span class='ocr_line' id='line_1_24' title="bbox 244 3202 1538 3288; baseline 0.002 -25"><span class='ocrx_word' id='word_1_261' title='bbox 244 3210 293 3280; x_wconf 77' lang='grc' dir='ltr'>τῆς</span> <span class='ocrx_word' id='word_1_262' title='bbox 315 3202 418 3284; x_wconf 84' lang='grc' dir='ltr'>ἰσχύος,</span> <span class='ocrx_word' id='word_1_263' title='bbox 442 3205 520 3266; x_wconf 86' lang='grc' dir='ltr'>ἀλλὰ</span> <span class='ocrx_word' id='word_1_264' title='bbox 542 3204 589 3266; x_wconf 79' lang='grc' dir='ltr'>καί</span> <span class='ocrx_word' id='word_1_265' title='bbox 612 3205 723 3266; x_wconf 81' lang='grc' dir='ltr'>εἰκόνων</span> <span class='ocrx_word' id='word_1_266' title='bbox 746 3207 941 3286; x_wconf 78' lang='grc' dir='ltr'>λαμπρότητας</span> <span class='ocrx_word' id='word_1_267' title='bbox 958 3207 986 3266; x_wconf 88' lang='grc' dir='ltr'>ἐν</span> <span class='ocrx_word' id='word_1_268' title='bbox 1008 3205 1080 3286; x_wconf 80' lang='grc' dir='ltr'>αύτῷ</span> <span class='ocrx_word' id='word_1_269' title='bbox 1094 3205 1142 3267; x_wconf 84' lang='grc' dir='ltr'>καὶ</span> <span class='ocrx_word' id='word_1_270' title='bbox 1156 3206 1237 3288; x_wconf 85' lang='grc' dir='ltr'>ἱερῶν</span> <span class='ocrx_word' id='word_1_271' title='bbox 1259 3208 1414 3286; x_wconf 83' lang='grc' dir='ltr'>περιουσίαν</span> <span class='ocrx_word' id='word_1_272' title='bbox 1437 3213 1538 3268; x_wconf 82' lang='grc' dir='ltr'>σκευῶν</span> 
     </span>
     <span class='ocr_line' id='line_1_25' title="bbox 243 3323 1537 3411; baseline 0.001 -26"><span class='ocrx_word' id='word_1_273' title='bbox 243 3323 290 3386; x_wconf 90' lang='grc' dir='ltr'>καὶ</span> <span class='ocrx_word' id='word_1_274' title='bbox 312 3325 417 3387; x_wconf 90' lang='grc' dir='ltr'>λοιπῶν</span> <span class='ocrx_word' id='word_1_275' title='bbox 440 3326 574 3408; x_wconf 77' lang='grc' dir='ltr'>διαρόρων</span> <span class='ocrx_word' id='word_1_276' title='bbox 596 3328 778 3404; x_wconf 87' lang='grc' dir='ltr'>ἀναθημάτων</span> <span class='ocrx_word' id='word_1_277' title='bbox 800 3329 941 3409; x_wconf 86' lang='grc' dir='ltr'>πρόσθεσιν</span> <span class='ocrx_word' id='word_1_278' title='bbox 965 3329 1145 3408; x_wconf 83' lang='grc' dir='ltr'>ἐποιησάμην,</span> <span class='ocrx_word' id='word_1_279' title='bbox 1176 3329 1219 3390; x_wconf 89' lang='grc' dir='ltr'>ίνα</span> <span class='ocrx_word' id='word_1_280' title='bbox 1242 3329 1271 3388; x_wconf 88' lang='grc' dir='ltr'>ἐν</span> <span class='ocrx_word' id='word_1_281' title='bbox 1295 3329 1367 3408; x_wconf 81' lang='grc' dir='ltr'>αύτῷ</span> <span class='ocrx_word' id='word_1_282' title='bbox 1390 3331 1436 3390; x_wconf 80' lang='grc' dir='ltr'>τόν</span> <span class='ocrx_word' id='word_1_283' title='bbox 1459 3329 1537 3411; x_wconf 88' lang='grc' dir='ltr'>ιῖρτον</span> 
     </span>
     <span class='ocr_line' id='line_1_26' title="bbox 244 3445 1537 3531; baseline 0.004 -26"><span class='ocrx_word' id='word_1_284' title='bbox 244 3446 269 3506; x_wconf 82' lang='grc' dir='ltr'>οἱ</span> <span class='ocrx_word' id='word_1_285' title='bbox 291 3445 405 3528; x_wconf 77' lang='grc' dir='ltr'>ἀδελφοὶ</span> <span class='ocrx_word' id='word_1_286' title='bbox 432 3450 612 3526; x_wconf 80' lang='grc' dir='ltr'>συναγόμενον</span> <span class='ocrx_word' id='word_1_287' title='bbox 635 3447 675 3521; x_wconf 87' lang='grc' dir='ltr'>είς</span> <span class='ocrx_word' id='word_1_288' title='bbox 697 3447 779 3522; x_wconf 81' lang='grc' dir='ltr'>δόξαν</span> <span class='ocrx_word' id='word_1_289' title='bbox 809 3449 915 3510; x_wconf 88' lang='grc' dir='ltr'>ἐσθίωσι</span> <span class='ocrx_word' id='word_1_290' title='bbox 934 3453 980 3510; x_wconf 90' lang='grc' dir='ltr'>τού</span> <span class='ocrx_word' id='word_1_291' title='bbox 1007 3451 1079 3531; x_wconf 90' lang='grc' dir='ltr'>θεοῦ,</span> <span class='ocrx_word' id='word_1_292' title='bbox 1110 3450 1188 3510; x_wconf 84' lang='grc' dir='ltr'>ἀλλά</span> <span class='ocrx_word' id='word_1_293' title='bbox 1213 3448 1260 3510; x_wconf 90' lang='grc' dir='ltr'>καὶ</span> <span class='ocrx_word' id='word_1_294' title='bbox 1286 3450 1437 3531; x_wconf 87' lang='grc' dir='ltr'>προσόδους</span> <span class='ocrx_word' id='word_1_295' title='bbox 1466 3451 1537 3522; x_wconf 82' lang='grc' dir='ltr'>τινάς</span> 
     </span>
     <span class='ocr_line' id='line_1_27' title="bbox 244 3567 1535 3654; baseline 0.004 -28"><span class='ocrx_word' id='word_1_296' title='bbox 244 3567 320 3629; x_wconf 84' lang='grc' dir='ltr'>ἐλέει</span> <span class='ocrx_word' id='word_1_297' title='bbox 341 3574 395 3629; x_wconf 87' lang='grc' dir='ltr'>τῶν</span> <span class='ocrx_word' id='word_1_298' title='bbox 418 3569 625 3652; x_wconf 76' lang='grc' dir='ltr'>μεγαλοδῶρων</span> <span class='ocrx_word' id='word_1_299' title='bbox 648 3570 781 3632; x_wconf 86' lang='grc' dir='ltr'>αύθεντῶν</span> <span class='ocrx_word' id='word_1_300' title='bbox 804 3569 852 3632; x_wconf 89' lang='grc' dir='ltr'>καί</span> <span class='ocrx_word' id='word_1_301' title='bbox 874 3570 1013 3646; x_wconf 84' lang='grc' dir='ltr'>βασιλέων</span> <span class='ocrx_word' id='word_1_302' title='bbox 1035 3577 1068 3654; x_wconf 79' lang='grc' dir='ltr'>τῇ</span> <span class='ocrx_word' id='word_1_303' title='bbox 1092 3577 1161 3653; x_wconf 78' lang='grc' dir='ltr'>μονῇ</span> <span class='ocrx_word' id='word_1_304' title='bbox 1183 3573 1380 3652; x_wconf 83' lang='grc' dir='ltr'>ἀπεκλήρωσα,</span> <span class='ocrx_word' id='word_1_305' title='bbox 1404 3575 1470 3646; x_wconf 78' lang='grc' dir='ltr'>ὅσας</span> <span class='ocrx_word' id='word_1_306' title='bbox 1492 3572 1535 3633; x_wconf 86' lang='grc' dir='ltr'>καί</span> 
     </span>
     <span class='ocr_line' id='line_1_28' title="bbox 243 3689 1535 3776; baseline 0.004 -27"><span class='ocrx_word' id='word_1_307' title='bbox 243 3689 302 3762; x_wconf 85' lang='grc' dir='ltr'>οἵας</span> <span class='ocrx_word' id='word_1_308' title='bbox 331 3689 501 3769; x_wconf 88' lang='grc' dir='ltr'>ἐλογισάμην</span> <span class='ocrx_word' id='word_1_309' title='bbox 528 3694 584 3764; x_wconf 84' lang='grc' dir='ltr'>τοῖς</span> <span class='ocrx_word' id='word_1_310' title='bbox 606 3691 652 3752; x_wconf 77' lang='grc' dir='ltr'>τόν</span> <span class='ocrx_word' id='word_1_311' title='bbox 682 3697 788 3773; x_wconf 81' lang='grc' dir='ltr'>μονηρη</span> <span class='ocrx_word' id='word_1_312' title='bbox 810 3691 857 3753; x_wconf 88' lang='grc' dir='ltr'>καί</span> <span class='ocrx_word' id='word_1_313' title='bbox 885 3693 1025 3773; x_wconf 84' lang='grc' dir='ltr'>ἀπέριττον</span> <span class='ocrx_word' id='word_1_314' title='bbox 1048 3693 1106 3768; x_wconf 90' lang='grc' dir='ltr'>βίον</span> <span class='ocrx_word' id='word_1_315' title='bbox 1130 3693 1347 3776; x_wconf 84' lang='grc' dir='ltr'>ἐπανῃρημένοις</span> <span class='ocrx_word' id='word_1_316' title='bbox 1369 3696 1426 3768; x_wconf 86' lang='grc' dir='ltr'>τοῖς</span> <span class='ocrx_word' id='word_1_317' title='bbox 1449 3695 1535 3772; x_wconf 84' lang='grc' dir='ltr'>ἀναγ-</span> 
     </span>
     <span class='ocr_line' id='line_1_29' title="bbox 242 3808 1535 3896; baseline 0.007 -27"><span class='ocrx_word' id='word_1_318' title='bbox 242 3809 331 3883; x_wconf 87' lang='grc' dir='ltr'>καίοις</span> <span class='ocrx_word' id='word_1_319' title='bbox 354 3811 456 3890; x_wconf 84' lang='grc' dir='ltr'>ἀρκεῖν.</span> <span class='ocrx_word' id='word_1_320' title='bbox 488 3814 554 3886; x_wconf 89' lang='grc' dir='ltr'>όσας</span> <span class='ocrx_word' id='word_1_321' title='bbox 570 3808 616 3874; x_wconf 87' lang='grc' dir='ltr'>σύν</span> <span class='ocrx_word' id='word_1_322' title='bbox 630 3813 679 3886; x_wconf 79' lang='grc' dir='ltr'>τὰς</span> <span class='ocrx_word' id='word_1_323' title='bbox 701 3813 861 3894; x_wconf 88' lang='grc' dir='ltr'>εύεργεσίας</span> <span class='ocrx_word' id='word_1_324' title='bbox 883 3812 993 3887; x_wconf 80' lang='grc' dir='ltr'>καὶτὰς</span> <span class='ocrx_word' id='word_1_325' title='bbox 1015 3815 1174 3892; x_wconf 71' lang='grc' dir='ltr'>ἀντιλήψεις</span> <span class='ocrx_word' id='word_1_326' title='bbox 1197 3817 1278 3894; x_wconf 83' lang='grc' dir='ltr'>ἔσχον</span> <span class='ocrx_word' id='word_1_327' title='bbox 1295 3815 1328 3876; x_wconf 90' lang='grc' dir='ltr'>ἐκ</span> <span class='ocrx_word' id='word_1_328' title='bbox 1341 3819 1388 3876; x_wconf 86' lang='grc' dir='ltr'>τοῦ</span> <span class='ocrx_word' id='word_1_329' title='bbox 1407 3817 1535 3896; x_wconf 81' lang='grc' dir='ltr'>θεορρον-</span> 
     </span>
     <span class='ocr_line' id='line_1_30' title="bbox 242 3932 1534 4018; baseline 0.002 -24"><span class='ocrx_word' id='word_1_330' title='bbox 242 3935 323 4015; x_wconf 80' lang='grc' dir='ltr'>ρητου</span> <span class='ocrx_word' id='word_1_331' title='bbox 346 3932 393 3996; x_wconf 88' lang='grc' dir='ltr'>καὶ</span> <span class='ocrx_word' id='word_1_332' title='bbox 415 3935 573 4016; x_wconf 82' lang='grc' dir='ltr'>θεσστεφοῦς</span> <span class='ocrx_word' id='word_1_333' title='bbox 589 3937 675 3996; x_wconf 91' lang='grc' dir='ltr'>αύτῶν</span> <span class='ocrx_word' id='word_1_334' title='bbox 695 3938 810 4016; x_wconf 90' lang='grc' dir='ltr'>κράτους</span> <span class='ocrx_word' id='word_1_335' title='bbox 824 3936 864 4008; x_wconf 86' lang='grc' dir='ltr'>τίς</span> <span class='ocrx_word' id='word_1_336' title='bbox 885 3934 1020 4015; x_wconf 81' lang='grc' dir='ltr'>ἐξισχύσει</span> <span class='ocrx_word' id='word_1_337' title='bbox 1041 3937 1357 4017; x_wconf 82' lang='grc' dir='ltr'>ἀπαριθμήσασθαι,’τάς</span> <span class='ocrx_word' id='word_1_338' title='bbox 1372 3937 1418 3998; x_wconf 81' lang='grc' dir='ltr'>διὰ</span> <span class='ocrx_word' id='word_1_339' title='bbox 1433 3939 1534 4018; x_wconf 88' lang='grc' dir='ltr'>λόγων,</span> 
     </span>
     <span class='ocr_line' id='line_1_31' title="bbox 240 4051 1533 4140; baseline 0.002 -25"><span class='ocrx_word' id='word_1_340' title='bbox 240 4055 291 4128; x_wconf 88' lang='grc' dir='ltr'>τάς</span> <span class='ocrx_word' id='word_1_341' title='bbox 315 4055 350 4117; x_wconf 87' lang='grc' dir='ltr'>δι’</span> <span class='ocrx_word' id='word_1_342' title='bbox 364 4056 462 4139; x_wconf 82' lang='grc' dir='ltr'>ἔργων,</span> <span class='ocrx_word' id='word_1_343' title='bbox 486 4051 545 4130; x_wconf 90' lang='grc' dir='ltr'>τάς·</span> <span class='ocrx_word' id='word_1_344' title='bbox 558 4051 602 4116; x_wconf 91' lang='grc' dir='ltr'>διά</span> <span class='ocrx_word' id='word_1_345' title='bbox 621 4055 725 4118; x_wconf 83' lang='grc' dir='ltr'>δόσεων</span> <span class='ocrx_word' id='word_1_346' title='bbox 743 4054 791 4118; x_wconf 89' lang='grc' dir='ltr'>καὶ</span> <span class='ocrx_word' id='word_1_347' title='bbox 812 4064 1002 4140; x_wconf 64' lang='grc' dir='ltr'>συνεισρορῶνγ</span> <span class='ocrx_word' id='word_1_348' title='bbox 1026 4056 1166 4118; x_wconf 81' lang='grc' dir='ltr'>ἀλλὰκαὶ</span> <span class='ocrx_word' id='word_1_349' title='bbox 1181 4060 1250 4119; x_wconf 86' lang='grc' dir='ltr'>όσων</span> <span class='ocrx_word' id='word_1_350' title='bbox 1267 4060 1430 4139; x_wconf 87' lang='grc' dir='ltr'>εύεργεσιῶν</span> <span class='ocrx_word' id='word_1_351' title='bbox 1444 4080 1476 4120; x_wconf 91' lang='grc' dir='ltr'>τε</span> <span class='ocrx_word' id='word_1_352' title='bbox 1490 4059 1533 4120; x_wconf 83' lang='grc' dir='ltr'>καὶ</span> 
     </span>
     <span class='ocr_line' id='line_1_32' title="bbox 241 4177 1533 4262; baseline 0.002 -25"><span class='ocrx_word' id='word_1_353' title='bbox 241 4177 351 4257; x_wconf 89' lang='grc' dir='ltr'>δωρεῶν</span> <span class='ocrx_word' id='word_1_354' title='bbox 367 4183 400 4260; x_wconf 80' lang='grc' dir='ltr'>ιῄ</span> <span class='ocrx_word' id='word_1_355' title='bbox 415 4179 539 4262; x_wconf 81' lang='grc' dir='ltr'>ἡμετέρᾳ</span> <span class='ocrx_word' id='word_1_356' title='bbox 559 4179 689 4257; x_wconf 88' lang='grc' dir='ltr'>γεγόνασι</span> <span class='ocrx_word' id='word_1_357' title='bbox 705 4185 775 4262; x_wconf 80' lang='grc' dir='ltr'>μονῇ</span> <span class='ocrx_word' id='word_1_358' title='bbox 797 4183 930 4261; x_wconf 85' lang='grc' dir='ltr'>παροχεῖς</span> <span class='ocrx_word' id='word_1_359' title='bbox 946 4179 971 4240; x_wconf 84' lang='grc' dir='ltr'>οἱ</span> <span class='ocrx_word' id='word_1_360' title='bbox 992 4177 1175 4260; x_wconf 80' lang='grc' dir='ltr'>φιλάνθρωποι</span> <span class='ocrx_word' id='word_1_361' title='bbox 1191 4178 1238 4240; x_wconf 87' lang='grc' dir='ltr'>καὶ</span> <span class='ocrx_word' id='word_1_362' title='bbox 1254 4180 1326 4259; x_wconf 80' lang='grc' dir='ltr'>ύγιοί</span> <span class='ocrx_word' id='word_1_363' title='bbox 1342 4201 1394 4256; x_wconf 85' lang='grc' dir='ltr'>μου</span> <span class='ocrx_word' id='word_1_364' title='bbox 1409 4182 1533 4242; x_wconf 76' lang='grc' dir='ltr'>σιίθένται</span> 
     </span>
     <span class='ocr_line' id='line_1_33' title="bbox 240 4297 1531 4385; baseline 0.005 -27"><span class='ocrx_word' id='word_1_365' title='bbox 240 4297 287 4358; x_wconf 86' lang='grc' dir='ltr'>καὶ</span> <span class='ocrx_word' id='word_1_366' title='bbox 309 4299 443 4382; x_wconf 85' lang='grc' dir='ltr'>βασιλεῖς,</span> <span class='ocrx_word' id='word_1_367' title='bbox 466 4298 607 4382; x_wconf 81' lang='grc' dir='ltr'>ἀριδηλως</span> <span class='ocrx_word' id='word_1_368' title='bbox 628 4300 776 4380; x_wconf 87' lang='grc' dir='ltr'>παριστῶσι</span> <span class='ocrx_word' id='word_1_369' title='bbox 798 4301 831 4362; x_wconf 91' lang='grc' dir='ltr'>τά</span> <span class='ocrx_word' id='word_1_370' title='bbox 845 4301 920 4382; x_wconf 83' lang='grc' dir='ltr'>παρὰ</span> <span class='ocrx_word' id='word_1_371' title='bbox 934 4308 983 4378; x_wconf 78' lang='grc' dir='ltr'>τῆς</span> <span class='ocrx_word' id='word_1_372' title='bbox 998 4302 1080 4382; x_wconf 89' lang='grc' dir='ltr'>άγίας</span> <span class='ocrx_word' id='word_1_373' title='bbox 1103 4301 1189 4362; x_wconf 83' lang='grc' dir='ltr'>αίπῶν</span> <span class='ocrx_word' id='word_1_374' title='bbox 1211 4301 1355 4378; x_wconf 89' lang='grc' dir='ltr'>βασιλείας</span> <span class='ocrx_word' id='word_1_375' title='bbox 1376 4305 1531 4385; x_wconf 72' lang='grc' dir='ltr'>τῇτσιούση</span> 
     </span>
    </p>
   </div>
   <div class='ocr_carea' id='block_1_3' title="bbox 238 4583 1528 4746">
    <p class='ocr_par' dir='ltr' id='par_1_4' title="bbox 238 4583 1528 4746">
     <span class='ocr_line' id='line_1_34' title="bbox 344 4583 1528 4656; baseline 0.008 -24"><span class='ocrx_word' id='word_1_376' title='bbox 344 4583 364 4648; x_wconf 87' lang='lat'>¹)</span> <span class='ocrx_word' id='word_1_377' title='bbox 383 4583 523 4650; x_wconf 79' lang='lat' dir='ltr'>Supplevit</span> <span class='ocrx_word' id='word_1_378' title='bbox 539 4586 565 4637; x_wconf 84' lang='grc'>8.</span> <span class='ocrx_word' id='word_1_379' title='bbox 637 4585 658 4652; x_wconf 87' lang='lat'>²)</span> <span class='ocrx_word' id='word_1_380' title='bbox 677 4587 737 4638; x_wconf 79' lang='lat' dir='ltr'>vid.</span> <span class='ocrx_word' id='word_1_381' title='bbox 757 4603 837 4656; x_wconf 69' lang='lat' dir='ltr'>supra</span> <span class='ocrx_word' id='word_1_382' title='bbox 855 4603 915 4656; x_wconf 70' lang='lat' dir='ltr'>pag.</span> <span class='ocrx_word' id='word_1_383' title='bbox 934 4589 992 4640; x_wconf 78' lang='lat'><strong>433.</strong></span> <span class='ocrx_word' id='word_1_384' title='bbox 1066 4587 1086 4655; x_wconf 67' lang='grc' dir='ltr'>ί)</span> <span class='ocrx_word' id='word_1_385' title='bbox 1106 4585 1310 4656; x_wconf 84' lang='grc' dir='ltr'>συγκατακληθεὶς</span> <span class='ocrx_word' id='word_1_386' title='bbox 1329 4588 1355 4640; x_wconf 82' lang='grc' dir='ltr'>Β.</span> <span class='ocrx_word' id='word_1_387' title='bbox 1427 4589 1449 4654; x_wconf 84' lang='lat'>⁴)</span> <span class='ocrx_word' id='word_1_388' title='bbox 1468 4589 1528 4655; x_wconf 86' lang='lat' dir='ltr'>Sup-</span> 
     </span>
     <span class='ocr_line' id='line_1_35' title="bbox 238 4675 664 4746; baseline 0.016 -20"><span class='ocrx_word' id='word_1_389' title='bbox 238 4675 324 4742; x_wconf 79' lang='lat' dir='ltr'>plevit</span> <span class='ocrx_word' id='word_1_390' title='bbox 341 4677 366 4728; x_wconf 78' lang='lat' dir='ltr'>S.</span> <span class='ocrx_word' id='word_1_391' title='bbox 439 4679 459 4744; x_wconf 77' lang='lat'>⁶)</span> <span class='ocrx_word' id='word_1_392' title='bbox 479 4679 620 4746; x_wconf 77' lang='lat' dir='ltr'>Supplevit</span> <span class='ocrx_word' id='word_1_393' title='bbox 638 4681 664 4733; x_wconf 80' lang='lat' dir='ltr'>S.</span> 
     </span>
    </p>
   </div>
   <div class='ocr_carea' id='block_1_4' title="bbox 0 0 1628 5288">
    <p class='ocr_par' dir='ltr' id='par_1_5' title="bbox 0 0 1628 5288">
     <span class='ocr_line' id='line_1_36' title="bbox 0 0 1628 5288; baseline 0 3"><span class='ocrx_word' id='word_1_394' title='bbox 0 0 1628 5288; x_wconf 95' lang='lat' dir='ltr'> </span> 
     </span>
    </p>
   </div>
  </div>
 </body>
</html>
