3240 5286
1297 359 1359 424 267

70 551 177 608 σκιάσαι
200 551 282 624 μόνον
304 551 366 621 τοῦς
389 551 558 628 ἀκάμαντας,
582 551 690 632 ἀμυθράι
708 550 770 631 περί
786 553 873 612 αύτῶν
888 550 1005 632 εἰρηκὼς
1020 550 1067 611 καὶ
1082 555 1138 622 τοῖς
1154 553 1192 627 μὴ
1208 552 1253 612 διὰ
1267 553 1364 634 πείρας

71 668 166 728 εἶδέσιν
194 669 268 731 οῦπω
295 691 329 750 γε
356 675 494 750 γνώριμα·
523 671 609 732 τοίνυν
636 671 682 733 καὶ
705 673 739 733 τά
761 680 810 750 τῆς
833 674 952 754 ἀγωνίας
975 677 1013 747 ῶς
1036 675 1096 752 ἔχει
1118 671 1255 747 διεξέλθοι
1278 677 1362 752 σαφέ-

70 813 173 872 στερον.
200 793 304 866 βάλλει
320 793 370 868 μὲν
386 793 446 853 ἐκεῖ
460 795 554 872 θέρους
568 793 648 869 ἥλιος
662 795 773 875 φλέγων
787 797 888 876 πέτρας
903 798 952 856 σῦκ
966 795 1081 856 ἔλαττον
1095 799 1114 870 ἡ
1128 799 1179 876 πῦρ
1192 795 1220 855 ἐν
1234 796 1364 868 ἀκάνθαις

69 918 160 994 πεσόν,
184 915 335 994 συμφλέγει
359 914 384 975 θ’
397 914 466 994 ἀέρα
487 913 534 974 καὶ
554 919 646 975 τοῦτον
670 917 707 988 ὡς
731 916 764 976 ἐκ
786 917 900 991 καμίνου
923 917 994 976 κατὰ
1012 920 1155 996 πρόσωπον
1172 916 1288 992 βάλλων
1303 917 1364 977 λύει

70 1039 183 1112 πύματα
204 1042 258 1097 τῶν
280 1042 313 1118 τῇ
337 1035 419 1115 φλογὶ
440 1039 672 1117 προσπιπτόντων·
701 1039 727 1098 οἱ
749 1037 781 1098 θὲ
806 1037 1009 1119 διακαρτεροῦσι
1032 1041 1159 1119 μακάριοι
1181 1044 1235 1098 τῶν
1257 1039 1362 1100 παλαι-

69 1163 187 1241 σμάτων,
208 1161 248 1220 ἀτι
263 1162 396 1235 σωμάτων
411 1161 662 1238 καταφρονήσαντες
677 1158 765 1220 ούθενὶ
781 1160 815 1236 δή
830 1181 879 1221 τινι
894 1161 1076 1220 καλίκττσνται
1092 1158 1137 1220 διὰ
1151 1160 1200 1233 τὰς
1216 1158 1364 1242 ἀφθάρτους

70 1279 194 1354 ἐλπίδας.
225 1279 311 1344 τοίνυν
335 1279 398 1342 οῦδὲ
419 1281 486 1361 πρὸς
508 1283 576 1361 ὅπερ
600 1282 665 1360 ἔφην
688 1284 770 1358 μόνον
792 1286 852 1363 πῦρ
867 1283 961 1355 αὐτοθς
977 1283 1124 1357 θοκιμάζον
1142 1281 1257 1364 ἰσχυρῶς
1271 1303 1362 1363 παρα-

68 1405 207 1464 τάττονται
230 1402 277 1464 καὶ
301 1402 345 1464 διὰ
367 1403 466 1474 τέλους
487 1408 589 1483 νικῶσι,
613 1403 691 1464 ἀλλά
713 1402 759 1464 καὶ
782 1406 896 1483 νιφετοῖς
918 1402 965 1463 καὶ
987 1405 1067 1482 ψύχει
1085 1403 1362 1486 προσταλαιπωροῦσι,

68 1525 194 1605 πολεμίῳ
223 1525 258 1600 δή
288 1545 337 1586 τινι
368 1527 494 1600 σώματος
524 1525 649 1606 ἀφορήτῳ
671 1525 718 1586 καὶ
741 1525 890 1607 φθαρτικῷ·
923 1527 970 1586 καί
991 1547 1026 1606 γε
1049 1525 1093 1586 θιά
1114 1527 1197 1606 πυρθς
1221 1525 1364 1607 ἐρχόμενοι

70 1647 231 1722 δοκιμασίας
254 1647 393 1727 μεγάλης,
426 1649 522 1729 μικρὸν
544 1647 616 1728 ύθωρ
645 1647 812 1730 νομίσαντες,
843 1648 889 1710 θιά
911 1650 1007 1729 κρύους
1029 1647 1076 1708 καὶ
1097 1649 1209 1724 πήξεως
1232 1646 1271 1721 είς
1294 1649 1364 1708 ἀνα-

69 1771 157 1848 ψυχὴν
180 1773 309 1850 χωροῦσι,
333 1764 481 1846 θαυμαστοί
502 1789 573 1842 τινες
594 1776 647 1830 τῶν
671 1773 786 1850 ἀγώνων
808 1771 855 1832 καὶ
875 1776 924 1848 τῆς
939 1771 1092 1853 καρτερίας,
1115 1770 1215 1850 πολλῷ
1231 1770 1262 1830 θὲ
1277 1771 1364 1832 πλέον

69 1897 115 1968 τῆς
146 1893 216 1972 προς
237 1893 283 1952 τὀν
308 1892 483 1969 πολεμοῦντα
505 1895 601 1972 μάχης
622 1892 669 1954 καὶ
690 1900 744 1954 τῶν
767 1896 828 1955 κατ’
841 1895 921 1956 σάτοῦ
942 1890 1087 1974 τροπαίων,
1110 1891 1157 1954 καὶ
1179 1895 1219 1954 ὅτι
1242 1892 1275 1968 δὴ
1297 1894 1365 1972 πράς

68 2018 159 2074 τοῦτον
181 2013 229 2074 καί
251 2015 300 2092 τὴν
322 2015 405 2074 κτίσιν
428 2015 518 2096 ὥοπερ
537 2015 747 2090 πολεμωθεϊσαν
770 2015 859 2086 αύτοῑς
879 2016 1118 2088 ἀντικαταστάντας
1133 2016 1185 2093 οθχ
1199 2015 1363 2094 ἡττήθησαν,

68 2136 317 2215 οὐδ’ύπεχιύρηοαν
333 2138 372 2208 ὡς
388 2136 422 2212 δή
438 2157 508 2209 τινες
523 2139 683 2214 κάμνοντες,
700 2139 768 2198 ἀλλ’
777 2137 921 2198 ἀνέκδοτον
936 2139 1019 2218 μέχρι
1033 2138 1134 2209 παντὸς
1149 2137 1308 2216 φυλάττουσι
1318 2137 1364 2196 τὀν

68 2261 154 2318 τόνον.
186 2259 260 2318 ταῦτ’
274 2259 326 2339 άρα
348 2256 396 2318 καὶ
418 2261 518 2330 πάντες
540 2257 591 2334 μὲν
615 2258 698 2320 ἀλλοι
714 2254 758 2319 θιά
772 2259 880 2320 πολλοῦ
895 2260 957 2332 τούς
973 2258 1072 2340 ἀνδρας
1085 2263 1220 2320 ποιοῦνται
1236 2263 1281 2319 τοῦ
1297 2259 1364 2318 θαύ-

69 2401 166 2456 ματος,
189 2379 236 2440 καὶ
252 2381 309 2440 ὅσοι
323 2378 386 2461 περὶ
401 2380 488 2440 αύτιῦν
503 2381 630 2458 λέγουσιν
646 2381 776 2460 εῦφημσις
790 2383 904 2460 λέγουσι
918 2384 979 2453 ταῖς
993 2383 1144 2461 γλώτταις·
1168 2383 1187 2459 ἠ
1202 2380 1234 2441 δὲ
1245 2381 1368 2460 ἡμετέρα

71 2503 202 2576 βασιλεία
216 2501 262 2562 καί
278 2499 347 2564 πάνυ
362 2523 387 2562 τι
404 2505 525 2579 εὐμενῶς
538 2501 600 2584 περὶ
615 2503 664 2578 τὴν
680 2503 831 2580 οεβασμίαν
846 2505 928 2580 τηνθε
944 2509 997 2564 τῶν
1012 2505 1081 2564 ούτω
1093 2504 1228 2583 θεοφιλῶς
1240 2505 1367 2580 βιούντων

68 2628 85 2700 ἢ
111 2623 225 2699 μᾶλλον
249 2623 430 2684 διαθλούντων
454 2625 539 2700 μονὴν
562 2625 745 2704 θιατιθεμένη,
777 2625 854 2686 ἀλλα
876 2647 907 2686 τε
929 2627 1011 2708 ταύιη
1036 2626 1137 2704 ἐναργῆ
1162 2620 1297 2704 δείγματα
1318 2631 1368 2703 τῆς

70 2747 213 2822 εὐμενείας
242 2749 407 2828 παρέσχετο,
438 2745 485 2808 καὶ
514 2749 612 2826 πάντα,
644 2749 746 2828 ὅσαπερ
777 2749 879 2827 φθάσας
901 2749 1001 2828 χρόνος
1025 2747 1058 2808 ἐκ
1081 2747 1214 2828 διαφόρων
1237 2747 1366 2827 ἀφορμῶν

69 2870 135 2951 Q
165 2873 369 2950 περιποιήσατσ,
400 2868 618 2950 χρυσοβούλλσις
648 2868 695 2928 καί
724 2871 832 2940 λοιποῖς
863 2868 1041 2950 στηρίγμασιν
1064 2869 1270 2946 ἀμετακινήτως
1292 2869 1366 2947 ἔχειν

70 2991 248 3064 ἐβεβαίωσεν.
296 2989 340 3052 ἐπὶ
368 2991 400 3052 δὲ
426 2992 528 3062 τούτοις
556 2992 613 3052 ἐστὶ
634 2989 682 3051 καὶ
704 2996 734 3052 τῦ
756 2999 802 3052 νῦν
824 2995 999 3071 γιγνόμενον,
1030 2995 1088 3067 ἅμα
1111 2991 1161 3067 μὲν
1184 2990 1250 3070 ύπέρ
1274 2991 1365 3072 αὐτῖγς,

69 3115 127 3187 ἅμα
159 3111 192 3173 ἀὲ
221 3119 272 3191 τῆς
296 3113 325 3173 ἐν
346 3120 380 3196 τῇ
404 3114 597 3192 μεγαλοπόλει
619 3113 686 3196 τῇδε
708 3113 860 3190 σεβασμίας
883 3119 979 3194 μονῆς,
1008 3119 1057 3190 τῆς
1078 3117 1125 3173 τοῦ
1147 3115 1209 3174 θεοῦ
1231 3133 1297 3191 φημι
1319 3111 1367 3172 καὶ

69 3237 200 3315 Σωτῆρος
220 3237 301 3312 ἡμῶν
316 3236 513 3315 Ἀναστάσεως,
537 3236 708 3296 ἐπισυνάπτει
730 3235 784 3314 γὰρ
807 3235 961 3315 ἀμφοτέρας
981 3233 1029 3294 καὶ
1045 3233 1084 3305 εἰς
1099 3237 1128 3294 ἓν
1145 3236 1214 3314 ἀγει.
1239 3233 1286 3294 καὶ
1302 3235 1366 3310 μίαν

70 3357 103 3416 ἐκ
126 3359 174 3418 ἀύο
196 3363 251 3418 τῶν
275 3359 411 3438 προτέρων
427 3358 510 3430 αῦτάς
525 3357 651 3437 δείκνυσι,
673 3361 762 3418 πάντα
777 3357 855 3418 κοινά
871 3351 939 3416 εἶναι
953 3361 999 3417 τοῦ
1014 3356 1120 3436 λοιποῦ,
1144 3356 1194 3416 ὅσα
1209 3356 1242 3431 δὴ
1259 3357 1367 3428 ταύταις

69 3481 121 3540 ἀνάι
149 3481 235 3560 μέρος
256 3477 325 3558 ἦσαν
351 3477 535 3561 προστάξασα,
562 3481 609 3540 καί
631 3501 665 3560 γε
687 3481 728 3560 ὑφ’
742 3483 790 3539 ἕνα
811 3479 858 3540 καὶ
880 3481 926 3540 τάν
950 3481 1027 3540 αύτθν
1050 3480 1230 3555 πνευματικὸν
1253 3479 1366 3556 ἄγεσθαι

69 3603 248 3682 διδάσκαλον,
278 3609 332 3664 τῶν
362 3603 391 3662 ἐν
418 3603 582 3682 ἀμφοτέραις
609 3609 749 3679 μοναστῶν
778 3601 837 3663 κατ’
851 3602 908 3663 ἴσον
935 3601 982 3662 καὶ
1009 3603 1054 3662 τ“ον
1083 3603 1160 3662 αἰπύν
1185 3599 1366 3679 ἐξηγούμενον

69 3727 178 3805 τρόπον,
203 3723 250 3786 καὶ
272 3731 326 3785 τῶν
349 3726 409 3784 κατ’
419 3725 502 3796 αῦτάς
523 3728 691 3806 πραγμάτων
710 3725 924 3799 ἐπιμελούμενον
940 3723 1041 3799 ὁμοίως
1056 3722 1102 3784 καὶ
1117 3729 1201 3784 ταῦτα
1217 3724 1366 3784 διοικοῦντα

69 3849 175 3922 καλῶς,
210 3847 308 3920 καλῶς
329 3849 586 3926 προμηθευσαμένη.
632 3847 700 3906 ούτω
722 3845 784 3926 περὶ
807 3848 893 3908 αύτῶν
918 3848 1000 3928 ἔγνω,
1027 3846 1074 3906 καὶ
1096 3848 1145 3922 τὴν
1169 3846 1250 3922 αὐτὴν
1273 3848 1366 3906 ἕνωσιν

71 3971 154 4043 οῦτως
179 3970 256 4047 ἔχειν
278 3971 296 4045 ἠ
319 3970 442 4048 ἡμετέρα
464 3968 592 4041 βασιλεία
614 3967 764 4049 προσέταξε
787 3973 811 4044 †.

175 4115 263 4170 Εαίαί
283 4116 312 4168 ἀι
331 4117 387 4168 cod.
406 4115 524 4168 ύάύίίούά.
542 4116 706 4168 Ραιάυίσπσίσ
723 4133 766 4186 φτ,
784 4115 834 4168 Nr.
854 4117 947 4183 2105,
969 4131 1001 4168 aa
1020 4131 1072 4184 qao
1088 4115 1172 4170 edidit
1187 4116 1364 4182 Βοίσσυκαιίσ,

71 4221 169 4274 Ancaei.
190 4237 291 4290 φτατσα
307 4196 353 4273 ΙΙ..
366 4237 397 4289 p.
420 4221 467 4288 77,
489 4226 514 4273 ού
532 4220 629 4273 ita-am
646 4219 811 4288 Zachariae,
832 4219 885 4272 Jaa
903 4236 1152 4289 graeco-romanam
1169 4220 1227 4273 ΙΙΙ.
1243 4238 1273 4289 p.
1294 4221 1364 4274 656.

72 4326 106 4378 Ιιι
121 4326 210 4380 οοάίου
220 4331 285 4394 ροσε
300 4315 452 4398 προσέταξε
464 4323 592 4378 additur:
608 4315 654 4376 καὶ
668 4317 749 4394 ἔσχεν
762 4318 854 4388 ούτως.
875 4323 952 4377 Haec
962 4324 1046 4376 verba
1057 4341 1110 4376 aaa
1121 4325 1159 4378 ad
1170 4325 1366 4394 οάτφσούκύίυπι

68 4431 212 4498 pertinere,
230 4430 432 4499 adscriptam
447 4435 538 4482 aotam
554 4429 685 4482 continere
700 4429 834 4498 υίάαιύκσ,
852 4429 895 4481 ati
908 4435 994 4482 monet
1010 4427 1174 4482 Zachariae.
