3194 5298
1279 347 1339 412 133

62 543 145 616 κληοιν
175 543 255 602 αὑτοῦ
283 541 403 617 εὐμενῶς
428 539 636 620 προσδεξαμένη
658 543 677 618 ῆ
702 541 829 616 βασιλεία
852 562 903 617 μου
925 541 969 600 τθν
991 542 1111 620 παρόντα
1133 541 1339 620 χρυσόβουλλον

61 665 133 740 λόγον
154 659 261 750 [αὐτῆς]
284 663 445 745 ἐπιχορηγεί
466 662 513 724 καί
536 663 709 743 ἑπιβφαβεθει
731 663 825 742 τούτῳ,
851 663 884 723 δι’
898 655 929 722 οὗ
946 664 1107 744 προστάσσει
1123 659 1168 722 καί
1184 662 1339 742 διορίζεται,

60 788 92 857 ιὐς
115 789 145 844 ἄν
170 787 278 868 κατέχῃ
308 787 323 846 ὃ
350 783 442 877 ῥηθείς
465 786 655 858 Φωκόιτουλος
682 786 716 845 τὰ
742 786 813 846 κατὰ
836 787 920 867 μέρος
941 787 1123 864 γεγραμμένα
1144 786 1271 860 κτήματα
1293 782 1340 844 καὶ

60 907 183 985 οἰκήματα
205 909 380 986 ἀνενόχλητα
401 907 448 968 καί
471 909 647 988 ἀνυστέρητα,
672 909 711 968 ἔτι
731 903 782 992 [τε]
806 909 989 988 ἀναφαιρέτως
1011 905 1058 966 καί
1080 907 1158 977 ἑκτος
1179 909 1271 982 πάσης
1293 904 1341 966 καὶ

59 1031 174 1101 παντοίας
203 1033 423 1112 περιφρονήσεως
451 1029 498 1090 καί
528 1030 644 1110 ἀδικίας,
676 1029 723 1090 καί
751 1029 829 1089 οὐδὲν
853 1027 923 1102 ἕξειν
946 1028 1041 1088 ἄδειαν
1064 1029 1263 1087 ἁπάντωντῶν
1287 1028 1338 1108 άρ-

58 1155 150 1228 χίντων
172 1149 219 1212 καὶ
242 1151 469 1232 ἀρχοντοτοθλων
491 1157 540 1227 τῆς
563 1151 706 1228 βασιλείας
729 1173 780 1225 μου
802 1151 865 1226 ῆέν
880 1153 937 1222 τοῖς
952 1149 1095 1224 οἰκήμασιν
1111 1151 1190 1210 αίιτοίν
1207 1147 1339 1210 εἰσελθεῖν

57 1277 71 1347 ή
90 1273 284 1350 τλεσνεκτικήν
305 1272 353 1334 καί
374 1269 468 1334 ἄδικον
478 1275 500 1351 ¹)
522 1277 604 1354 χεῖρα
627 1273 671 1333 ἐπί
685 1277 741 1346 τοῖς
757 1275 878 1348 κτήμασι
893 1278 1000 1350 κινῆσαι
1016 1275 1104 1352 αλτοῦ,
1128 1273 1251 1355 ἀλλὰτῆ
1268 1271 1340 1350 ἰσχύι

57 1394 96 1454 καί
120 1394 230 1472 δυνάμει
259 1399 304 1456 τοῦ
325 1397 458 1476 παρόντος
479 1395 686 1475 χρυσοβοθλλου
708 1395 794 1474 λόγου
816 1401 865 1472 τῆς
889 1395 1033 1468 βασιλείας
1056 1415 1106 1470 μου
1128 1391 1239 1466 καθέξει
1262 1389 1340 1467 οὗτος

57 1515 95 1576 καί
122 1515 161 1590 είς
185 1517 216 1576 τ“ο
243 1513 308 1593 ἑξῆς
334 1519 369 1576 τά
390 1539 421 1577 τε
448 1515 585 1594 οἰκήματα
612 1517 691 1578 αὺτοῦ
713 1517 760 1577 καί
781 1517 816 1576 τά
838 1517 953 1597 ρηθέντα
976 1519 1083 1578 ἅπαντα
1104 1520 1233 1594 κτήματα
1253 1517 1340 1598 χωρὶς

59 1641 135 1715 τίσης
161 1637 268 1710 ἀδικίας
294 1635 342 1699 καὶ
362 1641 580 1718 περιφρονήσεως
600 1638 648 1698 καί
672 1639 828 1717 ἐπιθέσεως,
859 1640 896 1710 ὡς
918 1638 965 1698 καί
988 1641 1070 1718 μέχρι
1091 1643 1138 1699 τοῦ
1159 1643 1204 1700 νῦν
1225 1640 1340 1717 κατέχει

58 1759 96 1819 καί
117 1759 237 1832 θεσπίζει
259 1763 351 1834 ταῦτα,
375 1759 422 1820 καί
445 1759 484 1832 είς
506 1755 562 1821 οἷον
585 1763 764 1841 μοναοτῆριον
788 1761 910 1842 βουληθῇ
932 1763 1071 1842 προσιέναι
1092 1767 1176 1822 ταῦτα
1197 1765 1216 1837 ῆ
1238 1761 1339 1842 καὶτῷ

58 1877 100 1961 βίω
124 1882 221 1962 περιὼν
252 1883 291 1942 ἔτι
313 1886 331 1958 ἢ
355 1883 402 1942 καί
424 1883 495 1958 μετὰ
517 1885 632 1944 θάνατον
656 1884 744 1962 αίντοθ,
772 1883 816 1942 ἵνα
837 1885 1008 1962 κατέχωνται
1029 1882 1076 1942 καί
1097 1883 1171 1963 παρὰ
1193 1889 1242 1959 τῆς
1265 1883 1339 1959 μελ-

57 2003 147 2079 λούσης
167 2005 348 2083 προστεθῆναι
370 2005 521 2080 σεβασμίας
544 2013 630 2082 μονῆς
650 2006 714 2086 παρ’
729 2007 807 2066 αίντοῡ
828 2006 900 2064 κατὰ
922 2006 967 2064 τὀν
987 2005 1043 2064 ἴσον
1057 2003 1104 2065 καὶ
1121 2007 1214 2082 ὅμοιον
1230 2006 1338 2086 τρόπον,

57 2128 81 2184 ἓν
101 2131 210 2206 κατεῖχε
231 2125 279 2187 καὶ
303 2127 433 2200 ἐδέστοζε
454 2131 538 2188 ταῦτα
560 2129 575 2187 ὁ
598 2125 690 2208 ῥηθείς
706 2126 906 2201 Φωκόπουλος.
938 2127 1090 2208 ἀσφαλείας
1111 2128 1164 2208 γὰρ
1188 2130 1270 2187 ἕνεκα
1292 2127 1339 2188 καί

57 2252 98 2321 σῆς
127 2247 165 2320 είς
190 2249 222 2308 τ”ο
250 2245 316 2325 ἑξῆς
338 2244 539 2328 σἰνενοχλησίας
562 2249 741 2330 ἐγένετοκαὶ
764 2250 886 2327 ἀπελύθη
909 2247 956 2310 καὶ
978 2252 993 2310 δ
1015 2252 1108 2331 παρὼν
1130 2249 1340 2332 χρυσὸβουλλος

58 2369 134 2447 λίγος
154 2376 203 2447 τῆς
226 2370 369 2446 βασιλείας
392 2391 444 2448 μου
463 2373 548 2432 κατὰ
568 2379 654 2449 μῆνα
670 2376 766 2450 μοίιον
781 2379 840 2450 τῆς
856 2373 1074 2450 ἐνισταμένης
1090 2370 1112 2432 ε’
1130 2371 1341 2445 ίνθικτιῶνος

57 2495 103 2550 τοῦ
125 2489 216 2574 ,ςωξ’
241 2494 347 2574 ἔτους,
373 2494 402 2553 ἐν
425 2488 447 2573 ᾧ
470 2493 516 2555 καὶ
538 2496 568 2556 τθ
584 2497 718 2576 ήμέτερον
739 2495 852 2570 εὐσεβές
867 2493 914 2556 καὶ
929 2495 1132 2574 θεοπρὸβλητον
1147 2495 1339 2572 θπεσφμήνατο

58 2611 145 2692 νέως
166 2620 191 2692 ν·

149 2731 262 2816 ’[Είχε
282 2737 338 2798 καί
352 2739 544 2820 ὑπογραφὴν
560 2745 616 2816 τῆς
633 2738 814 2815 βασιλικῆς
828 2738 885 2800 καί
901 2739 993 2811 θείας
1008 2739 1124 2819 χειφθς
1141 2738 1181 2798 δι’
1194 2737 1339 2818 ἐρυθρῶν

57 2863 246 2936 γραμμάτων
274 2863 323 2920 τό·
363 2863 529 2942 Στέφανος
560 2863 593 2922 ἐν
622 2861 750 2943 Χριστῷ
780 2861 824 2941 τῷ
854 2859 917 2938 θεῷ
947 2863 1062 2931 πιστθς
1093 2858 1254 2934 βασιλεὺς
1282 2856 1338 2919 καί

59 2981 255 3065 αὐτοκράτωρ
279 2983 424 3063 Σερβίας
445 2983 501 3044 καί
524 2985 713 3060 Ῥωμανίας
735 2989 760 3062 ή.

150 3111 292 3166 Ῑοαιιαίάοε
307 3113 359 3167 Nr.
378 3113 427 3166 21.

219 3417 363 3482 XXXV.
392 3415 644 3506 [6862-1353]‚
667 3439 778 3482 mense
802 3415 987 3502 septembri,
1011 3416 1075 3480 ind.
1100 3415 1158 3480 VI.

61 3596 111 3650 Rex
119 3598 266 3670 Stephanus
274 3603 459 3671 Duianjubet
470 3602 565 3656 dirimi
574 3602 782 3656 controversiam
791 3607 878 3654 ortam
889 3602 959 3655 inter
966 3601 1106 3655 monachos
1115 3602 1336 3655 monasteriorum

260 3705 290 3761 S.
309 3707 420 3760 Ιυαιτιιίυ
436 3707 573 3760 Μετιοεοεί
586 3713 611 3760 et
626 3707 833 3778 Ααανφμνοιτινα
848 3706 877 3758 in
892 3705 949 3759 loco
967 3705 1114 3760 θαααίαα.

227 3909 411 3968 Βασιλικον
433 3911 630 3990 πρόσταγμα
653 3906 700 3978 είς
722 3907 780 3984 τὴν
802 3907 957 3983 τοιαθτην
980 3907 1147 3967 ὑπόθεσιν.

146 4083 271 4158 ήΟίκείε
292 4090 326 4165 τῆ
347 4083 474 4167 βασιλείᾳ
490 4104 551 4163 μου,
576 4085 650 4161 μέγα
663 4082 857 4162 χαρτουλοίριε,
879 4081 988 4160 κεφαλὴ
1004 4081 1128 4161 Βολεροῡ
1142 4079 1188 4140 καί
1206 4081 1332 4140 Μοσυνο-

59 4201 161 4285 τὲλεως,
183 4207 292 4286 Σερρῶν
315 4203 362 4265 καί
384 4207 547 4285 Στρυμόνος,
572 4206 609 4265 ἔτι
632 4203 730 4264 τεκαὶ
752 4210 801 4280 τῆς
823 4199 919 4282 χώρας
934 4201 1091 4283 Κρασοβᾶς,
1115 4205 1163 4282 κϋρ
1180 4201 1333 4283 Ἀνδρθνικε

60 4321 259 4402 Καντακσυζηνέ.
290 4328 309 4402 ή
337 4326 464 4402 βασιλεία
491 4347 543 4402 μου
570 4327 715 4408 ἐγνώρισεν
744 4323 774 4399 ἐξ
801 4326 936 4405 ἀναφορᾶς
962 4332 1015 4384 τῶν
1043 4329 1173 4402 μοναχῶν
1195 4329 1240 4384 τοῦ
1262 4325 1333 4384 κατὰ

59 4443 207 4530 τθςΣέρρας
230 4450 422 4532 εὑρισκομένου
445 4449 622 4530 μονασσηρίου
645 4451 690 4510 τοῦ
714 4447 754 4521 εἰς
776 4448 864 4524 ὄνομα
885 4448 1038 4522 τιμωμένου
1057 4449 1104 4506 τοῦ
1118 4443 1204 4520 τιμίου
1221 4443 1332 4519 ἔνδοξον

61 4603 245 4617 Ἢ

147 4712 165 4778 ¹)
183 4706 265 4762 ἄδικον
285 4707 359 4762 αὐτοῦ
379 4708 416 4760 ἐπὶ
434 4727 455 4765 τ.
468 4727 503 4761 κτ.
517 4713 613 4776 κινῆσαι
634 4707 705 4760 αὐτοῦ
724 4711 745 4761 Ι.
