3222 5284
1303 331 1365 395 377

55 526 113 579 τῶν
139 523 372 602 προαπελθύντων
395 522 533 602 διπτύχοις
547 521 594 582 καί
609 522 644 582 τά
660 509 819 599 μνημόσυνα
840 526 948 584 πάντων
965 525 1070 585 ἔσονται
1086 524 1250 604 τελούμενα,
1273 525 1367 595 καθὼς

57 643 194 724 ἀνωτέρω
216 643 383 726 προείρηται.
429 643 452 704 εί
476 644 501 704 δ’
513 645 577 716 ἴσως
599 644 670 716 τινὲς
692 647 779 705 αῦτῶν
802 643 849 706 καὶ
882 646 1058 726 ἀριεριύσσυσι
1080 651 1113 727 τῆ
1137 652 1207 727 μονῇ
1230 650 1248 720 ἢ
1270 646 1366 723 κινητὰ

58 762 243 844 ἀξιόλογαῆ
273 767 397 847 ἀκίνητα,
428 765 564 846 θρειλουσι
592 767 731 827 τελεῖσθαι
762 765 810 827 καὶ
836 767 870 826 τὰ
898 767 998 827 τούτων
1029 768 1187 844 μνημόσυνα
1216 767 1287 828 κατὰ
1318 767 1367 842 τῆν

59 887 180 946 ἐκείνων
204 886 335 960 διάταξιν.

171 1010 248 1090 Κεφ.
274 1007 331 1086 οβ’.
363 1008 446 1090 Περί
475 1013 530 1070 τοῦ
559 1008 753 1085 μέλλοντος
782 1009 937 1088 γίνεσθαι
967 1015 1127 1090 νιπτῆρας
1148 1015 1187 1092 τῆ
1211 1009 1291 1092 ἁγίᾳ
1312 1009 1367 1070 καί

59 1131 207 1214 μεγάλῃ
229 1106 372 1214 πέμπτῃ.
411 1131 453 1213 Τῇ
477 1132 570 1206 μέντοι
593 1130 659 1212 άγίᾳ
680 1128 727 1190 καί
750 1130 863 1213 μεγάλῃ
885 1131 997 1212 πέμπτῃ
1020 1129 1124 1210 ύρειλει
1146 1131 1269 1210 γίνεσθαι
1291 1131 1368 1210 παρὰ

58 1259 111 1328 τῆς
147 1255 310 1330 τιμιωτάτης
342 1255 553 1332 καθηγουμένης
581 1254 596 1311 ὁ
631 1253 726 1334 νιπτῆρ
754 1252 783 1311 ἐν
811 1251 850 1331 τῷ
880 1259 930 1329 τῆς
960 1251 1110 1330 ἐκκλησίας
1144 1256 1265 1334 προνάῳ,
1303 1254 1367 1314 ἔνθα

60 1371 212 1434 είκὸνισται
239 1373 286 1436 καὶ
313 1377 329 1434 ύ
355 1379 402 1434 τοῦ
431 1379 555 1454 σωτῆρος
584 1375 679 1454 νιπτὴρ
708 1374 779 1434 κατὰ
805 1375 854 1449 τὴν
886 1375 1123 1455 ἐμπεριεχομένην
1145 1373 1185 1454 τῷ
1215 1373 1367 1458 συναξαρίῳ

61 1495 232 1558 ἀκολουθίαν
253 1495 301 1556 καὶ
323 1497 370 1557 τδν
394 1495 423 1556 ἐν
446 1495 518 1575 αῦτῷ
547 1497 636 1556 πἰπον.
681 1493 728 1556 καὶ
750 1496 781 1555 τδ
811 1497 884 1556 θεῖον
907 1495 939 1556 δὲ
969 1499 1093 1575 φύτισμα
1122 1497 1194 1557 κατὰ
1216 1497 1265 1574 ι’ἠν
1291 1519 1367 1578 παγ-

62 1623 180 1694 κέσμιον
202 1619 295 1678 τούτου
323 1619 418 1698 ἑορτὴν
442 1617 472 1678 ἐν
494 1614 532 1696 τῷ
556 1615 628 1696 αύτῷ
652 1615 727 1690 αὖθις
748 1617 863 1698 νάρθηκι
871 1617 895 1700 ¹)
920 1617 994 1678 ἔσται
1016 1617 1192 1700 τελούμενον,
1224 1619 1252 1679 ἐν
1276 1615 1298 1700 ᾧ
1320 1618 1368 1680 καὶ

61 1743 80 1816 ἡ
105 1741 192 1820 ριάλη
215 1741 320 1801 ἵσταται
335 1745 389 1800 τῶν
412 1739 529 1816 χαλινῶν
552 1739 773 1814 πολυκανδῆλων
790 1738 819 1798 ἐν
843 1741 909 1822 αῦτῆ
931 1741 1114 1820 κρεμαμένων
1136 1739 1183 1801 καί
1205 1742 1254 1816 τὴν
1270 1741 1367 1820 ἄναψιν

63 1864 206 1942 ῦλόρωτον
230 1861 401 1942 δεχομένων,
423 1856 496 1921 καθὰ
512 1860 546 1936 δὴ
561 1859 608 1921 καὶ
623 1860 658 1920 τά
671 1865 722 1938 τῆς
738 1859 890 1936 ἐκκλησίας
912 1861 1111 1954 πολυκάνδηλα
1135 1863 1267 1924 ἅπτεσθαι
1289 1884 1366 1940 τηνι-

63 1989 153 2045 καῦτα
177 1983 322 2064 ἀρειλουσι,
352 1983 526 2059 μανουαλίων
548 2003 578 2042 τε
602 1981 753 2058 ἱσταμένων
777 1981 823 2042 δύο
847 1981 923 2042 ἔνθεν
948 1983 1077 2044 κάκεῖθεν
1099 1989 1150 2059 τῆς
1172 1985 1273 2064 φιάλης
1297 1985 1367 2061 μετὰ

64 2105 232 2182 λαμπάδων.

171 2231 250 2308 Κερ.
268 2227 326 2308 οχ’.
351 2225 435 2308 Περὶ
457 2230 512 2288 τοῦ
535 2226 577 2302 μὴ
601 2225 754 2306 γίνεσθαι
776 2227 1121 2304 μετασχηματισμσῦς
1138 2227 1171 2287 έν
1186 2231 1259 2300 ταῖς
1275 2227 1366 2289 οἰκο-

66 2352 188 2426 δομαῖς
209 2356 269 2427 τῆς
300 2355 414 2426 μονῆς.
461 2347 539 2408 Ἐπεὶ
562 2346 631 2424 δὲῆ
661 2347 723 2429 περὶ
752 2348 803 2424 ἐμὲ
830 2347 993 2422 ἀνεξίκακος
1016 2353 1061 2410 τοῦ
1089 2349 1152 2410 θεοῦ
1179 2349 1368 2431 φιλανθρωπία

11 2477 15 2487 “
66 2472 113 2534 καί
135 2478 214 2534 τοῦτο
238 2472 370 2548 εῦδύκησε
392 2470 440 2532 καὶ
462 2474 591 2550 περιοῦσα
615 2468 695 2530 είσέτι
719 2469 748 2528 ἐν
770 2473 804 2550 τῆ
827 2471 950 2553 παρούσῃ
973 2472 1030 2553 ζωῆ
1045 2471 1094 2542 τὰς
1109 2473 1200 2544 πάσας
1215 2476 1262 2532 τοῦ
1278 2493 1368 2548 μονα-

68 2594 175 2676 στηρίαυ
198 2594 348 2670 οἰκοδομὰς
375 2595 517 2674 ἀπῆρτισα,
547 2595 774 2668 μετασκευάσασα
796 2591 843 2652 καὶ
867 2592 945 2654 αῦτδν
967 2593 1013 2654 τον
1037 2593 1066 2652 ἐν
1088 2593 1173 2671 τούτῳ
1195 2595 1268 2655 θεῖον
1291 2595 1367 2674 ναῦν,

67 2719 339 2798 προσεπισκευάσασα
363 2714 463 2776 δὲκαὶ
489 2715 613 2794 νάρθηκα
634 2714 794 2794 περικαλλῆ
821 2711 868 2774 καί
893 2711 1102 2796 ἑξωνάρθηκαθ)
1125 2716 1297 2796 προσθεμένη
1323 2711 1369 2776 διὰ

67 2837 251 2920 καρικοξῦλσυ
273 2837 321 2898 καὶ
342 2840 373 2898 τδ
397 2839 576 2918 μονασπῆρισν
600 2837 670 2896 ἅπαν
694 2834 733 2907 εἰς
755 2838 786 2896 τδ
810 2835 872 2912 ἐμοὶ
895 2835 992 2897 δοκοῦν
1020 2841 1116 2915 σχῆμα
1138 2835 1186 2896 καί
1207 2839 1256 2914 τῆν
1278 2839 1368 2898 κατά-

70 2983 159 3022 στασιν
174 2963 395 3042 περιεσπησάμην
409 2965 496 3038 τοῦτο,
519 2959 594 3020 θέλω
609 2957 655 3018 καί
673 2959 818 3039 βούλομαι,
833 2959 887 3039 ἵνα,
903 2960 942 3031 ὡς
957 2959 1021 3039 παρ’
1031 2960 1099 3035 ἐμοῦ
1113 2961 1369 3037 κατεσκευάσθησαν

68 3084 101 3143 τὰ
123 3085 153 3144 έν
177 3082 250 3162 α’στῷ
272 3086 370 3164 πάντα,
401 3083 471 3144 οῦτω
494 3083 595 3158 μένωσι
617 3079 665 3142 καὶ
686 3080 876 3156 ἀμεταποίητα
906 3081 1085 3162 διατηρῶνται
1108 3079 1156 3142 καὶ
1179 3079 1366 3162 ἀναλλοίωτα,

68 3211 118 3268 κάν
141 3209 192 3268 ύπδ
214 3209 262 3266 τοῦ
283 3207 383 3288 χρόνον
399 3203 430 3266 δὲ
447 3203 486 3278 είς
506 3204 606 3284 ρθορὰν
629 3203 798 3265 συνελαθῶσί
813 3223 881 3286 τινα,
906 3201 961 3263 εἴτε
978 3205 1086 3284 μικράν,
1111 3203 1166 3264 εἴτε
1181 3202 1229 3265 καὶ
1245 3203 1366 3284 μείζονα,

70 3329 122 3390 εἴτε
145 3329 194 3390 καί
214 3349 266 3389 τινι
287 3335 341 3388 τῶν
363 3333 488 3408 τυχηρῶν
511 3329 718 3402 συμπτωμάτων
742 3325 852 3402 μείωσιν
876 3327 991 3406 πάθωσι,
1014 3325 1098 3386 πάλιν
1121 3325 1161 3398 είς
1183 3328 1213 3386 ιδ
1238 3327 1301 3387 αῦτδ
1321 3327 1368 3386 σὺν

70 3453 123 3531 θεῷ
148 3452 349 3532 ἐπανορθῶνται
372 3456 469 3529 σχῆμα
492 3451 639 3526 μελῆσεως
662 3451 725 3508 ἀνευ
740 3451 830 3523 πάσης
844 3445 892 3508 καί
907 3448 1059 3527 ἀναβολῆς,
1079 3446 1126 3507 καὶ
1143 3448 1282 3524 μηδέποτε
1297 3433 1381 3509 κατά

69 3597 126 3636 τινα
154 3575 253 3656 τρόπον
282 3573 432 3634 ἀλλοίωσιν
464 3571 605 3652 δέξωνται,
638 3570 691 3632 εἴτε
722 3570 875 3652 κρείττονος
905 3568 1099 3642 καταστάσεως
1129 3572 1210 3650 χάριν
1233 3573 1251 3644 ῆ
1275 3569 1369 3645 άλλης

69 3700 213 3760 ἀσσιασοῦν
237 3694 338 3768 αἰτίας·
362 3696 393 3755 ού
414 3695 468 3774 γὰρ
491 3695 715 3770 μετασκευασμύν
737 3713 797 3754 τινα
813 3693 842 3753 ἐν
865 3694 954 3765 αάτοῖς
977 3694 1052 3753 θέλω
1074 3693 1212 3770 γενέσθαι,
1236 3689 1297 3752 οὔτε
1314 3691 1369 3766 μὴν

69 3828 116 3896 τῆς
139 3824 185 3880 νῦν
208 3821 404 3890 καταστάσεως
426 3814 520 3893 ἀλλην
544 3816 674 3892 βελτίονα
695 3815 806 3894 τούτων,
830 3812 897 3875 ἀλλ’
912 3815 975 3876 οῦδὲ
997 3814 1111 3874 πυλῶνα
1133 3817 1227 3894 ἕτερον
1242 3817 1260 3888 ἢ
1275 3833 1368 3894 παρα-

69 3947 177 4024 πάρτιον
199 3947 218 4018 ῆ
241 3943 340 4012 ἁπλῶς
370 3938 474 4000 εἰσόδου
503 3941 599 4020 χώραν
620 3937 681 3998 τινὰ
702 3939 769 4018 προς
791 3937 839 4012 τῆν
871 3931 956 4012 μονὴν
988 3936 1032 4014 ἀφ’
1046 3936 1138 4014 ἑτέρου
1167 3935 1250 3994 τάπου
1277 3955 1368 3994 καινι-

69 4068 167 4140 σθῆναι
189 4063 265 4143 παρὰ
285 4063 334 4138 τῆν
361 4065 481 4142 σῆμερον
504 4058 650 4142 προστάξει
672 4065 721 4135 τῆς
744 4058 888 4133 βασιλείας
910 4079 962 4133 μου
985 4060 1138 4136 γεγονυῖαν.
1185 4054 1245 4115 ἐπεὶ
1269 4054 1369 4116 δὲκαὶ

71 4189 179 4248 ὄπισθεν
200 4189 248 4245 τοῦ
270 4185 447 4262 κοιμητηρίου
462 4189 516 4242 τῶν
533 4181 705 4260 μοναζουσιῖιν
721 4181 802 4256 ῆτουν
817 4183 864 4240 τοῦ
879 4183 969 4240 κοινοῦ
983 4179 1158 4240 κοιτωνίσκου
1174 4179 1368 4256 αύτιῦν·τοῑχον

73 4311 227 4390 ἐγχέρηγον
250 4309 267 4382 ἡ
292 4305 420 4381 βασιλεία
443 4327 495 4382 μου
518 4299 691 4386 ᾠκοδόμησε,
714 4308 795 4366 τύπον
819 4303 998 4375 ἀναπαύσεως
1020 4301 1068 4362 καὶ
1089 4301 1259 4382 παρηγορίας
1275 4301 1369 4369 αύταῖς

73 4431 232 4512 ἀφορίζουσα
248 4427 293 4488 διὰ
307 4429 411 4506 τούτου,
435 4426 497 4486 οῦδὲ
514 4427 542 4487 ἐν
558 4427 596 4506 τῷ
616 4427 727 4506 τοιούτῳ
749 4424 834 4505 τοίχῳ
858 4423 995 4499 βούλομαι
1017 4424 1091 4495 ὅλως
1111 4423 1252 4500 ἀνοιγῆναι
1266 4423 1368 4501 πέρσαν

71 4587 276 4597 -ω--ι

175 4691 194 4755 ι)
215 4684 301 4757 ἀρθηκι
317 4688 353 4739 Μ.
426 4687 446 4753 ²)
466 4682 559 4755 ἄρθηκα
577 4713 608 4723 -
629 4681 769 4752 ἐξωάρθηκα
786 4685 821 4734 Μ.
