3222 5284
249 341 314 405 334

250 534 325 610 ύλην
340 534 473 614 πρόσοδον
493 539 542 610 τῆς
565 539 651 610 μονῆς
673 531 720 592 καί
744 532 826 604 αθτάς
848 532 1028 607 κοινσβιακῶς
1052 531 1209 608 βουλόμεθα
1231 534 1280 608 ζῆν
1303 529 1350 593 καί
1365 531 1404 610 τῷ
1419 538 1472 608 τῆς
1488 531 1544 590 δια-

250 662 348 736 γωγῆς
369 657 468 732 ταύτης
490 657 582 716 κανόνι
606 657 732 732 στοιχεῖν.
764 657 815 714 κάν
838 653 889 729 μέν
905 659 957 714 τῶν
973 655 1134 732 ήγουμενῶν
1149 676 1189 726 τις
1207 653 1325 714 ἐναντίον
1341 653 1480 735 βουληθῇ,
1501 653 1546 724 τὰς

250 778 376 856 μσναχάς
399 777 562 856 ἀντιλέγειν,
587 775 611 836 εἰ
634 775 697 836 δἀί
720 776 849 855 μοναχαί,
873 775 921 851 τήν
944 777 1100 855 ἡγουμένην
1123 775 1297 856 ἀντιπίπτειν,
1321 774 1346 836 εί
1368 775 1400 835 δέ
1415 773 1466 835 καί
1481 776 1545 849 σύμ·
1602 769 1603 816 f

249 921 334 960 πασαι
356 901 577 980 συμφρονήσαιεν,
607 900 656 972 τήν
678 904 727 973 τῆς
756 903 842 973 μονῆς
866 896 1144 973 ἀντιλαμβανομένην
1166 892 1201 958 τά
1222 898 1286 977 παρ’
1298 899 1377 972 ήμῶν
1400 895 1546 974 διατεταγ-

230 1022 322 1096 λμένα
344 1019 499 1099 ἀιεκάικεῖν,
527 1017 550 1078 εἰ
574 1018 605 1078 δέ
628 1018 674 1078 καὶ
698 1019 764 1094 αύτη
788 1017 906 1090 ἐκείναις
929 1016 1124 1096 συναταχθείη,
1148 1018 1243 1078 άδειαν
1267 1019 1446 1098 ἐκχωρούμεν
1470 1016 1546 1076 παντί

250 1140 289 1221 τῷ
311 1141 473 1220 βουλομένῳ
490 1141 555 1221 ὑπὲρ
573 1139 699 1215 εύσεβούς
714 1138 894 1218 ἀγωνίζεσθαι
908 1142 1080 1220 πράγματος,
1105 1137 1127 1198 εί
1145 1142 1183 1214 μή
1199 1159 1233 1217 γε
1248 1139 1322 1218 παρὰ
1337 1144 1391 1198 τῶν
1407 1143 1546 1217 συγγενῶν

250 1265 329 1338 ήμῶν
345 1267 421 1322 τούτο
436 1264 559 1342 γένηται,
581 1259 629 1320 καὶ
645 1259 807 1341 δικαστηρίῳ
822 1263 962 1342 προσιέναι
977 1261 1011 1320 δι’
1021 1261 1085 1320 αἰπύ
1100 1261 1131 1320 τύ
1146 1260 1235 1320 καλὸν
1251 1260 1298 1320 καὶ
1313 1261 1359 1320 τὀν
1375 1259 1443 1338 ὑπὲρ
1458 1259 1546 1321 τούτου

251 1385 344 1459 μισθὸν
366 1382 414 1444 καὶ
428 1383 462 1443 τά
476 1384 540 1463 παρ’
552 1380 632 1459 ἡμῶν
655 1383 857 1462 διατεταγμένα
876 1383 965 1458 ζητεῖν
983 1382 1056 1460 ἔχειν
1071 1381 1102 1440 τ“ο
1118 1381 1230 1461 ἐνεργθν
1246 1380 1293 1441 καὶ
1308 1380 1358 1451 τάς
1373 1379 1546 1461 πρωταιτίους
1602 1421 1603 1442 ;

251 1513 301 1584 τῆς
323 1509 369 1566 τού
394 1505 576 1580 κοινοβιακῶς
599 1507 647 1580 ζῆν
674 1505 851 1577 καταλύσεως
879 1502 991 1577 ἐξωθεῖν
1013 1510 1063 1582 τῆς
1090 1509 1177 1578 μονῆς
1199 1501 1246 1564 καὶ
1269 1505 1308 1599 μὴ
1330 1498 1451 1578 νομίζειν
1474 1507 1547 1562 τοῦτο

252 1629 348 1706 μικρὸν
372 1622 440 1687 εῖναι
462 1627 636 1707 κατόρθωμα,
660 1625 805 1686 ἀλλὰκαὶ
827 1628 896 1686 πάνυ
920 1624 1062 1702 μέγακαὶ
1085 1629 1227 1705 σωτήριον.

355 1750 433 1828 Κεφ.
449 1747 486 1826 γ’.
511 1746 592 1828 Περὶ
613 1755 676 1808 τῶν
700 1746 747 1820 εἰς
771 1747 948 1826 ἀντίληψιν
970 1753 1028 1823 τῆς
1052 1753 1156 1822 μονῆς
1176 1747 1388 1824 τεταγμένων
1404 1745 1547 1825 καὶπερὶ

251 1874 307 1932 τού
329 1872 462 1950 κρατεῖν
489 1869 546 1930 καὶ
568 1871 628 1929 ὅσα
651 1869 684 1929 ἐν
706 1876 743 1952 τῇ
772 1869 916 1951 διαθήκῃ
944 1891 1005 1944 μου
1030 1867 1105 1948 περὶ
1133 1875 1191 1946 τῆς
1221 1875 1323 1944 μονῆς
1351 1865 1548 1944 διατάξομαι

249 1987 307 2052 ίσα
336 1991 379 2072 τῷ
412 1992 549 2072 παρόντι
582 1989 718 2071 τυπικῷ,
753 1993 769 2050 θ
797 1989 854 2050 καὶ
884 1989 1012 2070 ὀφείλει
1043 1991 1137 2068 ἔχειν
1166 1991 1201 2050 τθ
1232 1989 1466 2050 ἀναλλοίωτον
1496 1987 1547 2049 καί

253 2115 413 2194 ἄτρεπτον
438 2111 542 2174 ἐσαεί.
575 2111 653 2172 Ἐπεὶ
677 2111 707 2171 δὲ
723 2117 776 2171 τῶν
796 2113 952 2190 ἀναγκαίων
967 2107 1000 2188 ἦν
1017 2110 1152 2191 φροντίσαι
1167 2112 1215 2186 τὴν
1232 2110 1375 2186 βασιλείαν
1391 2131 1454 2191 μου,
1478 2111 1549 2182 ὅπως

252 2235 299 2295 καὶ
323 2235 393 2310 μετὰ
414 2235 462 2310 τήν
486 2234 645 2314 ἀμφοτέρων
667 2235 746 2310 ήμῶν
770 2234 822 2294 ἀιέο
838 2240 891 2293 τῶν
914 2233 1024 2294 ἐνθένδε
1041 2235 1203 2308 μετάστασιν
1218 2234 1236 2307 ή
1251 2237 1302 2307 τῆς
1317 2233 1548 2312 Κεχαριτωμένης

253 2378 304 2434 μου
331 2357 459 2417 θεοτόκσυ
487 2357 557 2432 μονὴ
585 2355 709 2435 εύτοροίη
732 2361 785 2416 τῶν
813 2355 1050 2434 ἀντιληψομένων,
1081 2355 1125 2414 ίνα
1149 2355 1187 2430 μὴ
1210 2352 1257 2414 καὶ
1279 2357 1336 2426 τοῖς
1357 2355 1392 2414 τά
1414 2353 1549 2432 ἀλλότρια

253 2478 354 2538 συλῶσι
377 2477 536 2558 διάρπαγμα
558 2479 680 2556 γένηται,
704 2471 748 2536 οἷα
772 2479 810 2552 μὴ
832 2477 883 2537 ὑπὸ
906 2479 1009 2552 σκέπην
1031 2477 1091 2536 τινὰ
1114 2473 1160 2536 καὶ
1183 2475 1335 2556 ἀσφάλειαν
1355 2479 1546 2556 φρουρουμένη,

252 2603 330 2660 τοῦτο
353 2598 386 2674 δὴ
410 2597 456 2658 καίΙ
482 2595 620 2672 πεποίηκα
647 2596 694 2658 καὶ
720 2597 899 2676 κατὰλόγον
926 2596 1036 2676 ἀρίστης
1059 2596 1215 2672 οἰκονομίας
1238 2597 1374 2672 βούλομαι
1396 2597 1444 2674 τὴν
1470 2617 1547 2676 περι-

253 2721 371 2796 πόθητον
394 2740 446 2795 μου
473 2721 609 2799 θυγατέρα
631 2717 678 2778 καί
703 2721 960 2798 πορφυρογέννητον,
989 2721 1114 2797 μοναχὴν
1137 2719 1220 2800 κυράν
1243 2717 1387 2798 Εύάοκίαν,
1413 2719 1547 2798 περιέπειν
1602 2717 1603 2736 ²

254 2843 336 2918 αὐτὴν
357 2841 404 2900 καὶ
431 2843 587 2921 συγκροτεῖν
609 2839 655 2899 καὶ
687 2839 831 2900 διεκάικεῖν
854 2839 901 2900 καί
931 2840 1092 2920 ἀποτρέπειν
1122 2841 1258 2913 παντοίως
1279 2840 1341 2912 τούς
1367 2841 1548 2919 πειρωμένους

254 2965 321 3046 αύιῆ
345 2965 516 3042 ἐπηρεάζειν,
539 2961 586 3022 καὶ
609 2963 654 3021 ὅτε
676 2982 701 3020 τι
716 2960 782 3033 ίσως
803 2967 857 3021 τῶν
873 2961 902 3020 έν
917 2960 955 3041 τῷ
978 2961 1089 3041 παρόντι
1104 2960 1206 3040 τυπικῷ
1220 2962 1441 3041 παραθραύεσθαι
1456 2961 1546 3021 κινδυ-

254 3086 335 3162 νεύει,
359 3084 487 3162 κωλύειν,
511 3085 559 3143 άτε
582 3083 707 3161 μοναχὴν
730 3081 811 3142 οὖσαν
834 3081 881 3141 καὶ
905 3082 1063 3156 μέλλουσαν
1086 3088 1119 3165 τῇ
1139 3083 1248 3166 τοιαύτη
1272 3088 1342 3165 μονῇ
1366 3082 1545 3162 ἐγκαρτερεῖν.

254 3208 325 3282 μετὰ
355 3209 446 3282 μέντοι
468 3205 517 3280 τἠν
547 3205 646 3280 ταύτης
669 3205 736 3283 τρύς
758 3204 792 3264 τὰ
816 3203 921 3264 ἐκεῖθεν
948 3207 1109 3279 μετάστασιν
1135 3203 1237 3263 ἐκεῖναι
1262 3201 1300 3275 εἰς
1322 3203 1371 3278 τήν
1393 3209 1443 3279 τῆς
1465 3208 1547 3278 μονης

256 3327 378 3409 ἐφορείαν
401 3325 448 3387 καί
476 3326 619 3403 ἀντιληψιν
646 3327 871 3403 καταστήσονται,
904 3315 987 3398 αῖςή
1015 3323 1143 3399 βασιλεία
1171 3345 1223 3399 μου
1246 3324 1276 3382 τύ
1302 3328 1421 3384 τοιοῦτον
1448 3322 1547 3382 δίκαιον

255 3447 348 3528 δύσει,
371 3451 389 3523 ῆ
417 3448 461 3508 διὰ
487 3448 646 3526 προσθήκης
670 3445 760 3523 ἐντῷ
787 3447 897 3526 παρέντι
923 3445 1025 3523 τυτικῷ
1051 3447 1205 3522 γενομένης
1226 3449 1244 3520 ή
1266 3442 1313 3504 καί
1340 3444 1385 3504 ἀιά
1407 3464 1478 3515 τινος
1500 3445 1547 3520 ἐγ-

254 3573 358 3652 γράφου
380 3567 542 3639 τελευταίας
565 3566 738 3642 βουλήσεως·
766 3566 813 3626 καὶ
836 3569 887 3627 ὅσα
909 3566 963 3647 γὰρ
987 3569 1018 3625 ἀν
1043 3567 1071 3626 ἐν
1094 3569 1153 3638 ταῖς
1176 3565 1348 3638 τελευταίοις
1370 3586 1423 3640 μου
1445 3563 1546 3641 βουλή-

256 3713 313 3753 σεσι
343 3691 553 3766 θιατυπιύοωμαι
582 3685 644 3769 περὶ
674 3695 723 3765 ιής
754 3694 840 3764 μονῆς
870 3689 967 3764 ταύτης
1000 3686 1047 3748 καί
1076 3689 1184 3748 πάντων
1215 3692 1269 3746 τῶν
1299 3687 1342 3746 ὑπ’
1359 3686 1453 3764 αύτήν,
1482 3687 1547 3745 σύτω

256 3813 392 3890 βούλομαι
414 3811 529 3872 κάκεῖνα
550 3815 670 3892 κρατεῖν,
700 3811 792 3888 ὥσπερ
815 3812 848 3868 ἀν
872 3807 895 3868 εἰ
919 3807 1009 3886 ἐντῷ
1032 3809 1142 3888 παρόντι
1166 3827 1217 3882 μου
1240 3806 1342 3887 τυπικῷ
1366 3809 1547 3888 ἐνεγράφησαν

255 3933 302 3996 καὶ
325 3935 393 3994 οίιτω
416 3931 463 3992 καὶ
490 3936 572 3992 ταῦτα
600 3931 777 3992 ἀναλλοίωτα
805 3931 953 4010 διαμένειν,
983 3931 1013 3990 θν
1041 3930 1139 4009 τρόπον
1162 3927 1208 3988 καὶ
1231 3929 1398 4009 διωρισμένα
1420 3929 1545 3988 ἐνταυθοῖ.

256 4055 334 4116 ἀλλά
355 4053 403 4114 καί
423 4074 482 4114 τινα
504 4058 557 4112 τῶν
582 4052 610 4112 ἐν
632 4053 717 4131 τούτῳ
739 4053 896 4131 γραφέντων
920 4071 976 4130 μοι,
1000 4049 1025 4110 εί
1047 4049 1176 4126 βσυληθῶ
1198 4049 1354 4110 ἀλλοιῶσαι
1374 4049 1546 4124 ἑνάιαθήκως,

255 4180 363 4249 πάντως
384 4175 431 4237 καὶ
454 4179 530 4236 τούτο
554 4172 662 4247 ἐξέσται
684 4194 741 4252 μοι,
764 4171 812 4232 καὶ
835 4171 949 4248 σύάεμία
973 4171 1088 4252 διαφορὰ
1110 4171 1305 4249 λογισθήσεται
1320 4168 1359 4249 τῷ
1374 4173 1485 4252 παρόντι
1500 4190 1546 4243 μου

255 4294 357 4375 τυτικῷ
379 4298 447 4378 προς
468 4297 517 4370 τήν
545 4293 703 4354 τελευταίαν
728 4313 779 4369 μου
807 4293 946 4372 βούλησιν,
974 4293 1037 4352 ύσον
1062 4289 1101 4363 είς
1123 4293 1154 4352 το
1182 4291 1278 4368 ἐπίσης
1305 4293 1414 4370 κρατεῖν
1438 4289 1546 4372 ἰσχυρῶς

255 4418 400 4480 πάντατὰ
422 4417 457 4478 δι’
469 4418 628 4497 ἀμφοτέρων
653 4415 697 4476 ἐπὶ
719 4418 775 4488 τοῖς
797 4421 846 4491 τῆς
870 4421 956 4490 μονῆς
978 4420 1011 4497 τῇ
1035 4413 1166 4496 βασιλείᾳ
1189 4433 1240 4488 μου
1256 4411 1385 4490 δέξαντα,
1410 4411 1433 4474 εί
1449 4415 1486 4490 μή
1501 4431 1546 4470 τιον

255 4541 315 4602 τινὰ
336 4546 389 4600 τῶν
413 4539 536 4600 ἐνταυθοῖ
556 4539 769 4619 γεγραμμένων,
796 4539 835 4608 ὡς
858 4535 973 4618 εἴρηται,
996 4537 1103 4614 σχολὴν
1126 4536 1179 4596 ἀπο
1201 4541 1251 4612 τῆς
1273 4533 1408 4612 διαθήκης
1431 4554 1480 4610 μου
1502 4533 1546 4592 ἀέ-

256 4660 358 4738 ξονται.
403 4668 436 4744 τῇ
466 4658 597 4741 προφάσει
625 4660 657 4720 δὲ
687 4661 770 4742 ταύτῃ
797 4661 845 4718 σύκ
875 4657 979 4737 ὀφείλει
1005 4678 1044 4728 τις
1071 4663 1125 4716 τῶν
1152 4649 1196 4726 αἷς
1226 4656 1477 4732 ἀντιλαμβάνεσθαι
1503 4659 1546 4728 τῆς
