3246 5288
247 347 311 414 458

246 549 322 604 τοῦτο
346 547 396 620 μὲν
412 548 451 618 ὡς
473 550 635 626 γυναικεῖον,
659 549 783 608 τοῦτοδὲ
800 552 838 620 ὡς
862 549 993 630 ἀνδρῷον.
1026 551 1150 632 ἐνεργείᾳ
1172 557 1218 612 τοῦ
1240 553 1362 632 κτίτορος
1385 553 1562 632 προσῆλθον

245 665 334 727 ἱκανοὶ
364 667 482 747 μονα-χοὶ
506 715 512 728 .
534 715 540 728 .
565 717 571 730 .
596 670 625 729 ἐν
647 662 688 742 οἷς
719 671 764 730 καὶ
787 673 802 730 δ
824 672 913 751 πατὴρ
944 673 1023 732 αὐτοῦ
1046 678 1117 747 (vide
1135 697 1168 748 p.
1186 682 1257 750 235,
1282 681 1302 734 I.
1320 677 1360 748 5).
1408 677 1422 732 δ
1450 673 1562 750 κάτωρ

247 790 390 870 Ἰγνάτιος,
413 793 617 870 ήγουμενείισας
638 793 817 872 τετραετίαν.
836 841 842 853 .
861 793 991 870 ,ἀφίησιν
1014 794 1144 872 διάδοχον
1167 793 1214 854 καί
1236 796 1356 874 ἄρχοντα
1380 797 1562 875 ἀμφοτέρων

244 917 297 971 τῶν
320 918 410 987 μονῶν
433 915 477 972 τὀν
494 913 549 972 υἱδν
566 914 645 974 αὑτοῦ
661 913 807 996 Μεθάδιον,
832 913 871 987 εἰς
886 917 1170 977 Κωνσταντινοθπσλιν
1194 917 1225 977 δὲ
1246 919 1369 992 μεταβάς
1390 921 1562 996 προάγεται

246 1033 448 1114 μητροπολίτης
478 1041 526 1112 τῆς
558 1037 691 1116 ἐπαρχίας
714 1037 863 1112 Μεθύμνης
886 1042 1004 1112 (1530),
1034 1041 1068 1114 ήν
1099 1034 1231 1119 διῴκησεν
1256 1038 1299 1098 ἐπί
1325 1042 1479 1120 τριάκοντα
1505 1039 1562 1098 καὶ
1620 1019 1621 1064 3

245 1154 316 1215 ὀκτὼ
339 1157 397 1234 ἐτη,
429 1153 571 1217 ἀποθανὼν
598 1164 630 1239 τῇ
656 1167 704 1221 14,
729 1157 872 1238 νοεμβρίου
898 1163 944 1218 τοῦ
970 1169 1052 1220 1568
1076 1160 1158 1232 ἔτους.
1206 1161 1275 1236 μετὰ
1299 1161 1495 1222 ἑπτακαίδεκα
1525 1162 1562 1220 δὲ

245 1278 291 1353 ἔτη
315 1278 367 1338 ἀπδ
389 1283 436 1338 τοῦ
465 1281 579 1338 θανάτου
602 1280 681 1338 αὐτοΰ
711 1279 924 1358 ἀνακηρύσσεται
946 1279 1033 1356 καὶὴ
1065 1282 1134 1357 μονὴ
1165 1285 1309 1357 Λειμῶνος
1339 1287 1561 1363 σταιροπήγιον
1620 1325 1621 1348 ;

244 1400 390 1460 καθολικδν
413 1399 457 1460 διδ
480 1401 615 1480 σιγιλλίου
630 1406 676 1461 τσῡ
691 1399 742 1462 οἰκ.
759 1403 926 1482 πατριάρχου
943 1401 1105 1477 Θεολήπτου
1121 1409 1230 1478 (1535)
1246 1447 1252 1462 .
1270 1451 1276 1463 .
1295 1429 1346 1482 .p.
1364 1414 1438 1478 232,
1465 1414 1486 1466 l.
1510 1417 1559 1465 11
1620 1425 1621 1490 γ

245 1521 383 1594 ίίισιδείας
405 1530 442 1584 K.
482 1531 605 1598 p‚233‚
629 1529 648 1584 l.
669 1532 708 1582 12
726 1537 790 1600 ροσε
812 1527 965 1604 μετριότητι
987 1532 1056 1586 adde
1078 1525 1283 1604 προσελθών.
1328 1534 1346 1587 l.
1365 1536 1407 1587 28
1429 1528 1558 1608 Μερσι-
1620 1493 1621 1552 ί

242 1647 391 1704 νιάιτισσαν.
424 1645 459 1704 ‘H
482 1645 534 1704 ἀπδ
557 1649 603 1705 τοῦ
618 1644 762 1721 Λειμῶνος
786 1643 961 1726 ἐξαρτωμένη
985 1649 1127 1723 γυναικεία
1151 1648 1216 1722 αθτη
1239 1650 1310 1723 μονὴ
1332 1645 1366 1724 ἦν
1385 1649 1557 1708 παλαιάθεν

243 1769 472 1848 σταυροπηγιακή,
495 1769 533 1839 ὡς
557 1769 686 1846 μαρτυρεῖ
706 1765 753 1827 καί
776 1767 976 1846 μεμβρανῶδες
998 1771 1114 1847 γράμμα
1136 1774 1182 1829 τοῦ
1205 1769 1319 1848 Ἐρέσου
1341 1771 1461 1849 Δανιήλ,
1495 1769 1555 1842 ἐξ·
1620 1843 1621 1852 γ

242 1863 327 1969 ἀρχου
349 1890 498 1950 καθολικοῦ
519 1895 568 1965 τῆς
587 1891 668 1965 νήσου
684 1889 792 1964 Λέσβου
807 1891 878 1949 κατὰ
892 1891 922 1948 τδ
940 1898 1023 1949 1487
1040 1891 1109 1961 ἔτος.
1140 1896 1214 1952 Nota
1229 1899 1294 1952 Ker.
1306 1915 1338 1966 p.
1361 1900 1386 1952 7.
1398 1917 1430 1968 p.
1468 1903 1556 1962 234,
1620 1893 1621 1898 ’

241 2017 259 2069 ί.
278 2019 320 2070 29
341 2018 397 2071 dele
420 2011 434 2069 δ
457 2025 518 2072 ante
541 2011 629 2084 αὺτάς.
671 2037 702 2088 p.
722 2021 793 2086 235,
822 2019 841 2072 ί.
861 2020 879 2072 θ
901 2014 990 2092 πατήρ
1013 2025 1077 2088 ροσε
1103 2014 1284 2088 πνευματικός
1305 2021 1362 2074 dele
1390 2020 1432 2088 (ut
1456 2023 1554 2076 etiam

235 2155 268 2207 p.
287 2141 359 2207 242,
384 2140 402 2193 l.
422 2137 482 2206 20),
508 2159 568 2194 συιιι
590 2141 734 2210 νανίρίονσσ
751 2141 925 2194 ecclesiastici
942 2148 1073 2210 υσυιγνιιιί
1088 2143 1164 2196 modo
1178 2157 1223 2196 πν.
1239 2138 1337 2216 πατήρ,
1360 2144 1437 2196 modo
1452 2158 1553 2196 πνευ-

241 2258 363 2328 ματικὸς.
411 2261 429 2315 l.
448 2263 488 2315 24
510 2262 566 2316 dele
592 2252 628 2337 6-).
674 2263 692 2314 l.
711 2265 752 2315 25
775 2256 933 2330 μέλλουσιν,
959 2263 995 2316 Κ.
1012 2257 1138 2331 μέλλειν.
1184 2264 1203 2317 l.
1222 2266 1263 2316 29
1285 2259 1476 2318 συντάττεσθαι
1500 2280 1550 2321 τε.

240 2383 330 2436 Locus
352 2384 485 2452 ίιριιιάυσ,
509 2384 636 2436 αἰκισθεὶς
659 2384 763 2452 quidem
786 2385 908 2438 υἱάειιιτι
938 2377 984 2436 καί
1008 2379 1061 2436 ἀπδ
1083 2383 1129 2437 τοῦ
1151 2383 1196 2437 νῦν
1218 2377 1264 2436 καί
1289 2377 1327 2449 είς
1349 2380 1412 2450 τοὺς
1434 2378 1549 2452 αἰῶνας

239 2495 343 2569 πάντας
366 2491 495 2582 [ἐξέσται]
520 2497 647 2578 εἰσάγειν,
680 2501 726 2568 οθς
749 2500 799 2574 μὲν
823 2497 896 2558 αδτοὶ
920 2499 944 2559 οἱ
965 2493 1059 2580 πρῴην
1083 2499 1267 2580 εὑρισκόμενοι
1290 2501 1468 2579 ίερομάναχοι
1493 2502 1550 2562 κοιί

242 2617 360 2696 μοναχοὶ
391 2613 556 2705 [βούλονται]
589 2621 658 2695 μετὰ
680 2625 726 2679 τοῦ
747 2621 796 2694 τἠν
820 2621 905 2698 μονὴν
935 2623 1161 2701 προστατείοντος
1192 2621 1350 2699 λοχομένου
1380 2625 1547 2698 ἡγουμένου

243 2736 312 2826 [καὶ]
334 2741 516 2802 ἀποκαθιστᾶν
530 2741 578 2802 καὶ
598 2740 785 2802 συντάττεσθαί
799 2762 829 2801 τε
844 2742 890 2802 καί
911 2745 1019 2802 ένώνειν
1034 2749 1068 2824 τῇ
1085 2743 1246 2821 ἀδελφότητι
1261 2742 1307 2803 καί
1323 2743 1369 2804 ίσα
1384 2748 1442 2817 τοῖς
1456 2751 1544 2825 πρώ-
1620 2827 1621 2840 γ

239 2885 297 2935 τοις
312 2860 493 2924 ἀποκαθιστᾶν
515 2864 563 2924 καὶ
585 2864 669 2934 οὓτως
691 2865 813 2924 κάκεῖνοι
834 2866 917 2924 πάλιν
935 2865 1048 2943 ἀλλους,
1069 2865 1114 2924 καὶ
1138 2863 1246 2945 ἐξάγειν
1262 2866 1322 2937 τοὺς
1338 2863 1476 2945 ἀναξίους,
1500 2872 1544 2940 ὡς

240 2987 302 3056 ἔθος
326 2985 380 3046 ἐστὶ
403 2989 458 3057 τοῖς
480 2986 624 3060 κοινοβίοις
647 2988 815 3064 ἁπανταχοῦ.
847 2980 873 3070 [δ
889 2985 920 3045 δὲ
935 2986 968 3045 τὰ
983 2988 1048 3066 παρ’
1062 2987 1128 3061 ἐμοῦ
1145 2987 1343 3064 διατεταγμένα
1358 2985 1475 3074 ἀθετῶν]
1494 2991 1540 3063 εἴη

238 3107 267 3166 ἐν
295 3108 434 3188 άρορισμῷ
457 3109 518 3168 κτλ.
564 3115 583 3168 ί.
602 3117 643 3168 32
666 3103 780 3193 διήκειν]
805 3108 938 3170 διοικεῖνί
977 3133 1010 3184 μ.
1029 3115 1101 3183 236,
1125 3116 1143 3169 l.
1163 3117 1182 3168 5
1205 3108 1357 3191 Ῥοδίτισσᾳ
1384 3134 1416 3170 ια
1444 3119 1540 3172 imula

238 3235 334 3290 Rhodo
355 3254 425 3314 σοιν,
445 3228 595 3311 Πολίτισσᾳ
618 3253 650 3290 ια
671 3238 736 3290 urbe
754 3235 842 3305 spent?
876 3237 894 3290 ί.
916 3237 934 3290 8
957 3231 1083 3304 μέλλειν.
1119 3229 1306 3305 μελλούσαιςί
1336 3237 1433 3291 Mem
1455 3245 1538 3293 testa-

237 3359 319 3412 menti
338 3375 392 3411 non
414 3359 497 3412 edidit
519 3358 562 3427 Κ,
587 3359 635 3427 ραι·
655 3359 778 3414 observat
801 3357 840 3427 (p.
860 3357 905 3426 9):
928 3357 1086 3412 τοιαῦτα..
1105 3400 1112 3412 .
1131 3351 1290 3424 διατάξαςδ
1310 3353 1383 3432 ἱερος
1400 3353 1539 3429 Ἰγνάτιος

237 3472 308 3532 κατά
331 3475 441 3551 μάρτιον
464 3477 510 3531 τοῦ
535 3481 618 3532 1529
641 3473 716 3544 ἔτους
739 3474 887 3552 ἀπέρχεται
911 3473 981 3548 μετά
1004 3475 1098 3554 μικρδν
1115 3471 1155 3545 εἰς
1171 3475 1456 3535 Κωντταντινοίιπολιν
1473 3523 1480 3534 .
1500 3523 1534 3536 ..

238 3594 297 3653 ἐκεῖ
319 3592 350 3653 δὲ
376 3593 551 3672 περιβληθεὶς
581 3595 651 3654 κατά
673 3597 703 3654 τ“ο
734 3596 795 3667 ἔτος
821 3605 904 3656 1530
926 3598 955 3655 τ“ο
987 3595 1175 3676 άρχιεραιικδν
1206 3593 1314 3671 ἀξίωμα
1345 3597 1466 3676 ἐπικυροῑ
1491 3597 1538 3657 διὰ

236 3721 433 3796 πατριαρχυισῦ
462 3719 625 3798 γράμματος
647 3723 692 3777 τοῦ
716 3717 852 3798 Ἱερεμίου
874 3715 909 3776 Α’
931 3718 965 3776 τά
994 3718 1037 3777 ἀπ’
1050 3718 1129 3778 αὺτοῦ
1160 3719 1299 3798 ὁρισθέντα
1321 3715 1364 3799 (το
1396 3719 1536 3798 ἐγγραρον

237 3843 314 3899 τοῦτο
337 3842 452 3910 σώζεται
474 3839 517 3898 ὑπ’
535 3839 626 3919 ἀριθμ.
652 3849 680 3900 5.
703 3845 749 3898 τοῦ
772 3839 883 3918 ἀρχείου
906 3845 955 3914 τῆς
978 3836 1076 3922 μονῆς)
1102 3885 1159 3900 ...
1184 3838 1333 3914 συνέβησαν
1358 3841 1428 3913 μετά
1449 3848 1537 3899 ταῦτα

237 3958 344 4033 ἀταξίαι
366 3961 436 4032 τινὲς
461 3962 646 4036 ἐπιζημιοῦσαι
670 3961 805 4038 μεγάλως
827 3960 876 4032 τάς
900 3961 928 4019 ἐν
951 3967 984 4042 τῇ
1008 3967 1078 4042 μονῇ
1102 3969 1150 4036 τῆς
1174 3962 1245 4040 Μυρ.
1263 3962 1442 4038 μοναζοίισας,
1467 3961 1535 4039 Ι’νπὲρ

236 4078 274 4142 ὧν
296 4084 311 4142 δ
334 4083 405 4162 ίερδς
430 4083 576 4161 Ἰγνάτιος,
593 4081 743 4154 ἰδιάζουσαν
768 4083 840 4160 ἔχων
869 4081 995 4162 φροντίδα
1023 4084 1184 4159 ἐπεμελήθη
1207 4081 1240 4140 νά
1263 4079 1379 4164 συντάξῃ
1404 4082 1534 4160 δευτέραν

235 4207 320 4277 οθτιυς
343 4203 426 4266 εἰπεῖν
450 4203 589 4280 διαθήκην,
616 4199 676 4279 ἐνῆ
700 4205 837 4284 καθαρίζει
859 4206 1020 4284 σαφέστερον
1035 4205 1085 4277 τάς
1105 4205 1248 4276 διεποὺσας
1263 4207 1312 4280 τὴν
1328 4206 1414 4280 μονὴν
1430 4207 1533 4263 τούτων

236 4325 386 4400 διατάξει.
410 4377 415 4389 .
438 4373 444 4386 .
469 4331 546 4386 τοῦτο
573 4324 630 4410 (τὀ)
662 4327 779 4405 ἐγραρον
811 4327 918 4404 εὓρηται
947 4327 975 4386 ἐν
1003 4326 1041 4405 τῷ
1070 4321 1166 4388 κώδικι
1193 4333 1242 4404 τής
1271 4333 1357 4401 μονῆς
1388 4330 1535 4402 Λειμὼνος

236 4453 273 4529 (ρ.
300 4448 464 4526 25⁶-30⁶)
495 4447 542 4508 καὶ
573 4449 763 4528 ἐπιγράφεται·
791 4450 809 4524 ή
840 4449 946 4520 ἔκθεσις
971 4451 990 4525 ἡ
1019 4449 1051 4508 ἐκ
1073 4457 1122 4524 τῆς
1145 4449 1234 4528 ἀρχῆς
1256 4457 1304 4525 τῆς
1335 4448 1416 4527 άγίας
1447 4457 1534 4524 μονῆς

234 4571 333 4645 ταύτης
361 4575 411 4644 τῆς
441 4570 590 4650 θπεραγίας
621 4567 764 4645 δεσποίνης
792 4571 871 4642 ήμῶν
902 4571 1028 4630 θεοτάκου
1059 4568 1106 4630 καὶ
1136 4571 1312 4648 ἀειπαρθένου
1342 4571 1454 4650 Μαρίας
1483 4579 1533 4648 τῆς

236 4691 465 4772 Μερσινιωτίοσης
487 4699 536 4770 τῆς
559 4694 688 4766 κειμένης
713 4691 741 4752 ἐν
764 4699 796 4772 τῇ
821 4690 956 4772 Καλλονῇ
979 4697 1028 4769 τῆς
1049 4693 1208 4767 Μυτιλήνης
1233 4693 1261 4750 ἐν
1283 4715 1316 4776 ιη
1341 4693 1461 4778 ἐπαρχίᾳ
1482 4701 1532 4768 τῆς
