3240 5286
245 363 310 427 294

246 557 386 633 ἀντίληψιν
410 553 444 614 δι’
458 556 544 635 άκραν
575 555 730 633 ἀγαθότητα
762 553 977 630 ἀντεισάγοντος,
1008 549 1054 609 καὶ
1083 549 1210 629 προνοίας
1240 549 1314 628 όροις
1337 541 1538 616 ἀκαταλήπτοις

245 677 517 752 ἀντιλαμβανομένου
547 679 593 735 τού
623 676 781 754 πτώματος,
813 674 896 755 ταύτῃ
918 693 959 732 τοι
982 669 1029 731 καὶ
1050 671 1122 732 πολύ
1145 669 1196 746 μὲν
1218 671 1248 729 τό
1272 666 1355 740 δόξαν
1377 667 1449 742 ἡμῖν
1472 663 1539 722 ἀντι-

244 799 373 878 τίθεσθαι,
401 795 448 857 καί
471 795 620 870 βασκανίας
642 795 823 876 περιβάλλειν
845 796 952 874 κακοῖς,
982 791 1029 853 καί
1052 794 1103 873 πρό
1126 794 1233 852 πάντων
1256 791 1274 864 ῆ
1297 791 1469 866 τοῦγένους
1491 784 1539 844 ἀπ-

186 904 190 910 ’
245 918 436 1000 αλλοτρίωοις,
457 921 545 980 πάντα
569 918 593 978 δ’
607 917 646 991 είς
667 918 732 999 παρ’
744 918 809 995 ἡμῖν
833 915 1034 997 ἀπροσδόκητον
1056 913 1103 974 καί
1126 912 1216 986 ἀσινὲς
1240 909 1433 986 ἐναπέληξαν·
1458 927 1542 967 κοτα-

246 1041 321 1116 βιοὶις
348 1042 372 1101 δ’
386 1041 438 1101 ἀπό
466 1041 616 1116 μονῶτιδος
644 1039 737 1115 βιοτῆς
761 1036 800 1110 είς
823 1037 947 1117 συζυγίαν
972 1035 1015 1097 ἐπὶ
1037 1038 1153 1116 χρόνους
1175 1036 1258 1112 τινάς,
1288 1032 1336 1094 καί
1358 1033 1408 1108 τὴν
1433 1031 1543 1106 σύζυγον

245 1161 328 1242 κοινῷ
358 1163 465 1242 Θανάτῳ
493 1162 521 1220 ἐν
549 1163 625 1242 ἀκμῇ
652 1167 701 1237 τῆς
730 1161 806 1240 ῶρας
835 1155 1107 1237 ἀποβαλών,·ούδέν
1135 1157 1218 1234 ἔσχον
1246 1155 1279 1215 ἐκ
1304 1161 1354 1232 τῆς
1382 1151 1543 1220 τελευταίας

245 1285 346 1358 ταύτης
369 1261 539 1363 βουλήσεως,
562 1286 580 1358 ή
604 1283 699 1363 μικρόν
722 1304 746 1342 τι
769 1281 816 1342 καί
839 1280 916 1340 ούδέν
938 1280 1095 1358 κατάλυμα,
1119 1279 1275 1350 συναινέσας
1299 1279 1365 1358 αύτῇ
1383 1277 1478 1335 πάντα
1492 1269 1544 1348 θεῷ

245 1379 424 1487 παρεχομένῃ
449 1404 493 1464 διὰ
515 1409 563 1480 τῆς
587 1401 626 1476 είς
648 1404 710 1474 τούς
731 1405 852 1478 πένητας
875 1402 1059 1481 μεταδόσεως,
1082 1398 1129 1459 καί
1151 1400 1190 1478 τῷ
1209 1405 1259 1476 τῆς
1275 1399 1421 1478 ἐπιτροπῆς
1439 1393 1542 1471 δικαίην,

247 1527 317 1603 μετὰ
339 1525 386 1588 καί
408 1531 458 1604 τῆς
481 1525 550 1598 ἰδίας
574 1529 656 1602 αύτῆς
679 1527 781 1606 μητρός
804 1525 976 1603 ὑπουργήσας
1000 1520 1203 1598 ἀνεμποδίστως
1226 1519 1265 1598 τῷ
1284 1519 1381 1594 ταύτης
1396 1516 1541 1590 θελήματι,

247 1647 294 1710 καί
319 1649 423 1708 ἅπαντα
447 1648 492 1707 σύν
515 1650 581 1730 αῖυτη
606 1647 724 1726 διαδούς,
747 1649 835 1706 πάντα
858 1645 889 1704 δέ
911 1645 945 1704 τά
966 1646 1100 1724 προσόντα
1117 1663 1163 1717 μοι
1180 1641 1214 1702 δι’
1223 1641 1330 1720 ἀγαθῆς
1347 1639 1542 1712 ἐπεκτησάμην

246 1771 362 1842 πίστεως
384 1768 490 1828 οἴκοθεν
512 1766 611 1828 καὶ-τό
634 1773 727 1844 κτῆμα
748 1769 847 1843 ταύτης
869 1769 915 1826 τού
933 1765 1081 1826 Σελοκάκα
1093 1761 1115 1849 Ι)
1139 1764 1211 1823 δόσει
1227 1764 1379 1838 τιμήματος
1395 1759 1543 1840 άδροτάτον

246 1892 381 1972 ήγόρασα,
403 1887 546 1970 προστάξει
571 1889 700 1971 βασιλικῇ
723 1893 769 1949 τού
791 1889 982 1968 νομοφύλακος
1007 1887 1132 1958 δοθέντος
1155 1884 1198 1946 ἐπὶ
1213 1891 1246 1966 τή
1261 1885 1358 1966 πράσει
1372 1884 1542 1962 κουράτωρος

248 2011 288 2086 είς
315 2015 396 2073 τόπον
420 2013 488 2088 ἐμόν
512 2014 569 2086 ἀμα
592 2017 625 2092 τῆ
648 2013 830 2090 συνεπιτρόπῳ
853 2007 899 2069 καί
921 2009 1041 2092 πενθερφῖ
1065 2029 1126 2094 μου,
1157 2009 1249 2077 καθὼς
1271 2003 1318 2066 καὶ
1340 2006 1358 2080 ή
1380 2009 1477 2085 πράσις
1498 1997 1542 2059 καί

247 2135 277 2194 τό
306 2134 467 2214 ἐπιγεγονδς
494 2135 640 2210 Ιὑπόμνημα
663 2133 816 2213 διαγορεύει
840 2135 1001 2212 σαφέστατα,
1026 2131 1055 2191 ἐν
1077 2125 1146 2213 ᾗτινι
1167 2132 1263 2210 πράσει
1285 2127 1478 2210 περιείληπται
1499 2120 1543 2182 καί

248 2257 322 2327 όττως
344 2257 374 2315 τδ
395 2259 442 2316 τού
464 2259 602 2331 κτήματος
624 2260 671 2315 τοῦ
694 2253 809 2331 Βανίτζη
834 2256 904 2314 ἅπαν
926 2255 1033 2330 τίμημα
1055 2251 1095 2324 εἰς
1111 2252 1231 2312 διάδοσιν
1246 2254 1370 2326 πενήτων
1386 2248 1542 2316 ἀνελλιπῶς

248 2373 456 2457 προκεχώρηκε.
503 2377 628 2436 τοιούτων
656 2374 701 2436 οὖν
723 2375 770 2436 καὶ
793 2375 960 2452 τηλικούτων
983 2375 1143 2452 τετυχηκὼς
1166 2373 1276 2453 ἀγαθῶν
1299 2372 1349 2432 ύπδ
1370 2376 1418 2449 τῆς
1437 2386 1540 2428 παντο-

248 2502 412 2577 κρατορικῆς
441 2496 488 2557 καί
518 2492 706 2578 φιλανθρώπου
736 2496 782 2557 καὶ
812 2495 1031 2576 φιλοικτίρμονας
1061 2493 1154 2568 δεξιάς
1183 2494 1244 2574 ἐγὼ
1269 2495 1284 2554 ό
1308 2491 1472 2572 ἁμαρτωλός
1494 2485 1541 2548 καί

247 2621 355 2678 πάντων
382 2617 503 2694 ἀνάξιος,
534 2621 572 2690 ῶς
598 2617 645 2678 καὶ
673 2619 725 2678 ἀπδ
753 2616 833 2695 ξένης
860 2618 907 2678 καί
935 2623 1064 2694 ταπεινῆς
1091 2617 1176 2695 τύχης
1203 2609 1243 2688 εἷς
1269 2615 1398 2694 γενέσθαι
1419 2620 1471 2673 τῶν
1493 2617 1539 2686 τῆς

250 2738 404 2818 συγκλήτου
433 2739 547 2818 βουλῆς,
578 2737 625 2799 καὶ
647 2744 703 2811 τοῖς
726 2739 843 2820 ἀρίστοις
865 2745 918 2800 τῶν
942 2739 1106 2820 βουλευτῶν,
1137 2741 1183 2812 οθς
1204 2737 1252 2798 καί
1274 2733 1539 2818 ἀφιστοκρατικο-θςό

246 2860 366 2931 παλαιός
388 2860 475 2940 λόγος
498 2856 556 2921 οίδε
578 2861 687 2943 καλεῖν,
710 2860 835 2932 καὶτοῖς
859 2861 1078 2941 ἐπιφανεστάτοις
1096 2866 1149 2920 τῶν
1165 2861 1313 2921 πολιτικῶν
1330 2859 1459 2919 δικαστῶν
1475 2876 1538 2934 συγ-

246 2983 445 3063 καταλεγῆναι,
469 2981 515 3043 καὶ
535 2987 626 3059 τιμαῖς
643 2982 787 3059 δημοσίαις
803 2983 1008 3064 ἐναβρυνθῆναι,
1032 2984 1149 3062 ὤφειλον
1165 2985 1274 3054 πάντως
1288 2981 1327 3060 τῷ
1342 2986 1396 3040 τῶν
1411 2973 1539 3040 τοσούτων

247 3104 358 3183 ἀγαθῶν
382 3104 473 3186 δοτῆρι
496 3103 551 3184 θεῷ
574 3106 764 3184 ἀναλογοῦσαν
787 3105 836 3180 τὴν
860 3105 1066 3183 εὐγνωμοσύνην
1089 3103 1136 3165 καὶ
1152 3101 1304 3184 ἀξιόχρεων
1320 3101 1537 3182 συνεισενεγκεῖν.

248 3225 405 3304 ἀναγκαίως
428 3227 479 3302 μὲν
502 3223 547 3285 ούν
570 3227 688 3305 ῶφειλον
710 3231 797 3306 τούτο,
821 3229 872 3286 κάν
897 3223 1007 3306 ἀπόρως
1029 3220 1106 3304 εἶχον
1130 3226 1175 3285 διὰ
1197 3226 1246 3300 τήν
1269 3221 1437 3305 ἀνθρωπίνην
1459 3221 1538 3283 ἀσθέ-

247 3367 330 3422 νειαν,
367 3345 390 3406 εἰ
419 3348 443 3407 δ’
461 3329 517 3428 οὖν,
548 3349 626 3409 ἀλλά
653 3369 687 3428 γε
713 3351 760 3408 τού
791 3348 897 3427 ἐφικτού
922 3347 984 3428 περὶ
1010 3349 1060 3423 τήν
1087 3351 1132 3407 τού
1163 3345 1306 3422 βελτίονος
1331 3345 1416 3426 κρίσιν
1443 3364 1472 3404 τε
1497 3339 1538 3402 καί

248 3467 378 3547 διάκρισιν
408 3471 438 3528 τό
467 3471 596 3549 παράπαν
624 3469 663 3545 μῆ
695 3469 828 3530 ἐκπεσεῖν.
875 3469 933 3549 ἐγὼ
960 3469 992 3530 δέ
1022 3467 1173 3529 τούναντίον
1205 3469 1299 3544 ἔμεινα
1327 3467 1362 3528 δι’
1375 3468 1446 3542 ὅλης
1471 3468 1539 3540 ζωῆς

245 3589 416 3668 παροργίζων
444 3591 492 3664 τήν
521 3591 621 3668 ἄφατον
648 3591 727 3651 αθτού
754 3591 821 3670 πρός
845 3611 879 3664 με
904 3590 1090 3672 μακροθυμίαν
1112 3587 1159 3649 καὶ
1182 3589 1338 3668 ἀγαθότητα
1358 3588 1477 3660 πολλοῖς
1496 3583 1538 3645 καὶ

245 3711 383 3789 χαλεποῖς
405 3709 654 3790 πλημμελήμασιν,
679 3708 787 3771 ἀνθ’ῶν
810 3709 856 3771 καί
878 3717 931 3772 τῶν
953 3713 1149 3788 ήπειλημένων
1172 3713 1229 3784 τοῖς
1251 3713 1433 3790 ἁμαρτάνουσι
1454 3709 1537 3770 κολα-

246 3957 293 4014 τού
319 3953 410 4034 κυρίου
439 3973 489 4028 μου
516 3953 564 4013 καί
591 3955 630 4030 μὴ
657 3962 741 4014 ποιῶν
764 3958 851 4034 τούτο,
881 3953 929 4014 καί
950 3956 981 4012 τ“ο
1004 3955 1083 4014 δοθέν
1106 3975 1152 4030 μοι
1174 3955 1309 4014 τάλαντον
1332 3953 1456 4034 ἀκαρπον
1478 3954 1538 4026 όμού

247 4073 295 4134 καί
318 4075 416 4135 άτοκον
447 4073 594 4147 ἀποδείξας
617 4074 663 4135 καὶ
685 4077 778 4155 χεῖρον
808 4075 1044 4154 ἀπεργασάμενος,
1076 4073 1222 4136 ἀλλὰκαὶ
1245 4077 1283 4147 ῶς
1306 4075 1441 4150 ἀμνήμων
1463 4075 1538 4152 γενό-

249 4215 331 4271 μενος
353 4201 406 4255 τῶν
430 4197 510 4255 θείων
535 4197 613 4256 οιύτσιῖ
637 4196 807 4276 δωρημάτων
830 4194 876 4255 καὶ
898 4199 1076 4276 χαρισμάτων
1098 4193 1145 4255 καί
1168 4203 1218 4271 τῆς
1240 4197 1311 4256 κατὰ
1329 4193 1388 4270 βίον
1405 4196 1538 4276 εὐρύτητος

247 4315 294 4376 καὶ
323 4316 514 4398 ἀνεπίοτροφος
542 4318 682 4393 διαμείνας
706 4314 760 4378 ἀπο
782 4323 835 4378 τῶν
858 4325 994 4398 πονηρῶν,
1025 4318 1132 4400 πονηρᾷ
1154 4317 1280 4400 συνηθείᾳ
1301 4315 1348 4378 καὶ
1372 4317 1538 4399 βαρυκαφδίῳ

250 4493 453 4501 —..-----.

354 4603 374 4668 ¹)
395 4600 519 4654 Εύλσκάκα
538 4605 573 4667 S„
592 4603 639 4654 sed
657 4603 719 4654 vide
738 4603 850 4654 inferius
868 4605 895 4654 in
909 4604 1012 4669 Typico
1031 4611 1059 4654 ει
1077 4604 1268 4654 documentum
1287 4621 1311 4670 p.
1334 4607 1383 4654 145
1402 4605 1481 4656 huius
1498 4619 1534 4653 νο-

246 4699 364 4750 luminis.

247 3831 361 3914 ατηρίων
384 3833 546 3912 δεινοτέροις
569 3834 711 3894 ὑποπεσεῖν
735 3833 850 3908 ἐμαυτόν
869 3837 1065 3914 κατακέκρικα,
1089 3834 1120 3892 ού
1136 3835 1218 3907 μόνον
1235 3835 1274 3904 ῶς
1292 3830 1371 3904 είδῶς
1386 3833 1419 3892 τδ
1435 3833 1538 3907 θέλημα
1604 3871 1605 3876 1
