<?xml version="1.0" encoding="UTF-8"?>
<!DOCTYPE html PUBLIC "-//W3C//DTD XHTML 1.0 Transitional//EN"
    "http://www.w3.org/TR/xhtml1/DTD/xhtml1-transitional.dtd">
<html xmlns="http://www.w3.org/1999/xhtml" xml:lang="en" lang="en">
 <head>
  <title>
</title>
<meta http-equiv="Content-Type" content="text/html;charset=utf-8" />
  <meta name='ocr-system' content='tesseract 3.04.00' />
  <meta name='ocr-capabilities' content='ocr_page ocr_carea ocr_par ocr_line ocrx_word'/>
</head>
<body>
  <div class='ocr_page' id='page_1' title='image "./actaetdiplomata00miklgoog_0447.png"; bbox 0 0 3240 5286; ppageno 0'>
   <div class='ocr_carea' id='block_1_1' title="bbox 262 346 326 414">
    <p class='ocr_par' dir='ltr' id='par_1_1' title="bbox 262 346 326 414">
     <span class='ocr_line' id='line_1_1' title="bbox 262 346 326 414; baseline 0.031 -2"><span class='ocrx_word' id='word_1_1' title='bbox 262 346 326 414; x_wconf 69' lang='lat'>274</span> 
     </span>
    </p>
   </div>
   <div class='ocr_carea' id='block_1_2' title="bbox 260 509 1605 4029">
    <p class='ocr_par' dir='ltr' id='par_1_2' title="bbox 261 509 1555 1841">
     <span class='ocr_line' id='line_1_2' title="bbox 262 509 1554 622; baseline -0.003 -20"><span class='ocrx_word' id='word_1_2' title='bbox 262 543 359 622; x_wconf 87' lang='grc' dir='ltr'>ἁγίοις,</span> <span class='ocrx_word' id='word_1_3' title='bbox 383 544 422 614; x_wconf 90' lang='grc' dir='ltr'>ώς</span> <span class='ocrx_word' id='word_1_4' title='bbox 445 544 524 604; x_wconf 74' lang='grc' dir='ltr'>αὺτοῦ</span> <span class='ocrx_word' id='word_1_5' title='bbox 546 547 592 603; x_wconf 91' lang='grc' dir='ltr'>τοῦ</span> <span class='ocrx_word' id='word_1_6' title='bbox 614 541 677 604; x_wconf 85' lang='grc' dir='ltr'>θεοῦ</span> <span class='ocrx_word' id='word_1_7' title='bbox 700 539 798 622; x_wconf 98' lang='grc' dir='ltr'>φίλοις,</span> <span class='ocrx_word' id='word_1_8' title='bbox 821 537 948 616; x_wconf 85' lang='grc' dir='ltr'>ἁσμένως</span> <span class='ocrx_word' id='word_1_9' title='bbox 971 509 1144 614; x_wconf 73' lang='grc' dir='ltr'>δεξὰδθωσαν</span> <span class='ocrx_word' id='word_1_10' title='bbox 1166 537 1200 600; x_wconf 80' lang='grc' dir='ltr'>τὰ</span> <span class='ocrx_word' id='word_1_11' title='bbox 1222 540 1296 617; x_wconf 87' lang='grc' dir='ltr'>τίμια</span> <span class='ocrx_word' id='word_1_12' title='bbox 1318 531 1366 600; x_wconf 83' lang='grc' dir='ltr'>καί</span> <span class='ocrx_word' id='word_1_13' title='bbox 1381 538 1447 618; x_wconf 87' lang='grc' dir='ltr'>ἁγια</span> <span class='ocrx_word' id='word_1_14' title='bbox 1461 537 1554 600; x_wconf 84' lang='grc' dir='ltr'>τοθτιιν</span> 
     </span>
     <span class='ocr_line' id='line_1_3' title="bbox 262 656 1554 743; baseline -0.003 -20"><span class='ocrx_word' id='word_1_15' title='bbox 262 665 330 725; x_wconf 84' lang='grc' dir='ltr'>αθτθι</span> <span class='ocrx_word' id='word_1_16' title='bbox 351 663 480 743; x_wconf 85' lang='grc' dir='ltr'>λείψανα,</span> <span class='ocrx_word' id='word_1_17' title='bbox 512 666 530 723; x_wconf 89' lang='grc' dir='ltr'>ἁ</span> <span class='ocrx_word' id='word_1_18' title='bbox 551 671 596 724; x_wconf 88' lang='grc' dir='ltr'>νῦν</span> <span class='ocrx_word' id='word_1_19' title='bbox 620 664 773 743; x_wconf 85' lang='grc' dir='ltr'>ἐπιφέρεται</span> <span class='ocrx_word' id='word_1_20' title='bbox 796 663 811 721; x_wconf 91' lang='grc' dir='ltr'>ό</span> <span class='ocrx_word' id='word_1_21' title='bbox 834 661 971 738; x_wconf 89' lang='grc' dir='ltr'>δηλωθείς</span> <span class='ocrx_word' id='word_1_22' title='bbox 994 656 1072 733; x_wconf 83' lang='grc' dir='ltr'>οὗτος</span> <span class='ocrx_word' id='word_1_23' title='bbox 1096 664 1253 743; x_wconf 89' lang='grc' dir='ltr'>μὰγιοτρος,</span> <span class='ocrx_word' id='word_1_24' title='bbox 1276 662 1368 742; x_wconf 84' lang='grc' dir='ltr'>κθριος</span> <span class='ocrx_word' id='word_1_25' title='bbox 1391 661 1494 742; x_wconf 87' lang='grc' dir='ltr'>Πέτρος</span> <span class='ocrx_word' id='word_1_26' title='bbox 1514 661 1554 720; x_wconf 83' lang='grc' dir='ltr'>ντὲ</span> 
     </span>
     <span class='ocr_line' id='line_1_4' title="bbox 263 782 1554 867; baseline -0.004 -21"><span class='ocrx_word' id='word_1_27' title='bbox 263 787 442 865; x_wconf 86' lang='grc' dir='ltr'>Πεσταγὰλη,</span> <span class='ocrx_word' id='word_1_28' title='bbox 473 786 488 844; x_wconf 90' lang='grc' dir='ltr'>ό</span> <span class='ocrx_word' id='word_1_29' title='bbox 519 786 665 867; x_wconf 84' lang='grc' dir='ltr'>ἁρχιατρός</span> <span class='ocrx_word' id='word_1_30' title='bbox 695 783 741 844; x_wconf 83' lang='grc' dir='ltr'>καί</span> <span class='ocrx_word' id='word_1_31' title='bbox 771 786 963 865; x_wconf 73' lang='grc' dir='ltr'>προσηκόντως</span> <span class='ocrx_word' id='word_1_32' title='bbox 993 783 1197 844; x_wconf 79' lang='grc' dir='ltr'>ἀποδιδότωσαν</span> <span class='ocrx_word' id='word_1_33' title='bbox 1226 785 1317 856; x_wconf 85' lang='grc' dir='ltr'>αῦτοῑς</span> <span class='ocrx_word' id='word_1_34' title='bbox 1345 785 1376 843; x_wconf 84' lang='grc' dir='ltr'>τό</span> <span class='ocrx_word' id='word_1_35' title='bbox 1404 784 1486 858; x_wconf 82' lang='grc' dir='ltr'>σέβας</span> <span class='ocrx_word' id='word_1_36' title='bbox 1512 782 1554 842; x_wconf 79' lang='grc' dir='ltr'>καὶ</span> 
     </span>
     <span class='ocr_line' id='line_1_5' title="bbox 262 900 1555 987; baseline -0.003 -19"><span class='ocrx_word' id='word_1_37' title='bbox 262 909 310 983; x_wconf 85' lang='grc' dir='ltr'>τὴν</span> <span class='ocrx_word' id='word_1_38' title='bbox 340 908 521 987; x_wconf 73' lang='grc' dir='ltr'>ὀφειλομένην</span> <span class='ocrx_word' id='word_1_39' title='bbox 548 905 629 983; x_wconf 85' lang='grc' dir='ltr'>τιμὴν</span> <span class='ocrx_word' id='word_1_40' title='bbox 656 906 854 978; x_wconf 89' lang='grc' dir='ltr'>ἁνενδοιάστως</span> <span class='ocrx_word' id='word_1_41' title='bbox 882 900 951 980; x_wconf 82' lang='grc' dir='ltr'>μετὰ</span> <span class='ocrx_word' id='word_1_42' title='bbox 979 907 1090 982; x_wconf 85' lang='grc' dir='ltr'>ζεοθσης</span> <span class='ocrx_word' id='word_1_43' title='bbox 1116 912 1166 981; x_wconf 69' lang='grc' dir='ltr'>τῆς</span> <span class='ocrx_word' id='word_1_44' title='bbox 1188 905 1304 978; x_wconf 89' lang='grc' dir='ltr'>πίστεως</span> <span class='ocrx_word' id='word_1_45' title='bbox 1331 906 1486 984; x_wconf 87' lang='grc' dir='ltr'>όλοψίιχως,</span> <span class='ocrx_word' id='word_1_46' title='bbox 1516 905 1555 964; x_wconf 82' lang='grc' dir='ltr'>ἵνα</span> 
     </span>
     <span class='ocr_line' id='line_1_6' title="bbox 261 1025 1554 1108; baseline -0.005 -18"><span class='ocrx_word' id='word_1_47' title='bbox 261 1028 308 1090; x_wconf 89' lang='grc' dir='ltr'>καί</span> <span class='ocrx_word' id='word_1_48' title='bbox 329 1031 375 1090; x_wconf 88' lang='grc' dir='ltr'>τόν</span> <span class='ocrx_word' id='word_1_49' title='bbox 397 1031 460 1090; x_wconf 86' lang='grc' dir='ltr'>θεόν</span> <span class='ocrx_word' id='word_1_50' title='bbox 484 1027 587 1102; x_wconf 82' lang='grc' dir='ltr'>ἕξουσιν</span> <span class='ocrx_word' id='word_1_51' title='bbox 609 1029 704 1107; x_wconf 70' lang='grc' dir='ltr'>ἰἰιεων,</span> <span class='ocrx_word' id='word_1_52' title='bbox 732 1029 825 1088; x_wconf 82' lang='grc' dir='ltr'>τοῦτου</span> <span class='ocrx_word' id='word_1_53' title='bbox 847 1025 928 1108; x_wconf 92' lang='grc' dir='ltr'>χάριν</span> <span class='ocrx_word' id='word_1_54' title='bbox 950 1025 998 1086; x_wconf 85' lang='grc' dir='ltr'>καὶ</span> <span class='ocrx_word' id='word_1_55' title='bbox 1020 1026 1060 1100; x_wconf 87' lang='grc' dir='ltr'>εἰς</span> <span class='ocrx_word' id='word_1_56' title='bbox 1083 1027 1162 1088; x_wconf 81' lang='grc' dir='ltr'>αὐτόν</span> <span class='ocrx_word' id='word_1_57' title='bbox 1184 1028 1231 1088; x_wconf 84' lang='grc' dir='ltr'>τόν</span> <span class='ocrx_word' id='word_1_58' title='bbox 1253 1027 1316 1086; x_wconf 82' lang='grc' dir='ltr'>θεόν</span> <span class='ocrx_word' id='word_1_59' title='bbox 1340 1027 1488 1102; x_wconf 78' lang='grc' dir='ltr'>διαβαίνειν</span> <span class='ocrx_word' id='word_1_60' title='bbox 1509 1027 1554 1101; x_wconf 77' lang='grc' dir='ltr'>την</span> 
     </span>
     <span class='ocr_line' id='line_1_7' title="bbox 262 1147 1554 1230; baseline -0.003 -18"><span class='ocrx_word' id='word_1_61' title='bbox 262 1147 464 1226; x_wconf 81' lang='grc' dir='ltr'>ἀποδιδομένην</span> <span class='ocrx_word' id='word_1_62' title='bbox 485 1151 550 1230; x_wconf 91' lang='grc' dir='ltr'>παρ’</span> <span class='ocrx_word' id='word_1_63' title='bbox 562 1151 641 1228; x_wconf 74' lang='grc' dir='ltr'>ἡμῶν</span> <span class='ocrx_word' id='word_1_64' title='bbox 664 1156 717 1210; x_wconf 85' lang='grc' dir='ltr'>τῶν</span> <span class='ocrx_word' id='word_1_65' title='bbox 741 1150 889 1230; x_wconf 87' lang='grc' dir='ltr'>ἀνθρώπων</span> <span class='ocrx_word' id='word_1_66' title='bbox 911 1151 968 1221; x_wconf 82' lang='grc' dir='ltr'>τοῖς</span> <span class='ocrx_word' id='word_1_67' title='bbox 990 1149 1078 1228; x_wconf 88' lang='grc' dir='ltr'>ἁγίοις</span> <span class='ocrx_word' id='word_1_68' title='bbox 1100 1149 1181 1224; x_wconf 80' lang='grc' dir='ltr'>τιμὴν</span> <span class='ocrx_word' id='word_1_69' title='bbox 1203 1148 1251 1210; x_wconf 89' lang='grc' dir='ltr'>καὶ</span> <span class='ocrx_word' id='word_1_70' title='bbox 1265 1150 1375 1222; x_wconf 81' lang='grc' dir='ltr'>τούτους</span> <span class='ocrx_word' id='word_1_71' title='bbox 1390 1149 1485 1221; x_wconf 84' lang='grc' dir='ltr'>αθτοὶις</span> <span class='ocrx_word' id='word_1_72' title='bbox 1499 1149 1554 1219; x_wconf 85' lang='grc' dir='ltr'>τοθς</span> 
     </span>
     <span class='ocr_line' id='line_1_8' title="bbox 262 1268 1554 1354; baseline -0.004 -21"><span class='ocrx_word' id='word_1_73' title='bbox 262 1271 356 1352; x_wconf 82' lang='grc' dir='ltr'>ἁγίους</span> <span class='ocrx_word' id='word_1_74' title='bbox 377 1271 545 1354; x_wconf 80' lang='grc' dir='ltr'>πρεσβευτὰς</span> <span class='ocrx_word' id='word_1_75' title='bbox 567 1271 633 1352; x_wconf 84' lang='grc' dir='ltr'>ὑπὲρ</span> <span class='ocrx_word' id='word_1_76' title='bbox 657 1274 743 1332; x_wconf 74' lang='grc' dir='ltr'>αὐτῶν</span> <span class='ocrx_word' id='word_1_77' title='bbox 766 1271 800 1348; x_wconf 81' lang='grc' dir='ltr'>δὴ</span> <span class='ocrx_word' id='word_1_78' title='bbox 822 1279 877 1332; x_wconf 86' lang='grc' dir='ltr'>τῶν</span> <span class='ocrx_word' id='word_1_79' title='bbox 900 1272 1072 1350; x_wconf 76' lang='grc' dir='ltr'>κατεχόντων</span> <span class='ocrx_word' id='word_1_80' title='bbox 1096 1271 1163 1331; x_wconf 86' lang='grc' dir='ltr'>αῦτὰ</span> <span class='ocrx_word' id='word_1_81' title='bbox 1177 1270 1210 1330; x_wconf 87' lang='grc' dir='ltr'>τὰ</span> <span class='ocrx_word' id='word_1_82' title='bbox 1226 1268 1302 1346; x_wconf 90' lang='grc' dir='ltr'>τίμια</span> <span class='ocrx_word' id='word_1_83' title='bbox 1316 1269 1364 1331; x_wconf 89' lang='grc' dir='ltr'>καί</span> <span class='ocrx_word' id='word_1_84' title='bbox 1380 1272 1446 1350; x_wconf 88' lang='grc' dir='ltr'>ἁγια</span> <span class='ocrx_word' id='word_1_85' title='bbox 1460 1271 1554 1330; x_wconf 83' lang='grc' dir='ltr'>τοῦτων</span> 
     </span>
     <span class='ocr_line' id='line_1_9' title="bbox 261 1391 1554 1474; baseline -0.002 -19"><span class='ocrx_word' id='word_1_86' title='bbox 261 1393 381 1472; x_wconf 86' lang='grc' dir='ltr'>λείψανα</span> <span class='ocrx_word' id='word_1_87' title='bbox 403 1391 449 1455; x_wconf 85' lang='grc' dir='ltr'>καὶ</span> <span class='ocrx_word' id='word_1_88' title='bbox 471 1395 621 1474; x_wconf 82' lang='grc' dir='ltr'>τιμώντων,</span> <span class='ocrx_word' id='word_1_89' title='bbox 645 1395 684 1466; x_wconf 85' lang='grc' dir='ltr'>ὡς</span> <span class='ocrx_word' id='word_1_90' title='bbox 705 1395 736 1454; x_wconf 83' lang='grc' dir='ltr'>τό</span> <span class='ocrx_word' id='word_1_91' title='bbox 759 1392 846 1466; x_wconf 86' lang='grc' dir='ltr'>εἰκός·</span> <span class='ocrx_word' id='word_1_92' title='bbox 879 1395 1014 1474; x_wconf 84' lang='grc' dir='ltr'>μάρτυρες</span> <span class='ocrx_word' id='word_1_93' title='bbox 1037 1393 1068 1454; x_wconf 84' lang='grc' dir='ltr'>δὲ</span> <span class='ocrx_word' id='word_1_94' title='bbox 1090 1394 1183 1454; x_wconf 85' lang='grc' dir='ltr'>τοῦτου</span> <span class='ocrx_word' id='word_1_95' title='bbox 1206 1393 1231 1452; x_wconf 88' lang='grc' dir='ltr'>σί</span> <span class='ocrx_word' id='word_1_96' title='bbox 1253 1394 1377 1453; x_wconf 78' lang='grc' dir='ltr'>κάτωθεν</span> <span class='ocrx_word' id='word_1_97' title='bbox 1399 1393 1554 1467; x_wconf 76' lang='grc' dir='ltr'>κατ’όνομα</span> 
     </span>
     <span class='ocr_line' id='line_1_10' title="bbox 262 1512 1552 1596; baseline -0.002 -20"><span class='ocrx_word' id='word_1_98' title='bbox 262 1516 436 1592; x_wconf 86' lang='grc' dir='ltr'>δηλωθέντες</span> <span class='ocrx_word' id='word_1_99' title='bbox 458 1517 612 1591; x_wconf 88' lang='grc' dir='ltr'>τιμιώτατοι</span> <span class='ocrx_word' id='word_1_100' title='bbox 635 1514 682 1576; x_wconf 84' lang='grc' dir='ltr'>καί</span> <span class='ocrx_word' id='word_1_101' title='bbox 704 1512 914 1591; x_wconf 82' lang='grc' dir='ltr'>αἰδεσιμώτατοι</span> <span class='ocrx_word' id='word_1_102' title='bbox 929 1513 1115 1595; x_wconf 86' lang='grc' dir='ltr'>ἱερομόναχοι,</span> <span class='ocrx_word' id='word_1_103' title='bbox 1137 1513 1270 1574; x_wconf 89' lang='grc' dir='ltr'>πιστωθὲν</span> <span class='ocrx_word' id='word_1_104' title='bbox 1286 1520 1320 1596; x_wconf 76' lang='grc' dir='ltr'>τῇ</span> <span class='ocrx_word' id='word_1_105' title='bbox 1336 1513 1474 1595; x_wconf 88' lang='grc' dir='ltr'>ίδιοχείρῳ</span> <span class='ocrx_word' id='word_1_106' title='bbox 1489 1515 1552 1574; x_wconf 81' lang='grc' dir='ltr'>ἁπο-</span> 
     </span>
     <span class='ocr_line' id='line_1_11' title="bbox 261 1633 1555 1720; baseline -0.002 -23"><span class='ocrx_word' id='word_1_107' title='bbox 261 1644 361 1720; x_wconf 79' lang='grc' dir='ltr'>γραφῄ.</span> <span class='ocrx_word' id='word_1_108' title='bbox 406 1635 454 1698; x_wconf 88' lang='grc' dir='ltr'>καί</span> <span class='ocrx_word' id='word_1_109' title='bbox 479 1633 584 1712; x_wconf 75' lang='grc' dir='ltr'>ἠξιώθη</span> <span class='ocrx_word' id='word_1_110' title='bbox 611 1641 688 1698; x_wconf 85' lang='grc' dir='ltr'>τοῦτο</span> <span class='ocrx_word' id='word_1_111' title='bbox 715 1637 789 1718; x_wconf 85' lang='grc' dir='ltr'>παρὰ</span> <span class='ocrx_word' id='word_1_112' title='bbox 814 1641 860 1698; x_wconf 91' lang='grc' dir='ltr'>τοῦ</span> <span class='ocrx_word' id='word_1_113' title='bbox 888 1637 1040 1716; x_wconf 89' lang='grc' dir='ltr'>ἁγιωτάτου</span> <span class='ocrx_word' id='word_1_114' title='bbox 1063 1657 1114 1711; x_wconf 87' lang='grc' dir='ltr'>μου</span> <span class='ocrx_word' id='word_1_115' title='bbox 1143 1637 1271 1697; x_wconf 81' lang='grc' dir='ltr'>αθθέντου</span> <span class='ocrx_word' id='word_1_116' title='bbox 1293 1634 1340 1696; x_wconf 86' lang='grc' dir='ltr'>καί</span> <span class='ocrx_word' id='word_1_117' title='bbox 1363 1635 1492 1698; x_wconf 77' lang='grc' dir='ltr'>δεσπότου</span> <span class='ocrx_word' id='word_1_118' title='bbox 1513 1641 1555 1696; x_wconf 84' lang='grc' dir='ltr'>τοῦ</span> 
     </span>
     <span class='ocr_line' id='line_1_12' title="bbox 261 1757 687 1841; baseline 0 -21"><span class='ocrx_word' id='word_1_119' title='bbox 261 1757 449 1834; x_wconf 85' lang='grc' dir='ltr'>οἰκουμενικοῦ</span> <span class='ocrx_word' id='word_1_120' title='bbox 471 1762 640 1841; x_wconf 78' lang='grc' dir='ltr'>πατριάρχου</span> <span class='ocrx_word' id='word_1_121' title='bbox 661 1764 687 1836; x_wconf 88' lang='lat'>†.</span> 
     </span>
    </p>

    <p class='ocr_par' dir='ltr' id='par_1_3' title="bbox 260 1875 1553 2079">
     <span class='ocr_line' id='line_1_13' title="bbox 364 1875 1553 1962; baseline -0.002 -22"><span class='ocrx_word' id='word_1_122' title='bbox 364 1885 381 1958; x_wconf 88' lang='lat'>†</span> <span class='ocrx_word' id='word_1_123' title='bbox 405 1879 493 1957; x_wconf 88' lang='grc' dir='ltr'>Μηνὶ</span> <span class='ocrx_word' id='word_1_124' title='bbox 517 1875 613 1960; x_wconf 87' lang='grc' dir='ltr'>μαίῳ,</span> <span class='ocrx_word' id='word_1_125' title='bbox 638 1881 761 1962; x_wconf 85' lang='grc' dir='ltr'>δεκάτῃ</span> <span class='ocrx_word' id='word_1_126' title='bbox 776 1881 896 1962; x_wconf 79' lang='grc' dir='ltr'>ἡμέρᾳ,</span> <span class='ocrx_word' id='word_1_127' title='bbox 920 1877 1130 1951; x_wconf 78' lang='grc' dir='ltr'>ίθδικτιῶνος</span> <span class='ocrx_word' id='word_1_128' title='bbox 1146 1879 1173 1940; x_wconf 85' lang='grc' dir='ltr'>α’</span> <span class='ocrx_word' id='word_1_129' title='bbox 1189 1885 1244 1940; x_wconf 87' lang='grc' dir='ltr'>τοῦ</span> <span class='ocrx_word' id='word_1_130' title='bbox 1260 1879 1373 1962; x_wconf 51' lang='grc' dir='ltr'>,ςωοά</span> <span class='ocrx_word' id='word_1_131' title='bbox 1390 1881 1483 1952; x_wconf 85' lang='grc' dir='ltr'>ἔτους</span> <span class='ocrx_word' id='word_1_132' title='bbox 1498 1879 1553 1938; x_wconf 84' lang='grc' dir='ltr'>ἁπό</span> 
     </span>
     <span class='ocr_line' id='line_1_14' title="bbox 260 2001 598 2079; baseline -0.003 -16"><span class='ocrx_word' id='word_1_133' title='bbox 260 2001 403 2073; x_wconf 77' lang='grc' dir='ltr'>κτίσεως</span> <span class='ocrx_word' id='word_1_134' title='bbox 425 2002 550 2078; x_wconf 81' lang='grc' dir='ltr'>κόσμου</span> <span class='ocrx_word' id='word_1_135' title='bbox 573 2006 598 2079; x_wconf 86' lang='lat'>†.</span> 
     </span>
    </p>

    <p class='ocr_par' dir='ltr' id='par_1_4' title="bbox 261 2121 1555 2324">
     <span class='ocr_line' id='line_1_15' title="bbox 364 2121 1555 2203; baseline -0.003 -19"><span class='ocrx_word' id='word_1_136' title='bbox 364 2123 477 2201; x_wconf 69' lang='grc' dir='ltr'>γἈπδ</span> <span class='ocrx_word' id='word_1_137' title='bbox 507 2127 562 2184; x_wconf 88' lang='grc' dir='ltr'>τοῦ</span> <span class='ocrx_word' id='word_1_138' title='bbox 592 2126 839 2203; x_wconf 90' lang='grc' dir='ltr'>πατριαρχικοῦ</span> <span class='ocrx_word' id='word_1_139' title='bbox 868 2123 985 2201; x_wconf 83' lang='grc' dir='ltr'>θρόνου</span> <span class='ocrx_word' id='word_1_140' title='bbox 1014 2128 1072 2198; x_wconf 79' lang='grc' dir='ltr'>τῆς</span> <span class='ocrx_word' id='word_1_141' title='bbox 1102 2121 1309 2198; x_wconf 82' lang='grc' dir='ltr'>ἀνατολικῆς</span> <span class='ocrx_word' id='word_1_142' title='bbox 1339 2127 1394 2184; x_wconf 87' lang='grc' dir='ltr'>τοῦ</span> <span class='ocrx_word' id='word_1_143' title='bbox 1422 2123 1555 2202; x_wconf 80' lang='grc' dir='ltr'>Χριστοῦ</span> 
     </span>
     <span class='ocr_line' id='line_1_16' title="bbox 261 2241 1351 2324; baseline 0 -18"><span class='ocrx_word' id='word_1_144' title='bbox 261 2243 317 2306; x_wconf 88' lang='grc' dir='ltr'>καὶ</span> <span class='ocrx_word' id='word_1_145' title='bbox 339 2243 440 2324; x_wconf 82' lang='grc' dir='ltr'>ἁγίας</span> <span class='ocrx_word' id='word_1_146' title='bbox 464 2244 650 2320; x_wconf 83' lang='grc' dir='ltr'>ἐκκλησίας</span> <span class='ocrx_word' id='word_1_147' title='bbox 673 2243 915 2324; x_wconf 77' lang='grc' dir='ltr'>Ἰεροσολύμων</span> <span class='ocrx_word' id='word_1_148' title='bbox 938 2241 1118 2315; x_wconf 84' lang='grc' dir='ltr'>Γεννὰδιος</span> <span class='ocrx_word' id='word_1_149' title='bbox 1141 2243 1303 2324; x_wconf 86' lang='grc' dir='ltr'>Φρυγίτις</span> <span class='ocrx_word' id='word_1_150' title='bbox 1325 2248 1351 2322; x_wconf 89' lang='lat'>†.</span> 
     </span>
    </p>

    <p class='ocr_par' dir='ltr' id='par_1_5' title="bbox 260 2365 1605 4029">
     <span class='ocr_line' id='line_1_17' title="bbox 365 2365 1554 2446; baseline -0.001 -22"><span class='ocrx_word' id='word_1_151' title='bbox 365 2365 409 2424; x_wconf 85' lang='grc' dir='ltr'>Τὰ</span> <span class='ocrx_word' id='word_1_152' title='bbox 439 2365 585 2426; x_wconf 80' lang='grc' dir='ltr'>δεσποτικὰ</span> <span class='ocrx_word' id='word_1_153' title='bbox 608 2367 674 2445; x_wconf 86' lang='grc' dir='ltr'>ἁγια</span> <span class='ocrx_word' id='word_1_154' title='bbox 704 2370 801 2426; x_wconf 90' lang='grc' dir='ltr'>ταῦτα·</span> <span class='ocrx_word' id='word_1_155' title='bbox 834 2367 912 2444; x_wconf 85' lang='grc' dir='ltr'>ἁγιος</span> <span class='ocrx_word' id='word_1_156' title='bbox 941 2365 1018 2437; x_wconf 89' lang='grc' dir='ltr'>λίθος</span> <span class='ocrx_word' id='word_1_157' title='bbox 1041 2365 1094 2426; x_wconf 89' lang='grc' dir='ltr'>ἁπδ</span> <span class='ocrx_word' id='word_1_158' title='bbox 1115 2370 1162 2428; x_wconf 87' lang='grc' dir='ltr'>τοῦ</span> <span class='ocrx_word' id='word_1_159' title='bbox 1185 2365 1263 2446; x_wconf 89' lang='grc' dir='ltr'>ἁγίου</span> <span class='ocrx_word' id='word_1_160' title='bbox 1286 2367 1447 2427; x_wconf 86' lang='grc' dir='ltr'>δεσποτικοῦ</span> <span class='ocrx_word' id='word_1_161' title='bbox 1469 2368 1554 2444; x_wconf 78' lang='grc' dir='ltr'>τάφου,</span> 
     </span>
     <span class='ocr_line' id='line_1_18' title="bbox 261 2485 1554 2568; baseline -0.001 -21"><span class='ocrx_word' id='word_1_162' title='bbox 261 2489 341 2566; x_wconf 87' lang='grc' dir='ltr'>ἁγιος</span> <span class='ocrx_word' id='word_1_163' title='bbox 363 2488 495 2568; x_wconf 77' lang='grc' dir='ltr'>σπόγγος,</span> <span class='ocrx_word' id='word_1_164' title='bbox 519 2489 597 2566; x_wconf 85' lang='grc' dir='ltr'>ἁγιος</span> <span class='ocrx_word' id='word_1_165' title='bbox 620 2486 698 2559; x_wconf 90' lang='grc' dir='ltr'>λίθος</span> <span class='ocrx_word' id='word_1_166' title='bbox 720 2487 774 2548; x_wconf 87' lang='grc' dir='ltr'>ἁπθ</span> <span class='ocrx_word' id='word_1_167' title='bbox 795 2491 843 2548; x_wconf 89' lang='grc' dir='ltr'>τοῦ</span> <span class='ocrx_word' id='word_1_168' title='bbox 865 2487 943 2565; x_wconf 80' lang='grc' dir='ltr'>ἁγίου</span> <span class='ocrx_word' id='word_1_169' title='bbox 964 2487 1064 2567; x_wconf 89' lang='grc' dir='ltr'>κίονος,</span> <span class='ocrx_word' id='word_1_170' title='bbox 1088 2487 1175 2564; x_wconf 89' lang='grc' dir='ltr'>τίμιον</span> <span class='ocrx_word' id='word_1_171' title='bbox 1197 2486 1244 2548; x_wconf 88' lang='grc' dir='ltr'>καὶ</span> <span class='ocrx_word' id='word_1_172' title='bbox 1268 2488 1346 2567; x_wconf 87' lang='grc' dir='ltr'>ἁγιον</span> <span class='ocrx_word' id='word_1_173' title='bbox 1367 2485 1460 2566; x_wconf 58' lang='grc' dir='ltr'>θόλον,</span> <span class='ocrx_word' id='word_1_174' title='bbox 1483 2488 1554 2565; x_wconf 85' lang='grc' dir='ltr'>ἁγιον</span> 
     </span>
     <span class='ocr_line' id='line_1_19' title="bbox 260 2569 1605 2694; baseline 0.001 -27"><span class='ocrx_word' id='word_1_175' title='bbox 260 2613 355 2688; x_wconf 82' lang='grc' dir='ltr'>χῶμα,</span> <span class='ocrx_word' id='word_1_176' title='bbox 384 2609 428 2688; x_wconf 81' lang='grc' dir='ltr'>ἀφ’</span> <span class='ocrx_word' id='word_1_177' title='bbox 441 2604 472 2669; x_wconf 84' lang='grc' dir='ltr'>οὗ</span> <span class='ocrx_word' id='word_1_178' title='bbox 493 2610 576 2694; x_wconf 81' lang='grc' dir='ltr'>τόπου</span> <span class='ocrx_word' id='word_1_179' title='bbox 598 2605 632 2686; x_wconf 75' lang='grc' dir='ltr'>ἦν</span> <span class='ocrx_word' id='word_1_180' title='bbox 655 2611 670 2670; x_wconf 88' lang='grc' dir='ltr'>ό</span> <span class='ocrx_word' id='word_1_181' title='bbox 692 2607 779 2686; x_wconf 90' lang='grc' dir='ltr'>τίμιος</span> <span class='ocrx_word' id='word_1_182' title='bbox 801 2607 849 2668; x_wconf 87' lang='grc' dir='ltr'>καί</span> <span class='ocrx_word' id='word_1_183' title='bbox 872 2609 1003 2682; x_wconf 84' lang='grc' dir='ltr'>ζωοποιός</span> <span class='ocrx_word' id='word_1_184' title='bbox 1026 2611 1138 2690; x_wconf 85' lang='grc' dir='ltr'>σταυρδς</span> <span class='ocrx_word' id='word_1_185' title='bbox 1161 2612 1350 2690; x_wconf 78' lang='grc' dir='ltr'>κεχωσμένος,</span> <span class='ocrx_word' id='word_1_186' title='bbox 1379 2609 1425 2688; x_wconf 84' lang='grc' dir='ltr'>ἀφ’</span> <span class='ocrx_word' id='word_1_187' title='bbox 1437 2601 1468 2670; x_wconf 81' lang='grc' dir='ltr'>οὗ</span> <span class='ocrx_word' id='word_1_188' title='bbox 1490 2605 1554 2682; x_wconf 79' lang='grc' dir='ltr'>ἀνί,-</span> <span class='ocrx_word' id='word_1_189' title='bbox 1604 2569 1605 2625; x_wconf 50' lang='grc' dir='ltr'>ί</span> 
     </span>
     <span class='ocr_line' id='line_1_20' title="bbox 260 2723 1604 2811; baseline 0 -21"><span class='ocrx_word' id='word_1_190' title='bbox 260 2750 348 2810; x_wconf 92' lang='grc' dir='ltr'>γαγεν</span> <span class='ocrx_word' id='word_1_191' title='bbox 372 2731 451 2791; x_wconf 81' lang='grc' dir='ltr'>αθτδν</span> <span class='ocrx_word' id='word_1_192' title='bbox 473 2731 491 2806; x_wconf 78' lang='grc' dir='ltr'>ἡ</span> <span class='ocrx_word' id='word_1_193' title='bbox 515 2728 581 2810; x_wconf 89' lang='grc' dir='ltr'>ἁγία</span> <span class='ocrx_word' id='word_1_194' title='bbox 604 2729 717 2809; x_wconf 83' lang='grc' dir='ltr'>Ἑλένη,</span> <span class='ocrx_word' id='word_1_195' title='bbox 746 2731 824 2807; x_wconf 83' lang='grc' dir='ltr'>ἅγιος</span> <span class='ocrx_word' id='word_1_196' title='bbox 847 2725 942 2811; x_wconf 88' lang='grc' dir='ltr'>ἁρτος·</span> <span class='ocrx_word' id='word_1_197' title='bbox 976 2732 1053 2810; x_wconf 87' lang='grc' dir='ltr'>ἁγιον</span> <span class='ocrx_word' id='word_1_198' title='bbox 1076 2729 1181 2811; x_wconf 78' lang='grc' dir='ltr'>κηρίον,</span> <span class='ocrx_word' id='word_1_199' title='bbox 1205 2731 1250 2810; x_wconf 84' lang='grc' dir='ltr'>ἀφ’</span> <span class='ocrx_word' id='word_1_200' title='bbox 1263 2723 1294 2790; x_wconf 81' lang='grc' dir='ltr'>οὗ</span> <span class='ocrx_word' id='word_1_201' title='bbox 1317 2731 1420 2810; x_wconf 87' lang='grc' dir='ltr'>έρεγγε</span> <span class='ocrx_word' id='word_1_202' title='bbox 1442 2731 1480 2810; x_wconf 81' lang='grc' dir='ltr'>τῷ</span> <span class='ocrx_word' id='word_1_203' title='bbox 1509 2731 1553 2790; x_wconf 91' lang='grc' dir='ltr'>δε-</span> <span class='ocrx_word' id='word_1_204' title='bbox 1603 2773 1604 2782; x_wconf 40' lang='lat'>1</span> 
     </span>
     <span class='ocr_line' id='line_1_21' title="bbox 262 2848 1604 2957; baseline -0.001 -45"><span class='ocrx_word' id='word_1_205' title='bbox 262 2855 348 2935; x_wconf 84' lang='grc' dir='ltr'>σπότῃ</span> <span class='ocrx_word' id='word_1_206' title='bbox 364 2851 472 2934; x_wconf 80' lang='grc' dir='ltr'>Χριστῷ</span> <span class='ocrx_word' id='word_1_207' title='bbox 495 2852 699 2931; x_wconf 87' lang='grc' dir='ltr'>συνεστιωμένῳ</span> <span class='ocrx_word' id='word_1_208' title='bbox 722 2853 778 2924; x_wconf 82' lang='grc' dir='ltr'>τοῖς</span> <span class='ocrx_word' id='word_1_209' title='bbox 801 2851 889 2930; x_wconf 84' lang='grc' dir='ltr'>ἁγίοις</span> <span class='ocrx_word' id='word_1_210' title='bbox 913 2851 993 2912; x_wconf 80' lang='grc' dir='ltr'>αθτοῦ</span> <span class='ocrx_word' id='word_1_211' title='bbox 1016 2853 1150 2927; x_wconf 84' lang='grc' dir='ltr'>μαθηταῖς</span> <span class='ocrx_word' id='word_1_212' title='bbox 1172 2850 1219 2912; x_wconf 88' lang='grc' dir='ltr'>καὶ</span> <span class='ocrx_word' id='word_1_213' title='bbox 1242 2848 1421 2924; x_wconf 81' lang='grc' dir='ltr'>ἀποστόλοις·</span> <span class='ocrx_word' id='word_1_214' title='bbox 1444 2853 1496 2912; x_wconf 82' lang='grc' dir='ltr'>ἁπδ</span> <span class='ocrx_word' id='word_1_215' title='bbox 1514 2856 1554 2912; x_wconf 90' lang='grc' dir='ltr'>τοῦ</span> <span class='ocrx_word' id='word_1_216' title='bbox 1603 2875 1604 2957; x_wconf 80' lang='grc' dir='ltr'>γ</span> 
     </span>
     <span class='ocr_line' id='line_1_22' title="bbox 261 2966 1553 3055; baseline -0.002 -21"><span class='ocrx_word' id='word_1_217' title='bbox 261 2973 340 3054; x_wconf 82' lang='grc' dir='ltr'>ἁγίου</span> <span class='ocrx_word' id='word_1_218' title='bbox 362 2972 468 3050; x_wconf 84' lang='grc' dir='ltr'>ἱματίου</span> <span class='ocrx_word' id='word_1_219' title='bbox 490 2976 537 3033; x_wconf 89' lang='grc' dir='ltr'>τοῦ</span> <span class='ocrx_word' id='word_1_220' title='bbox 559 2972 689 3034; x_wconf 83' lang='grc' dir='ltr'>δεσπότου</span> <span class='ocrx_word' id='word_1_221' title='bbox 712 2973 839 3054; x_wconf 83' lang='grc' dir='ltr'>Χριστοῦ·</span> <span class='ocrx_word' id='word_1_222' title='bbox 876 2975 969 3055; x_wconf 84' lang='grc' dir='ltr'>ἕτερος</span> <span class='ocrx_word' id='word_1_223' title='bbox 992 2975 1070 3052; x_wconf 87' lang='grc' dir='ltr'>ἁγιος</span> <span class='ocrx_word' id='word_1_224' title='bbox 1091 2975 1222 3054; x_wconf 90' lang='grc' dir='ltr'>σπόγγος,</span> <span class='ocrx_word' id='word_1_225' title='bbox 1246 2973 1290 3053; x_wconf 81' lang='grc' dir='ltr'>ἀρ’</span> <span class='ocrx_word' id='word_1_226' title='bbox 1303 2966 1334 3032; x_wconf 81' lang='grc' dir='ltr'>οὗ</span> <span class='ocrx_word' id='word_1_227' title='bbox 1356 2974 1553 3054; x_wconf 86' lang='grc' dir='ltr'>ἁπεσπόγγισαν</span> 
     </span>
     <span class='ocr_line' id='line_1_23' title="bbox 260 3093 1553 3176; baseline -0.002 -20"><span class='ocrx_word' id='word_1_228' title='bbox 260 3097 291 3156; x_wconf 87' lang='grc' dir='ltr'>τδ</span> <span class='ocrx_word' id='word_1_229' title='bbox 315 3097 450 3176; x_wconf 79' lang='grc' dir='ltr'>ἄχραντον</span> <span class='ocrx_word' id='word_1_230' title='bbox 474 3093 632 3154; x_wconf 83' lang='grc' dir='ltr'>δεσποτικόν</span> <span class='ocrx_word' id='word_1_231' title='bbox 655 3100 737 3171; x_wconf 85' lang='grc' dir='ltr'>σῶμα</span> <span class='ocrx_word' id='word_1_232' title='bbox 752 3095 1022 3170; x_wconf 86' lang='grc' dir='ltr'>ἀποκαθηλώσαντες</span> <span class='ocrx_word' id='word_1_233' title='bbox 1037 3095 1101 3154; x_wconf 85' lang='grc' dir='ltr'>αθτό</span> <span class='ocrx_word' id='word_1_234' title='bbox 1116 3097 1290 3175; x_wconf 84' lang='grc' dir='ltr'>κρεμάμενον</span> <span class='ocrx_word' id='word_1_235' title='bbox 1306 3096 1360 3156; x_wconf 83' lang='grc' dir='ltr'>ἁπό</span> <span class='ocrx_word' id='word_1_236' title='bbox 1374 3099 1422 3156; x_wconf 87' lang='grc' dir='ltr'>τοῦ</span> <span class='ocrx_word' id='word_1_237' title='bbox 1436 3099 1553 3176; x_wconf 87' lang='grc' dir='ltr'>σταυροῦ·</span> 
     </span>
     <span class='ocr_line' id='line_1_24' title="bbox 262 3211 1603 3298; baseline -0.002 -20"><span class='ocrx_word' id='word_1_238' title='bbox 262 3219 340 3298; x_wconf 88' lang='grc' dir='ltr'>ἁγιος</span> <span class='ocrx_word' id='word_1_239' title='bbox 362 3218 485 3297; x_wconf 89' lang='grc' dir='ltr'>σπόγγος</span> <span class='ocrx_word' id='word_1_240' title='bbox 508 3217 607 3298; x_wconf 78' lang='grc' dir='ltr'>ἄλλος,</span> <span class='ocrx_word' id='word_1_241' title='bbox 631 3215 667 3277; x_wconf 87' lang='grc' dir='ltr'>δι’</span> <span class='ocrx_word' id='word_1_242' title='bbox 680 3211 711 3277; x_wconf 86' lang='grc' dir='ltr'>οίι</span> <span class='ocrx_word' id='word_1_243' title='bbox 734 3218 861 3278; x_wconf 83' lang='grc' dir='ltr'>ἐπότισαν</span> <span class='ocrx_word' id='word_1_244' title='bbox 883 3219 928 3278; x_wconf 81' lang='grc' dir='ltr'>τόν</span> <span class='ocrx_word' id='word_1_245' title='bbox 952 3216 1083 3294; x_wconf 83' lang='grc' dir='ltr'>δεσπότην</span> <span class='ocrx_word' id='word_1_246' title='bbox 1106 3217 1137 3278; x_wconf 89' lang='grc' dir='ltr'>τδ</span> <span class='ocrx_word' id='word_1_247' title='bbox 1159 3214 1223 3291; x_wconf 77' lang='grc' dir='ltr'>δξός</span> <span class='ocrx_word' id='word_1_248' title='bbox 1246 3217 1298 3278; x_wconf 85' lang='grc' dir='ltr'>ἁπθ</span> <span class='ocrx_word' id='word_1_249' title='bbox 1321 3222 1367 3278; x_wconf 92' lang='grc' dir='ltr'>τοῦ</span> <span class='ocrx_word' id='word_1_250' title='bbox 1389 3220 1501 3298; x_wconf 86' lang='grc' dir='ltr'>κέντρου</span> <span class='ocrx_word' id='word_1_251' title='bbox 1515 3222 1554 3276; x_wconf 84' lang='grc' dir='ltr'>τοῦ</span> <span class='ocrx_word' id='word_1_252' title='bbox 1602 3213 1603 3291; x_wconf 67' lang='grc' dir='ltr'>γ</span> 
     </span>
     <span class='ocr_line' id='line_1_25' title="bbox 261 3333 1554 3421; baseline 0.001 -22"><span class='ocrx_word' id='word_1_253' title='bbox 261 3338 464 3417; x_wconf 84' lang='grc' dir='ltr'>λογχείισαντος</span> <span class='ocrx_word' id='word_1_254' title='bbox 491 3339 540 3415; x_wconf 79' lang='grc' dir='ltr'>τὴν</span> <span class='ocrx_word' id='word_1_255' title='bbox 562 3339 697 3421; x_wconf 81' lang='grc' dir='ltr'>ἄχραντον</span> <span class='ocrx_word' id='word_1_256' title='bbox 726 3339 848 3421; x_wconf 87' lang='grc' dir='ltr'>πλεῦραν</span> <span class='ocrx_word' id='word_1_257' title='bbox 870 3343 916 3400; x_wconf 88' lang='grc' dir='ltr'>τοῦ</span> <span class='ocrx_word' id='word_1_258' title='bbox 940 3337 1085 3400; x_wconf 89' lang='grc' dir='ltr'>δεσπότου·</span> <span class='ocrx_word' id='word_1_259' title='bbox 1119 3339 1172 3399; x_wconf 86' lang='grc' dir='ltr'>ἁπδ</span> <span class='ocrx_word' id='word_1_260' title='bbox 1194 3343 1240 3400; x_wconf 89' lang='grc' dir='ltr'>τοῦ</span> <span class='ocrx_word' id='word_1_261' title='bbox 1263 3339 1341 3419; x_wconf 83' lang='grc' dir='ltr'>ἁγίου</span> <span class='ocrx_word' id='word_1_262' title='bbox 1364 3339 1453 3421; x_wconf 85' lang='grc' dir='ltr'>λίθου,</span> <span class='ocrx_word' id='word_1_263' title='bbox 1485 3333 1554 3419; x_wconf 77' lang='grc' dir='ltr'>ἐφ’ίρ</span> 
     </span>
     <span class='ocr_line' id='line_1_26' title="bbox 262 3455 1554 3542; baseline -0.001 -22"><span class='ocrx_word' id='word_1_264' title='bbox 262 3460 342 3536; x_wconf 86' lang='grc' dir='ltr'>ἐτέθη</span> <span class='ocrx_word' id='word_1_265' title='bbox 365 3461 395 3520; x_wconf 80' lang='grc' dir='ltr'>τό</span> <span class='ocrx_word' id='word_1_266' title='bbox 418 3455 554 3540; x_wconf 78' lang='grc' dir='ltr'>ἄχραντον</span> <span class='ocrx_word' id='word_1_267' title='bbox 576 3461 735 3522; x_wconf 86' lang='grc' dir='ltr'>δεσποτικδν</span> <span class='ocrx_word' id='word_1_268' title='bbox 757 3466 838 3537; x_wconf 87' lang='grc' dir='ltr'>σῶμα</span> <span class='ocrx_word' id='word_1_269' title='bbox 857 3460 1025 3532; x_wconf 88' lang='grc' dir='ltr'>καθελόντες</span> <span class='ocrx_word' id='word_1_270' title='bbox 1044 3459 1098 3520; x_wconf 84' lang='grc' dir='ltr'>ἀπό</span> <span class='ocrx_word' id='word_1_271' title='bbox 1117 3463 1163 3520; x_wconf 89' lang='grc' dir='ltr'>τοῦ</span> <span class='ocrx_word' id='word_1_272' title='bbox 1179 3463 1306 3542; x_wconf 89' lang='grc' dir='ltr'>σταυροῦ·</span> <span class='ocrx_word' id='word_1_273' title='bbox 1338 3460 1392 3520; x_wconf 84' lang='grc' dir='ltr'>ἀπό</span> <span class='ocrx_word' id='word_1_274' title='bbox 1414 3465 1461 3520; x_wconf 88' lang='grc' dir='ltr'>τοῦ</span> <span class='ocrx_word' id='word_1_275' title='bbox 1483 3459 1554 3538; x_wconf 88' lang='grc' dir='ltr'>ἁγίου</span> 
     </span>
     <span class='ocr_line' id='line_1_27' title="bbox 262 3559 1602 3662; baseline 0 -22"><span class='ocrx_word' id='word_1_276' title='bbox 262 3579 350 3660; x_wconf 88' lang='grc' dir='ltr'>λίθου,</span> <span class='ocrx_word' id='word_1_277' title='bbox 375 3573 455 3660; x_wconf 83' lang='grc' dir='ltr'>έφόἁ</span> <span class='ocrx_word' id='word_1_278' title='bbox 478 3581 611 3658; x_wconf 83' lang='grc' dir='ltr'>ἐπὰτησεν</span> <span class='ocrx_word' id='word_1_279' title='bbox 634 3582 649 3640; x_wconf 86' lang='grc' dir='ltr'>ό</span> <span class='ocrx_word' id='word_1_280' title='bbox 672 3581 805 3657; x_wconf 86' lang='grc' dir='ltr'>δεσπότης</span> <span class='ocrx_word' id='word_1_281' title='bbox 820 3582 936 3662; x_wconf 86' lang='grc' dir='ltr'>Χριστός</span> <span class='ocrx_word' id='word_1_282' title='bbox 958 3579 1153 3658; x_wconf 80' lang='grc' dir='ltr'>ἀναβαίνοντας</span> <span class='ocrx_word' id='word_1_283' title='bbox 1176 3579 1220 3642; x_wconf 82' lang='grc' dir='ltr'>ἐπὶ</span> <span class='ocrx_word' id='word_1_284' title='bbox 1242 3585 1289 3642; x_wconf 85' lang='grc' dir='ltr'>τοῦ</span> <span class='ocrx_word' id='word_1_285' title='bbox 1311 3585 1439 3662; x_wconf 89' lang='grc' dir='ltr'>σταυροῦ·</span> <span class='ocrx_word' id='word_1_286' title='bbox 1469 3584 1553 3662; x_wconf 84' lang='grc' dir='ltr'>ἔτερος</span> <span class='ocrx_word' id='word_1_287' title='bbox 1601 3559 1602 3625; x_wconf 79' lang='grc' dir='ltr'>ί</span> 
     </span>
     <span class='ocr_line' id='line_1_28' title="bbox 263 3701 1598 3784; baseline 0.001 -22"><span class='ocrx_word' id='word_1_288' title='bbox 263 3703 342 3780; x_wconf 85' lang='grc' dir='ltr'>ἁγιος</span> <span class='ocrx_word' id='word_1_289' title='bbox 368 3701 446 3775; x_wconf 88' lang='grc' dir='ltr'>λίθος</span> <span class='ocrx_word' id='word_1_290' title='bbox 473 3701 527 3764; x_wconf 86' lang='grc' dir='ltr'>ἁπό</span> <span class='ocrx_word' id='word_1_291' title='bbox 553 3706 599 3762; x_wconf 93' lang='grc' dir='ltr'>τοῦ</span> <span class='ocrx_word' id='word_1_292' title='bbox 625 3702 704 3783; x_wconf 89' lang='grc' dir='ltr'>όρους</span> <span class='ocrx_word' id='word_1_293' title='bbox 729 3707 776 3763; x_wconf 85' lang='grc' dir='ltr'>τοῦ</span> <span class='ocrx_word' id='word_1_294' title='bbox 798 3703 960 3780; x_wconf 72' lang='grc' dir='ltr'>σχιζομένου</span> <span class='ocrx_word' id='word_1_295' title='bbox 986 3702 1178 3784; x_wconf 88' lang='grc' dir='ltr'>όδοιποροθσης</span> <span class='ocrx_word' id='word_1_296' title='bbox 1199 3708 1249 3779; x_wconf 78' lang='grc' dir='ltr'>τῆς</span> <span class='ocrx_word' id='word_1_297' title='bbox 1269 3701 1407 3781; x_wconf 84' lang='grc' dir='ltr'>παναγίας</span> <span class='ocrx_word' id='word_1_298' title='bbox 1433 3703 1554 3764; x_wconf 80' lang='grc' dir='ltr'>θεοτόκοο</span> <span class='ocrx_word' id='word_1_299' title='bbox 1594 3701 1598 3710; x_wconf 83' lang='lat'>&#39;</span> 
     </span>
     <span class='ocr_line' id='line_1_29' title="bbox 266 3821 1554 3906; baseline 0.001 -22"><span class='ocrx_word' id='word_1_300' title='bbox 266 3825 337 3899; x_wconf 86' lang='grc' dir='ltr'>μετὰ</span> <span class='ocrx_word' id='word_1_301' title='bbox 358 3827 405 3886; x_wconf 90' lang='grc' dir='ltr'>τοῦ</span> <span class='ocrx_word' id='word_1_302' title='bbox 428 3825 557 3886; x_wconf 86' lang='grc' dir='ltr'>δεσπότου</span> <span class='ocrx_word' id='word_1_303' title='bbox 579 3825 724 3904; x_wconf 80' lang='grc' dir='ltr'>φεύγοντος</span> <span class='ocrx_word' id='word_1_304' title='bbox 746 3825 791 3885; x_wconf 79' lang='grc' dir='ltr'>διὰ</span> <span class='ocrx_word' id='word_1_305' title='bbox 813 3825 858 3885; x_wconf 85' lang='grc' dir='ltr'>τόν</span> <span class='ocrx_word' id='word_1_306' title='bbox 880 3823 1057 3886; x_wconf 88' lang='grc' dir='ltr'>παιδοκτόνον</span> <span class='ocrx_word' id='word_1_307' title='bbox 1073 3825 1200 3905; x_wconf 84' lang='grc' dir='ltr'>Ἡρώδην</span> <span class='ocrx_word' id='word_1_308' title='bbox 1219 3822 1266 3885; x_wconf 88' lang='grc' dir='ltr'>καὶ</span> <span class='ocrx_word' id='word_1_309' title='bbox 1284 3825 1476 3906; x_wconf 83' lang='grc' dir='ltr'>ἀπερχομένου</span> <span class='ocrx_word' id='word_1_310' title='bbox 1489 3821 1554 3906; x_wconf 73' lang='grc' dir='ltr'>παρὰ</span> 
     </span>
     <span class='ocr_line' id='line_1_30' title="bbox 261 3929 1601 4029; baseline -0.001 -23"><span class='ocrx_word' id='word_1_311' title='bbox 261 3946 310 4022; x_wconf 79' lang='grc' dir='ltr'>τὴν</span> <span class='ocrx_word' id='word_1_312' title='bbox 329 3943 479 4026; x_wconf 80' lang='grc' dir='ltr'>Αἴγυπτον·</span> <span class='ocrx_word' id='word_1_313' title='bbox 504 3947 581 4026; x_wconf 87' lang='grc' dir='ltr'>ἁγιος</span> <span class='ocrx_word' id='word_1_314' title='bbox 603 3946 733 4022; x_wconf 87' lang='grc' dir='ltr'>κάλαμος</span> <span class='ocrx_word' id='word_1_315' title='bbox 756 3946 809 4006; x_wconf 86' lang='grc' dir='ltr'>ἁπδ</span> <span class='ocrx_word' id='word_1_316' title='bbox 831 3951 877 4006; x_wconf 88' lang='grc' dir='ltr'>τοῦ</span> <span class='ocrx_word' id='word_1_317' title='bbox 900 3947 1026 4019; x_wconf 89' lang='grc' dir='ltr'>δοθέντος</span> <span class='ocrx_word' id='word_1_318' title='bbox 1047 3947 1122 4028; x_wconf 84' lang='grc' dir='ltr'>παρὰ</span> <span class='ocrx_word' id='word_1_319' title='bbox 1144 3952 1197 4006; x_wconf 85' lang='grc' dir='ltr'>τῶν</span> <span class='ocrx_word' id='word_1_320' title='bbox 1220 3949 1369 4018; x_wconf 87' lang='grc' dir='ltr'>παιζόντων</span> <span class='ocrx_word' id='word_1_321' title='bbox 1393 3953 1553 4029; x_wconf 85' lang='grc' dir='ltr'>στρατιωτῶν</span> <span class='ocrx_word' id='word_1_322' title='bbox 1600 3929 1601 3957; x_wconf 54' lang='lat'>¹</span> 
     </span>
    </p>
   </div>
   <div class='ocr_carea' id='block_1_3' title="bbox 260 4062 1600 4162">
    <p class='ocr_par' dir='ltr' id='par_1_6' title="bbox 260 4062 1600 4162">
     <span class='ocr_line' id='line_1_31' title="bbox 260 4062 1600 4162; baseline -0.001 -34"><span class='ocrx_word' id='word_1_323' title='bbox 260 4066 300 4146; x_wconf 80' lang='grc' dir='ltr'>τῷ</span> <span class='ocrx_word' id='word_1_324' title='bbox 322 4067 441 4152; x_wconf 85' lang='grc' dir='ltr'>δεσπότῃ</span> <span class='ocrx_word' id='word_1_325' title='bbox 463 4065 585 4148; x_wconf 85' lang='grc' dir='ltr'>Χριστῷ·</span> <span class='ocrx_word' id='word_1_326' title='bbox 621 4067 674 4128; x_wconf 83' lang='grc' dir='ltr'>ἀπό</span> <span class='ocrx_word' id='word_1_327' title='bbox 696 4073 745 4144; x_wconf 80' lang='grc' dir='ltr'>τῆς</span> <span class='ocrx_word' id='word_1_328' title='bbox 777 4067 859 4147; x_wconf 89' lang='grc' dir='ltr'>ἁγίας</span> <span class='ocrx_word' id='word_1_329' title='bbox 885 4069 990 4143; x_wconf 88' lang='grc' dir='ltr'>σκέπης</span> <span class='ocrx_word' id='word_1_330' title='bbox 1012 4073 1061 4144; x_wconf 76' lang='grc' dir='ltr'>τῆς</span> <span class='ocrx_word' id='word_1_331' title='bbox 1083 4062 1234 4149; x_wconf 83' lang='grc' dir='ltr'>όπεραγίας</span> <span class='ocrx_word' id='word_1_332' title='bbox 1266 4069 1408 4129; x_wconf 87' lang='grc' dir='ltr'>θεοτόκου·</span> <span class='ocrx_word' id='word_1_333' title='bbox 1441 4069 1494 4130; x_wconf 86' lang='grc' dir='ltr'>ἁπό</span> <span class='ocrx_word' id='word_1_334' title='bbox 1515 4071 1553 4128; x_wconf 83' lang='grc' dir='ltr'>τοῦ</span> <span class='ocrx_word' id='word_1_335' title='bbox 1599 4133 1600 4162; x_wconf 37' lang='grc' dir='ltr'>γ</span> 
     </span>
    </p>
   </div>
   <div class='ocr_carea' id='block_1_4' title="bbox 261 4187 1551 4390">
    <p class='ocr_par' dir='ltr' id='par_1_7' title="bbox 261 4187 1600 4390">
     <span class='ocr_line' id='line_1_32' title="bbox 261 4187 1551 4270; baseline -0.003 -20"><span class='ocrx_word' id='word_1_336' title='bbox 261 4189 340 4270; x_wconf 86' lang='grc' dir='ltr'>ἁγίου</span> <span class='ocrx_word' id='word_1_337' title='bbox 368 4187 415 4250; x_wconf 90' lang='grc' dir='ltr'>καὶ</span> <span class='ocrx_word' id='word_1_338' title='bbox 444 4190 531 4266; x_wconf 89' lang='grc' dir='ltr'>τιμίου</span> <span class='ocrx_word' id='word_1_339' title='bbox 562 4191 720 4251; x_wconf 89' lang='grc' dir='ltr'>δεσποτικοῦ</span> <span class='ocrx_word' id='word_1_340' title='bbox 750 4190 880 4266; x_wconf 83' lang='grc' dir='ltr'>αἵματος·</span> <span class='ocrx_word' id='word_1_341' title='bbox 912 4191 966 4250; x_wconf 84' lang='grc' dir='ltr'>ἀπό</span> <span class='ocrx_word' id='word_1_342' title='bbox 988 4195 1034 4250; x_wconf 89' lang='grc' dir='ltr'>τοῦ</span> <span class='ocrx_word' id='word_1_343' title='bbox 1066 4188 1145 4269; x_wconf 89' lang='grc' dir='ltr'>ἁγίου</span> <span class='ocrx_word' id='word_1_344' title='bbox 1175 4188 1283 4250; x_wconf 89' lang='grc' dir='ltr'>λευτιου</span> <span class='ocrx_word' id='word_1_345' title='bbox 1306 4237 1313 4249; x_wconf 94' lang='grc'><em>.</em></span> <span class='ocrx_word' id='word_1_346' title='bbox 1333 4235 1366 4253; x_wconf 91' lang='grc'>..</span> <span class='ocrx_word' id='word_1_347' title='bbox 1389 4189 1551 4270; x_wconf 85' lang='grc' dir='ltr'>σπογγίαςό</span> 
     </span>
     <span class='ocr_line' id='line_1_33' title="bbox 262 4308 1551 4390; baseline 0.002 -20"><span class='ocrx_word' id='word_1_348' title='bbox 262 4309 396 4388; x_wconf 84' lang='grc' dir='ltr'>δεσπότης</span> <span class='ocrx_word' id='word_1_349' title='bbox 418 4312 480 4384; x_wconf 84' lang='grc' dir='ltr'>τοδς</span> <span class='ocrx_word' id='word_1_350' title='bbox 501 4313 590 4385; x_wconf 92' lang='grc' dir='ltr'>πόδας</span> <span class='ocrx_word' id='word_1_351' title='bbox 611 4315 658 4372; x_wconf 89' lang='grc' dir='ltr'>τοῦ</span> <span class='ocrx_word' id='word_1_352' title='bbox 680 4312 842 4372; x_wconf 85' lang='grc' dir='ltr'>ἀποστόλου.</span> <span class='ocrx_word' id='word_1_353' title='bbox 874 4311 908 4370; x_wconf 88' lang='grc' dir='ltr'>τὰι</span> <span class='ocrx_word' id='word_1_354' title='bbox 931 4311 962 4371; x_wconf 85' lang='grc' dir='ltr'>δὲ</span> <span class='ocrx_word' id='word_1_355' title='bbox 980 4317 1034 4371; x_wconf 87' lang='grc' dir='ltr'>τῶν</span> <span class='ocrx_word' id='word_1_356' title='bbox 1054 4309 1139 4390; x_wconf 85' lang='grc' dir='ltr'>ἁγίων</span> <span class='ocrx_word' id='word_1_357' title='bbox 1155 4310 1275 4389; x_wconf 84' lang='grc' dir='ltr'>λείψανα</span> <span class='ocrx_word' id='word_1_358' title='bbox 1290 4314 1356 4390; x_wconf 85' lang='grc' dir='ltr'>ἁγια</span> <span class='ocrx_word' id='word_1_359' title='bbox 1370 4315 1467 4372; x_wconf 86' lang='grc' dir='ltr'>ταῦτα·</span> <span class='ocrx_word' id='word_1_360' title='bbox 1490 4308 1551 4390; x_wconf 77' lang='grc' dir='ltr'>κάρα</span> 
     </span>
    </p>
   </div>
   <div class='ocr_carea' id='block_1_5' title="bbox 260 4432 1599 4514">
    <p class='ocr_par' dir='ltr' id='par_1_8' title="bbox 260 4432 1599 4514">
     <span class='ocr_line' id='line_1_34' title="bbox 260 4432 1599 4514; baseline -0.001 -23"><span class='ocrx_word' id='word_1_361' title='bbox 260 4433 407 4514; x_wconf 90' lang='grc' dir='ltr'>Γρηγορίου</span> <span class='ocrx_word' id='word_1_362' title='bbox 429 4439 475 4494; x_wconf 90' lang='grc' dir='ltr'>τοῦ</span> <span class='ocrx_word' id='word_1_363' title='bbox 498 4433 641 4511; x_wconf 87' lang='grc' dir='ltr'>θεολόγου.</span> <span class='ocrx_word' id='word_1_364' title='bbox 688 4435 762 4513; x_wconf 90' lang='grc' dir='ltr'>κάρα</span> <span class='ocrx_word' id='word_1_365' title='bbox 784 4432 904 4505; x_wconf 89' lang='grc' dir='ltr'>Λέοντος</span> <span class='ocrx_word' id='word_1_366' title='bbox 925 4434 1011 4493; x_wconf 89' lang='grc' dir='ltr'>πὰπα.</span> <span class='ocrx_word' id='word_1_367' title='bbox 1050 4435 1124 4514; x_wconf 89' lang='grc' dir='ltr'>κάρα</span> <span class='ocrx_word' id='word_1_368' title='bbox 1145 4432 1280 4510; x_wconf 86' lang='grc' dir='ltr'>Ζηνοβίου</span> <span class='ocrx_word' id='word_1_369' title='bbox 1302 4435 1348 4494; x_wconf 90' lang='grc' dir='ltr'>τοῦ</span> <span class='ocrx_word' id='word_1_370' title='bbox 1372 4432 1459 4513; x_wconf 83' lang='grc' dir='ltr'>ἁγίου.</span> <span class='ocrx_word' id='word_1_371' title='bbox 1489 4435 1549 4512; x_wconf 84' lang='grc' dir='ltr'>κάρο</span> <span class='ocrx_word' id='word_1_372' title='bbox 1598 4497 1599 4506; x_wconf 39' lang='grc'>,</span> 
     </span>
    </p>
   </div>
   <div class='ocr_carea' id='block_1_6' title="bbox 259 4553 1548 4644">
    <p class='ocr_par' dir='ltr' id='par_1_9' title="bbox 259 4511 1599 4644">
     <span class='ocr_line' id='line_1_35' title="bbox 259 4553 1548 4644; baseline -0.002 -28"><span class='ocrx_word' id='word_1_373' title='bbox 259 4558 306 4616; x_wconf 91' lang='grc' dir='ltr'>τοῦ</span> <span class='ocrx_word' id='word_1_374' title='bbox 332 4554 410 4634; x_wconf 86' lang='grc' dir='ltr'>ἁγίου</span> <span class='ocrx_word' id='word_1_375' title='bbox 432 4557 584 4636; x_wconf 87' lang='grc' dir='ltr'>...κὰρα</span> <span class='ocrx_word' id='word_1_376' title='bbox 611 4558 656 4615; x_wconf 89' lang='grc' dir='ltr'>τοῦ</span> <span class='ocrx_word' id='word_1_377' title='bbox 685 4553 763 4644; x_wconf 81' lang='grc' dir='ltr'>ἁγίου</span> <span class='ocrx_word' id='word_1_378' title='bbox 787 4553 928 4634; x_wconf 89' lang='grc' dir='ltr'>Ἰγνατίου.</span> <span class='ocrx_word' id='word_1_379' title='bbox 975 4557 1047 4635; x_wconf 91' lang='grc' dir='ltr'>κάρα</span> <span class='ocrx_word' id='word_1_380' title='bbox 1075 4559 1120 4615; x_wconf 89' lang='grc' dir='ltr'>τοῦ</span> <span class='ocrx_word' id='word_1_381' title='bbox 1147 4553 1225 4635; x_wconf 90' lang='grc' dir='ltr'>ἁγίου</span> <span class='ocrx_word' id='word_1_382' title='bbox 1253 4555 1377 4637; x_wconf 89' lang='grc' dir='ltr'>Σεργίου.</span> <span class='ocrx_word' id='word_1_383' title='bbox 1422 4559 1492 4637; x_wconf 87' lang='grc' dir='ltr'>κὰρα</span> <span class='ocrx_word' id='word_1_384' title='bbox 1511 4557 1548 4614; x_wconf 85' lang='grc' dir='ltr'>τοῦ</span> 
     </span>
    </p>
   </div>
   <div class='ocr_carea' id='block_1_7' title="bbox 259 4674 1546 4758">
    <p class='ocr_par' dir='ltr' id='par_1_10' title="bbox 259 4674 1546 4758">
     <span class='ocr_line' id='line_1_36' title="bbox 259 4674 1546 4758; baseline -0.004 -22"><span class='ocrx_word' id='word_1_385' title='bbox 259 4675 337 4756; x_wconf 85' lang='grc' dir='ltr'>ἁγίου</span> <span class='ocrx_word' id='word_1_386' title='bbox 361 4680 516 4757; x_wconf 84' lang='grc' dir='ltr'>...κάρα</span> <span class='ocrx_word' id='word_1_387' title='bbox 543 4680 589 4736; x_wconf 90' lang='grc' dir='ltr'>τοῦ</span> <span class='ocrx_word' id='word_1_388' title='bbox 619 4676 697 4754; x_wconf 91' lang='grc' dir='ltr'>ἁγίου</span> <span class='ocrx_word' id='word_1_389' title='bbox 728 4675 879 4737; x_wconf 81' lang='grc' dir='ltr'>ἀποστόλου</span> <span class='ocrx_word' id='word_1_390' title='bbox 903 4674 1037 4754; x_wconf 88' lang='grc' dir='ltr'>Ἀνδρέου.</span> <span class='ocrx_word' id='word_1_391' title='bbox 1084 4675 1216 4752; x_wconf 77' lang='grc' dir='ltr'>λείψανον</span> <span class='ocrx_word' id='word_1_392' title='bbox 1239 4682 1284 4737; x_wconf 86' lang='grc' dir='ltr'>τοῦ</span> <span class='ocrx_word' id='word_1_393' title='bbox 1315 4677 1394 4758; x_wconf 85' lang='grc' dir='ltr'>ἁγίου</span> <span class='ocrx_word' id='word_1_394' title='bbox 1416 4679 1546 4752; x_wconf 81' lang='grc' dir='ltr'>Τιμοθέου.</span> 
     </span>
    </p>
   </div>
   <div class='ocr_carea' id='block_1_8' title="bbox 0 0 1624 5286">
    <p class='ocr_par' dir='ltr' id='par_1_11' title="bbox 0 0 1624 5286">
     <span class='ocr_line' id='line_1_37' title="bbox 0 0 1624 5286; baseline 0 0"><span class='ocrx_word' id='word_1_395' title='bbox 0 0 1624 5286; x_wconf 95' lang='lat' dir='ltr'> </span> 
     </span>
    </p>
   </div>
  </div>
 </body>
</html>
