3240 5286
245 311 310 376 280

248 526 301 580 μου
325 505 370 564 διὰ
394 504 439 564 δθο
462 508 509 565 τοῦ
532 505 608 576 ἔτους
629 503 806 582 καταβολῶν,
837 505 888 564 όσα
911 503 982 580 δῆτα
1003 503 1187 576 κατεπόθησαν
1209 501 1376 572 καπαλικῶς
1396 501 1463 580 παρά
1480 509 1523 560 των
1597 543 1598 564 ι

246 626 387 706 ἀρχόντων
409 624 456 686 καὶ
480 622 615 698 ἐξισωτῶν
639 627 731 704 αὑτῆς,
754 623 801 685 καὶ
824 625 854 685 οίι
876 625 973 685 πλέον.
1004 623 1051 684 καὶ
1075 625 1122 684 ἐοὶν
1144 643 1215 694 τινες
1239 621 1368 682 ἐπέκεινα
1390 628 1439 682 τῶν
1460 621 1524 701 εἰρη-

247 749 337 824 μένων
361 748 499 828 παροίκων
523 748 639 808 ἔλθωσιν
663 747 824 825 ἀλλαχόθεν
847 745 1042 824 ἀνεπίγνωστοι
1064 750 1110 806 τοῦ
1134 744 1276 820 βασιλικοῦ
1298 743 1465 824 καταστίχοι,
1488 745 1526 804 καὶ
1597 741 1598 754 ’

246 871 468 950 προσκαθήσωσιν
498 870 527 929 ἐν
549 870 606 942 τοῖς
628 870 719 940 τόποις
741 874 790 944 τῆς
814 875 911 948 μονῆς,
941 865 987 928 καί
1011 865 1085 928 αὐτοὶ
1105 869 1152 928 τόν
1175 869 1268 943 όμοιον
1291 863 1528 940 ἐξκουσευθησονται

246 994 352 1072 τρόπον,
382 988 430 1050 καὶ
457 991 533 1062 ἐντός
559 993 605 1050 τοῦ
627 991 794 1067 τεταγμένου
817 993 1014 1068 καταγραρῶσι
1036 988 1183 1051 καπαλίου.
1229 989 1267 1048 έτι
1292 985 1528 1065 ἐπεγκελεθεταιὴ

248 1111 376 1188 βασίλεια
405 1132 466 1191 μου,
498 1114 536 1184 ὡς
564 1115 597 1171 ἀν
626 1111 680 1170 όσοι
705 1110 738 1170 ἐκ
759 1115 813 1170 τῶν
836 1111 1068 1190 ἀπηριθμημένων
1090 1109 1229 1191 παροίκων
1251 1116 1302 1186 τῆς
1324 1115 1411 1186 μονῆς
1432 1115 1479 1168 τῶν
1501 1107 1532 1180 εἰς
1597 1113 1598 1172 ί

248 1229 379 1308 βασιλικὰ
401 1233 469 1312 ἀκρό
470 1253 591 1311 στιχα
572 1254 592 1291 π
594 1233 806 1312 ροσκοιθημένων
830 1234 848 1306 ἡ
871 1231 922 1291 κάν
944 1234 1001 1303 τοῖς
1025 1229 1101 1304 ἰδίοις
1123 1235 1243 1311 γονικοίς
1257 1236 1456 1311 γονικοιργικῶς
1469 1232 1533 1310 εόρι-

248 1357 399 1434 σκομένων,
421 1355 587 1432 τθχωσιν
561 1353 711 1426 ἀποβιῶναι
727 1353 956 1434 ἀκληρονόμητοι,
981 1353 1088 1414 έντεῠθε
1077 1375 1103 1410 ·ν
1118 1355 1152 1412 τά
1168 1354 1262 1434 διαρέρ
1264 1374 1329 1413 οντα
1347 1354 1435 1424 αθτοῑς
1449 1353 1533 1431 γονικό

248 1498 314 1556 προς
342 1477 392 1551 τὴν
415 1477 499 1551 μονὴν
524 1475 645 1536 ἐπαιέλθ
647 1496 711 1535 ωσιν
734 1475 798 1534 ἄνευ
822 1481 870 1550 τῆς
894 1474 1000 1535 οἱασοῦν
1023 1497 1043 1534 π
1045 1477 1194 1556 ροροίσεως.
1241 1473 1301 1534 ἐπεὶ
1325 1474 1401 1534 δέ
1379 1495 1410 1534 το
1431 1476 1532 1554 κοίοτρον

247 1601 277 1658 τό
301 1597 341 1670 εἰς
362 1600 393 1658 τό
415 1598 582 1677 ἡγιασμένον
606 1598 669 1677 όρος
691 1617 738 1656 και
761 1598 896 1670 σπήλαιον
919 1601 965 1656 τοῦ
990 1598 1035 1656 Μέ
1021 1597 1113 1658 έλοι
1099 1598 1191 1657 οεέται
1214 1594 1360 1676 ρυλάξεως
1383 1595 1475 1672 ἱκανῆς
1496 1595 1533 1654 διό

248 1720 309 1792 τοὺς
332 1719 480 1800 ἐχθρωδῶς
503 1719 689 1795 διακειμένους
712 1720 777 1794 ἡμῖν
794 1717 1008 1798 Ἀγαρηῶιοθς
995 1717 1172 1798 πορίζεται
1159 1739 1177 1792 η
1201 1717 1332 1794 βασιλεια
1354 1737 1406 1794 μου
1419 1738 1498 1804 προς
1495 1737 1534 1776 τοι

248 1841 319 1902 κατά
340 1841 451 1922 καιροὺς
474 1841 690 1920 καθηγούμενον,
713 1861 761 1900 και
782 1841 844 1912 τοθς
868 1841 997 1920 ἀσκητάς,
1020 1841 1065 1900 ἵνα
1088 1841 1154 1900 ἀπο.
1144 1837 1290 1913 οίξωσιν
1279 1861 1311 1900 εκ
1325 1845 1380 1900 τῶν
1397 1837 1533 1920 εἰρημένων

248 1963 396 2044 παροίκων,
421 1963 492 2034 οίους
516 1963 601 2040 ἔχωσι
623 1983 728 2042 κρειττο
716 1964 823 2042 τέρους
845 1961 892 2022 καὶ
916 1960 1074 2042 εἰδημονας,
1100 1983 1133 2020 ο
1117 1984 1173 2035 ως
1196 1962 1269 2023 δι’
1242 1967 1330 2022 αυτῶν
1347 1962 1533 2038 ἐπιμελεττότη

249 2082 334 2144 καὶ
326 2103 443 2164 πτροσεκ
434 2085 489 2158 ικίη
520 2085 634 2162 γένηται
656 2085 674 2159 ἡ
697 2088 742 2144 τοῦ
765 2087 882 2164 κόστρου
904 2081 1019 2164 ρόλαξις
1042 2083 1089 2144 καὶ
1112 2088 1277 2164 συντόρρις
1324 2082 1371 2144 καὶ
1393 2083 1534 2157 ταῦταμὲν

248 2205 303 2281 ἤδη
328 2205 509 2285 διωρίσατοή
533 2205 662 2280 βασίλεια
685 2226 747 2284 μου,
771 2207 847 2265 ἅτινα
869 2208 921 2284 ποίη
919 2227 956 2265 ια
978 2203 1025 2266 καὶ
1045 2227 1151 2287 αρραγτ
1167 2227 1215 2266 κα
1233 2206 1446 2286 απαραοαλευτα
1459 2225 1534 2284 τηρτ,

250 2328 392 2401 θήσεται
383 2326 458 2407 παρὰ
479 2331 533 2386 τῶν
555 2325 661 2387 παίδων
683 2325 730 2385 καί
752 2327 932 2406 κληρονόμων
955 2325 1002 2387 καὶ
1022 2327 1202 2406 διαδόχων
1176 2349 1268 2409 αυσης,
1291 2327 1339 2388 καί
1353 2329 1458 2407 παρὰ
1440 2330 1504 2386 πάι
1495 2349 1536 2386 ων

250 2449 400 2528 ἀρχόντων,
423 2449 590 2528 κεραλοίδων
612 2447 658 2508 καί
683 2449 835 2530 ἐνεργητῶι
859 2451 937 2530 ὁμοῦ,
961 2452 1032 2520 όστις
1055 2449 1086 2510 δὲ
1106 2455 1159 2510 τῶν
1176 2452 1301 2510 ἁπάντων
1318 2450 1464 2532 βουληθῇ
1455 2469 1536 2528 παρα-

250 2570 379 2630 σαλεῦσαι
404 2569 436 2628 ἐκ
457 2572 556 2630 τούτων
582 2565 666 2655 [τι]”
652 2591 705 2643 εως
728 2575 792 2645 μιᾶς
814 2571 928 2650 κεραίας
949 2570 995 2631 καὶ
1020 2575 1115 2651 μόνης,
1143 2575 1161 2648 ἡ
1186 2571 1315 2647 ἀθετῆσαί
1339 2567 1384 2656 [τι]
1394 2569 1452 2653 ¹)
1441 2591 1472 2631 εκ
1491 2575 1535 2629 τῶν

249 2693 457 2772 ἀναγραρέντων
485 2697 603 2771 μερικῶς
630 2691 801 2771 ἢκαθόλου,
832 2685 889 2763 οἷος
912 2695 944 2751 ἀν
966 2691 1014 2752 καὶ
1035 2690 1064 2776 ᾖ,
1096 2694 1178 2768 αίιτην
1202 2693 1253 2769 μὲν
1275 2692 1324 2768 τὴν
1348 2693 1508 2753 θεοτόκοι”
1495 2711 1537 2771 εςη

250 2810 398 2890 ἀντίμαχον
423 2813 452 2872 ἐν
474 2818 507 2894 τῇ
530 2815 621 2894 ἡμέρα
643 2819 692 2890 τῆς
714 2811 841 2894 κρίσεως,
864 2813 968 2886 τάςε
937 2813 1007 2873 δεάι
990 2815 1057 2895 αράς
1072 2813 1119 2874 καὶ
1135 2815 1337 2893 ἀγανακτήσεις
1353 2815 1537 2894 κληρονομησρΙ

249 2939 302 2992 τῶν
334 2933 421 3012 ἁγίων
453 2935 576 3015 πατέρων
599 2932 722 2994 καὶτῶν
745 2934 877 3010 ἀοιδίμων
900 2934 1049 3015 βασιλέων,
1082 2932 1159 2996 ἀλλὰ
1182 2935 1216 3011 δὴ
1239 2933 1286 2996 καὶ
1309 2937 1348 3006 ὡς
1371 2937 1539 3009 αιιστοςτῆς

251 3053 393 3129 βασιλείας
424 3076 475 3130 μου
506 3053 552 3114 καὶ
582 3054 777 3134 λογισθήσεται
806 3054 853 3115 καὶ
882 3055 1092 3132 παιδευθησεται
1122 3064 1154 3138 τῇ
1186 3055 1318 3139 ἐμρκνείᾳ
1345 3062 1429 3116 τοῦ
1420 3060 1539 3138 παρόντος

249 3198 257 3212 ·
250 3175 455 3257 χρυσοβοθλλου
478 3177 564 3255 λόγου
587 3182 636 3253 τῆς
660 3175 804 3250 βασιλείας
827 3198 889 3260 μου,
914 3177 942 3236 έν
966 3172 988 3256 ᾧ
1011 3176 1058 3238 καί
1080 3198 1110 3238 το
1126 3179 1225 3252 ποιότης
1241 3177 1355 3252 ευσεβες
1369 3199 1417 3238 και
1432 3181 1539 3256 θεοτρο

252 3296 354 3373 βλητον
383 3300 484 3376 κρότος
511 3298 544 3356 τά
567 3300 667 3374 συνήθη
691 3299 812 3374 συνήθως
836 3299 1036 3379 ἐπεσημήνατο,
1068 3297 1131 3376 μηνὶ
1156 3298 1348 3380 δεκεμβρίῳ
1370 3305 1507 3378 τῆςγ
1473 3297 1540 3358 ίν-

253 3419 427 3490 δικτιῶνος
450 3424 503 3479 τοῦ
527 3419 645 3502 ,ςωογ’
670 3421 809 3497 έτουςγ.

251 3697 360 3772 πάσης
383 3695 577 3774 Ἀνατολῆς,
602 3696 741 3778 Ἰβήρων
765 3698 821 3758 καὶ
847 3697 1044 3779 Περατείας,
1068 3701 1083 3760 6
1107 3701 1226 3780 Μέγας
1249 3701 1428 3776 Κομνηνός
1450 3703 1474 3774 †.

1597 3463 1598 3510 ί

1597 3521 1598 3558 ι

357 3573 550 3654 θἈλέξιος,
575 3575 607 3634 ἐν
629 3575 758 3654 Χριστῷ
780 3576 823 3656 τῷ
845 3577 910 3654 θεῷ
932 3579 1047 3649 πιστός
1071 3577 1234 3651 βασιλεὺς
1256 3576 1312 3638 καὶ
1335 3579 1540 3657 αὐτοκροίτωρ

359 3877 466 3932 Armet.
491 3885 649 3932 asservatur
673 3879 700 3932 ι’τι
724 3879 862 3932 tabulario
886 3881 1051 3948 monasterii,
1076 3881 1224 3949 inspectum
1246 3898 1263 3934 α
1287 3880 1337 3934 Pk.
1356 3879 1539 3948 Fallmerayer.
1597 3915 1598 3932 ι

254 3980 394 4052 Scriptum
410 3989 448 4036 eet
465 3983 492 4035 ιἰι
508 3983 604 4036 charta
619 3983 707 4037 serica
723 3989 747 4036 et
762 3989 889 4036 ornatum
901 3984 1065 4054 ότααρόιτίόιιο
1078 3984 1250 4053 imperatoris
1264 3990 1288 4037 et
1300 3984 1482 4054 imperatricis
1492 3999 1540 4036 συιιι
1597 3967 1598 4034 ί

253 4086 406 4140 diademate
427 4087 573 4156 incapite,
595 4089 712 4142 υεοόιόυε
732 4089 881 4158 υαπίεραόάι
902 4095 926 4141 ει
945 4089 1064 4159 ρεπιπιίε.
1090 4089 1198 4142 Aureae
1217 4089 1308 4141 bullae
1328 4089 1432 4142 desunt.
1457 4086 1540 4140 Edidit
1597 4155 1598 4168 ¹

254 4190 305 4244 Pk.
324 4190 511 4260 Fallmerayer
536 4192 564 4244 ι’τι
583 4191 799 4262 Αθθααάίυαρεη
823 4193 871 4246 der
890 4192 948 4244 ΙΙΙ.
974 4193 1012 4245 ΟΖ.
1035 4193 1083 4246 der
1103 4193 1128 4247 e.
1151 4192 1323 4261 bayeriechen
1343 4193 1486 4246 Akademe'e
1502 4191 1540 4243 der

261 4295 487 4364 Wissmwcraaflen
506 4296 590 4348 Βαιιιί
616 4297 673 4350 III.
701 4298 782 4350 1841
801 4313 832 4366 ρ.
857 4297 897 4350 92
921 4314 933 4349 e
956 4296 1034 4363 libro,
1059 4297 1105 4350 ευτ’
1130 4297 1241 4350 titulae:
1269 4291 1304 4349 Ἣ
1331 4289 1392 4349 θεία
1415 4273 1464 4349 λαὶ
1491 4287 1539 4365 ίερά

255 4384 403 4451 ἀκολουθία
425 4399 478 4452 τῶν
505 4392 584 4452 όσίων
607 4391 652 4452 καί
684 4393 821 4472 θεορόρων
843 4395 967 4471 πατέρων
998 4395 1077 4468 ἡμῶν
1100 4393 1232 4472 Βαρνάβα
1255 4392 1301 4454 καὶ
1324 4393 1475 4473 Σωρρονίου
1496 4397 1539 4450 τῶν

255 4549 440 4557 -α--ο
450 4553 457 4556 .

361 4651 380 4716 ¹)
400 4649 513 4716 ἀτεθῆσαι
532 4653 562 4702 F.
