3486 5282
313 365 378 431 224

314 562 474 621 διατύπωσιν
498 560 713 640 ἀπαράτρεπτον.
737 561 809 630 όστις
831 557 862 618 δέ
884 555 931 618 καὶ
953 560 1046 630 ὁποῖος
1068 562 1121 616 τῶν
1135 557 1297 637 χριστιανῶν
1312 554 1463 637 ίερωμένος
1477 559 1495 631 ἢ
1508 555 1602 626 λαϊκός

313 684 458 744 ὁποιασοῦν
487 679 593 754 τάξεως
618 680 665 741 καὶ
692 679 798 756 βαθμοῦ
828 680 954 762 τολμήσῃ
980 678 1138 760 παραβῆναι
1164 679 1286 739 ὁπωσοῦν
1312 678 1347 739 τὰ
1374 678 1403 737 ἐν
1433 676 1472 757 τῷ
1496 679 1603 757 παρόντι

313 805 437 882 νομίμως
458 803 505 864 καὶ
527 809 678 875 καιονικιῦς
701 802 888 882 άπορανθέντα
908 799 955 860 καὶ
978 802 1127 881 ἀνατρέψαι
1148 821 1174 860 τι
1195 806 1249 860 τῶν
1265 796 1393 881 ἀνωτέρω
1407 819 1603 880 καταγεγραμ-
1662 815 1663 824 ’

314 930 413 1007 μένων,
443 929 459 985 ό
484 930 603 998 τοιοῦτος
630 926 816 1006 ἀφωρισμένος
839 924 881 998 εἴη
904 923 951 984 καὶ
972 925 1162 1004 κατηραμένος
1184 921 1230 983 καί
1253 923 1448 1003 ἀσυγγώρητας
1469 921 1515 982 καί
1537 921 1605 997 μετόι
1662 915 1663 926 ’

313 1052 428 1110 θάνατον
455 1045 556 1120 ἅλυτος
581 1047 628 1108 καί
656 1050 754 1119 πάσαις
780 1049 840 1119 ταῖς
865 1047 1008 1127 πατρικαῖς
1033 1043 1080 1105 καὶ
1107 1045 1259 1118 συναδικεῖς
1285 1045 1364 1124 ἀραῖς
1391 1045 1534 1116 ὐπεόθυνος
1560 1039 1606 1102 καί
1662 1115 1663 1142 γ

314 1171 439 1244 ὑπόδικος
460 1169 507 1231 καί
531 1172 628 1248 ένοχος
651 1169 689 1247 τῷ
713 1167 812 1248 αἰωνίῳ
834 1162 895 1250 πυρὶ
916 1175 966 1245 τῆς
987 1169 1110 1247 γεέννης.
1149 1169 1212 1227 ὅθεν
1235 1165 1275 1239 είς
1298 1165 1411 1240 ἔνδειξιν
1433 1163 1481 1226 καὶ
1496 1166 1604 1242 διηνεκῆ

207 1332 209 1338 1
313 1296 361 1370 τὴν
385 1293 535 1373 ἀσφάλειαν
559 1292 669 1371 ἐγένετο
692 1289 739 1352 καί
760 1292 790 1351 τό
812 1293 897 1370 παρόν
919 1292 1053 1372 ἡμέτερον
1068 1291 1263 1370 πατριαρχικόν
1278 1288 1417 1349 συνοδικδν
1434 1287 1605 1366 σιγιλλιιῦδες

313 1418 431 1496 γράμμα
462 1415 490 1475 ἐν
518 1414 697 1495 μεμβράναις,
727 1412 916 1493 καταοτρωθέν
944 1413 995 1472 κάν
1021 1412 1060 1491 τῷ
1088 1411 1153 1493 ίερῷ
1179 1411 1284 1488 κῦδηκι
1311 1416 1361 1487 τῆς
1386 1411 1450 1472 καθ’
1462 1412 1536 1487 ἡμᾶς
1561 1413 1605 1468 τοῦ

314 1538 430 1618 Χριστοῦ
453 1535 582 1615 μεγάλης
604 1533 755 1611 ἐκκλησίας
776 1533 815 1614 τῷ
839 1535 883 1594 ἐπ’
896 1532 967 1613 αὐτῷ
990 1535 1074 1613 τοότῳ
1091 1533 1249 1614 διορισθέντι
1264 1531 1312 1593 καὶ
1328 1533 1410 1610 ἐδόθη
1428 1531 1468 1604 είς
1482 1533 1513 1593 τό
1528 1530 1605 1610 ῥηθὲν

314 1660 493 1738 μοναττηριον
514 1659 548 1718 ἐν
564 1659 632 1718 έτει
647 1657 797 1737 σωτηρίῳ
811 1655 976 1735 χιλιοστῷ
993 1653 1241 1734 έπτακοσιοστῷ
1257 1653 1486 1732 ἐννενηκοστῷ
1501 1653 1605 1732 όγδόῳ
1662 1627 1663 1646 ³

313 1781 397 1842 κατόι
420 1787 507 1857 μῆνα
528 1781 747 1860 ρεβρουοίριον
771 1779 1001 1854 ἐπινεμήσεως
1022 1782 1155 1858 πρώτης
1177 1782 1202 1855 ’μ

418 1908 435 1980 †
466 1904 661 1983 Γρηγόριος,
694 1902 781 1980 ἐλέῳ
811 1902 887 1962 θεοῦ
920 1900 1142 1980 ἀρχιεπίσκοπ
1133 1921 1183 1972 ος
1213 1897 1605 1973 Κωνσταντινουπόλεως,

314 2025 383 2086 Νέα
365 2047 403 2098 ας
426 2025 566 2104 Ρῦμης,
589 2023 646 2085 καὶ
668 2022 902 2099 οίκουμενικός
923 2026 1178 2104 πατριάρχηςί.

346 2147 482 2226 Ερεσου
504 2145 665 2222 Σαμουή
679 2151 703 2223 †.
1062 2144 1224 2228 ακλειας
1246 2145 1342 2205 Μελ
1347 2149 1458 2222 τιοςγ.

347 2265 427 2339 Κυζ
398 2271 491 2339 ζικου
515 2268 757 2344 ’.Ιωαννίκιοςβ
1020 2267 1251 2345 Νικομηδείας
1274 2267 1505 2342 Ἀθανάσιοςῒ.

346 2510 602 2587 Θεσσαλονίκης
625 2513 850 2591 Γεράσιμοςγ.
1018 2511 1290 2592 Νεοκαισαρείας
1312 2504 1491 2586 ’.Εσαίαςί

314 2152 330 2224 ί
988 2147 1054 2222 †H

314 2273 330 2345 †
987 2273 1004 2346 †

315 2390 490 2466 ’γΝικαίας
513 2390 765 2466 Καλλίνικοςγ
988 2391 1082 2471 ’[Δέρ
1088 2411 1153 2450 κων
1175 2391 1351 2471 Μακάριος
1372 2393 1398 2466 †

315 2516 331 2589 ί
988 2516 1004 2589 †

315 2638 331 2710 ἰ
988 2637 1005 2710 ί

346 2633 513 2716 Λαρίσσης
535 2633 747 2711 Διονόσιοςγ.
1020 2632 1161 2715 Εὐρίπου
1184 2635 1227 2693 Ἱε
1233 2635 1387 2714 ρ.όθεος’ς

517 2925 612 2991 XIII.
637 2924 861 3010 7311-1803,
886 2946 997 2992 mense
1019 2925 1124 2992 rebiul
1147 2923 1229 3007 evol,
1253 2924 1320 2991 ind.
1346 2924 1405 2990 VI.

317 3113 470 3184 Imperator
490 3111 643 3165 Τατοατιιπι
659 3108 742 3166 Selim
757 3111 815 3164 III.
841 3109 980 3178 confirmat
1002 3110 1173 3164 οαειιιόίοπεπι
1197 3108 1356 3164 monasterii
1376 3125 1395 3163 α
1420 3109 1530 3164 ότίότιιίι
1547 3123 1606 3178 pro·

798 3215 961 3270 ιιῦισόαίνῦιω
976 3220 1002 3268 et
1015 3215 1128 3270 άεοίιπα.

758 3417 905 3480 Σουλτόιν
927 3415 1036 3494 Σελὶμ
1064 3413 1090 3503 [ό
1111 3413 1164 3504 γ’].

893 3553 1037 3642 (Τουρᾶς.)

422 3729 653 3812 Πληρεξοόσιε
675 3731 747 3792 κτλ.
772 3732 891 3813 βεζῦρη
913 3736 967 3792 τοῦ
990 3733 1150 3812 Μωρέως.
1189 3730 1387 3809 αὺξηθείηὴ
1410 3733 1605 3814 λαμπρότης

319 3876 375 3915 σου
391 3853 458 3914 ,καὶ
484 3855 748 3930 πεπαιδευμένοι
775 3853 914 3926 καδίδες
936 3851 1072 3936 (κριταί)
1095 3859 1156 3914 τῶν
1180 3855 1351 3934 ἐπαρχιῶν
1373 3855 1605 3936 Καλαβρότων,
1662 3901 1663 3928 γ

319 3976 509 4056 Βοοτίτζης,
533 3977 720 4051 Γαετοίινης
742 3975 797 4036 καὶ
823 3976 980 4036 Παλαιιῦν
1005 3977 1151 4058 Πατρῶν,
1179 3973 1339 4054 αὐξηθείη
1362 3979 1379 4054 η
1403 3979 1501 4057 σοφία
1523 3997 1585 4048 σας.
1662 3939 1663 3960 ί

422 4099 492 4175 Ἅμα
509 4087 603 4180 ’ρθάση
625 4099 655 4158 τό
677 4101 764 4180 παρόν
787 4119 838 4175 μου
861 4101 984 4182 σημεῖον,
1007 4098 1084 4159 θέλει
1107 4103 1157 4172 σᾶς
1178 4101 1246 4182 γένη
1268 4105 1399 4181 γνωστόν,
1422 4101 1463 4159 ότι
1484 4100 1511 4160 οἱ
1524 4099 1606 4160 καλό-

317 4241 399 4302 γηροι
426 4225 472 4281 τοῦ
500 4221 679 4300 μονασπηρίου
703 4221 789 4300 Μέγα
811 4220 953 4296 Σπηλαιον
979 4219 1134 4298 λεγομένου
1160 4221 1207 4282 καὶ
1234 4223 1304 4281 κατὰ
1331 4222 1381 4297 τἠν
1405 4221 1540 4304 ἐπαρχίαν
1560 4225 1605 4280 τῦν
1662 4213 1663 4272 ί

319 4343 510 4423 Καλαβρίιτων
532 4345 659 4419 κειμένου
683 4343 811 4423 άνέρερον
836 4340 875 4416 είς
896 4344 927 4402 τό
948 4345 1047 4423 κράτος
1071 4363 1132 4420 μου,
1156 4345 1196 4404 ότι
1219 4344 1248 4419 μ’
1261 4343 1327 4404 όλον
1350 4345 1416 4404 όποῦ
1439 4345 1485 4404 διόι
1506 4345 1541 4405 τὰ
1561 4341 1605 4404 ἀπό

317 4467 363 4525 τόν
393 4467 487 4547 καιρόν
516 4471 565 4541 τῆς
596 4464 740 4541 βασιλικῆς
772 4465 906 4536 ἁλώσεως
933 4464 1111 4545 εὑρισκόμενα
1138 4463 1176 4538 εἰς
1203 4468 1301 4548 χεῖράς
1327 4487 1388 4538 τους
1415 4469 1543 4544 κτήματα
1567 4461 1605 4526 καὶ

318 4586 410 4666 γαίας,
439 4587 505 4647 όποῦ
527 4589 629 4646 κεῖνται
653 4583 763 4660 εἰςτὰς
786 4581 920 4668 ἐπαρχίας
942 4586 1096 4668 Βοστίτζης,
1119 4587 1318 4670 Καλαβρῦτων,
1344 4589 1477 4650 ΙΙαλαιιῦν
1502 4591 1605 4668 Πατρῶν

319 4707 366 4768 καί
390 4709 551 4788 Γαστοίινης,
575 4709 722 4789 Ιὐποίργουσι
745 4707 923 4786 ἐκδεδομέναι
945 4708 1081 4784 βασιλικοὶ
1104 4711 1209 4790 όρισμοὶ
1228 4710 1466 4787 διαλαμβάνοντες
1484 4714 1533 4790 τὴν
1548 4713 1605 4773 ἀτυ-
