3222 5284
246 355 310 420 306

248 548 327 609 αὐτοῦ
350 545 388 619 εἰς
411 547 573 629 ἀπέραντον·
598 548 725 618 ῶσαίντως
748 547 780 607 δέ
802 545 850 606 καὶ
871 542 906 606 τὰ
927 546 1011 622 ἡμίση
1034 551 1088 606 τῶν
1112 545 1140 605 ἐν
1157 543 1299 627 Σηλυβρίᾳ
1323 545 1456 604 ἐνοικοιῶν
1473 565 1534 618 μου.

245 669 293 730 καὶ
314 675 367 729 τῶν
391 669 470 741 ἐκτός
491 673 541 746 τῆς
565 669 673 744 δυτικῆς
695 671 797 750 πόρτης
818 673 869 744 τῆς
885 667 1055 749 Ῥαιδεοτοῦ,
1078 669 1152 743 πλὴν
1173 670 1220 728 τοῦ
1244 667 1409 728 έκιιοιείσθοιι
1428 666 1461 726 τὰ
1477 686 1536 725 τοι-

247 796 314 853 αῦτα
338 791 460 852 ένοικικὰ
481 791 544 852 καθ’
556 790 712 865 οίανδητινα
736 789 873 865 ἐκποίησιν
897 788 937 863 είς
959 791 1052 870 ἕτερον
1074 793 1227 870 πρόσωπον,
1250 789 1319 848 ἁλλ’
1333 786 1374 860 είς
1387 791 1417 848 τδ
1431 809 1537 867 πτωχο-

246 915 368 994 τρορεΐον
391 911 438 974 καί
459 913 490 972 τό
514 913 691 992 μοναοτηριόν
715 932 766 988 μου
788 915 806 986 ἢ
829 913 934 973 πωλεῖν
956 916 975 986 ἢ
998 913 1149 992 καθιεροῦν.
1181 912 1265 982 οίιτως
1288 909 1334 970 οὖν
1355 912 1386 970 τδ
1409 908 1538 990 περὶτῶν

246 1035 438 1113 ἀφιερωμένων
467 1030 655 1107 διεξελθόντες
685 1033 806 1110 εἴπωμεν
836 1034 932 1094 λοιπόν
961 1031 1010 1094 καί
1038 1031 1101 1114 περὶ
1130 1037 1183 1093 τῶν
1211 1032 1376 1111 ὀφειλόντων
1406 1032 1540 1091 τελεῖσθαι

248 1155 291 1216 ἐπ’
304 1158 403 1227 αὺτοῖς.
449 1154 505 1215 καὶ·
525 1161 631 1235 πρῶτον
659 1155 710 1230 μὲν
732 1153 865 1234 περὶτῆς
888 1153 1011 1227 εἰςτοδς
1040 1157 1159 1230 πένητας
1190 1153 1351 1226 διαδόσεως.
1397 1152 1539 1232 διορίζομαι

246 1275 302 1358 οῦν,
325 1277 370 1336 ἵνα
394 1276 422 1336 ἐν
444 1275 483 1354 τῷ
505 1277 611 1336 πυλῶνι
632 1280 678 1336 τοῦ
699 1281 749 1351 τῆς
775 1277 891 1348 Πόλεως
914 1277 1030 1354 εῦαγοῦς
1054 1275 1128 1336 οἰκου
1151 1278 1196 1335 τοῦ
1217 1272 1447 1355 πτωχοτροφείου,
1470 1274 1493 1332 ἐν
1517 1269 1540 1352 ᾧ

245 1397 292 1468 καὶ
314 1400 345 1458 τό
369 1400 548 1476 μοναοτηριον
573 1393 712 1482 [θποίρχει]
723 1399 754 1478 ¹),
777 1399 933 1478 παρέχηται
954 1398 1150 1473 καθ’ἑκάστην
1172 1398 1304 1478 κυριακὴν
1320 1399 1376 1468 τοῖς
1392 1397 1421 1455 ἐν
1437 1394 1541 1476 Χριστῷ

246 1520 377 1598 ἀδελφοῖς
407 1540 458 1594 μου
487 1521 544 1590 τοῖς
574 1519 715 1594 δεομένοις
744 1517 850 1596 ψωμίον
883 1519 978 1594 μοδίου
1009 1519 1135 1598 μεγαλου
1159 1519 1229 1597 ἑνός,
1263 1517 1369 1577 ἐσθίωσι
1392 1517 1424 1576 δέ
1446 1515 1488 1576 καί
1513 1517 1541 1574 έν
1594 1515 1595 1518 ’

245 1643 368 1723 τραπέζῃ
390 1641 582 1716 καθ’ἑκάστην
604 1641 711 1720 ἡμέραν
734 1639 766 1713 ἐξ
789 1642 915 1720 πένητες,
938 1640 1130 1717 λαμβάνοντες
1152 1640 1205 1699 ἁνόι
1226 1634 1311 1724 [ἓν]ί)
1329 1639 1425 1718 τρίιρος
1439 1641 1541 1716 βωμοῦ,

246 1760 294 1822 καί
312 1761 379 1842 ὑπὲρ
398 1760 565 1842 προοφαγίου
586 1763 684 1839 ἔχωσιν
705 1761 760 1821 εἴτε
780 1763 874 1842 κρέας,
899 1760 953 1822 εἴτε
975 1760 1070 1839 ἰχθύας
1092 1763 1203 1842 ἢτυρδν
1225 1763 1243 1836 ἢ
1265 1761 1372 1840 όσπριον
1387 1763 1406 1835 ἢ
1421 1757 1542 1837 λόχανον

247 1885 383 1961 έψημένον
406 1887 424 1958 ἡ
453 1884 555 1962 ἕτερον,
587 1883 653 1963 ὅπερ
677 1885 709 1941 όν
732 1883 747 1941 ό
770 1884 832 1954 θεός
862 1885 974 1964 πέμψῃ·
1006 1884 1151 1960 κομίζηται
1174 1880 1206 1941 δὲ
1236 1883 1350 1954 ἕκαστος
1377 1879 1543 1942 τούτωνκαὶ

247 2005 300 2064 ἀνὰ
325 2005 441 2084 ρόλλεις
467 2007 602 2083 τέσσαρας
623 2003 671 2064 καὶ
694 2005 791 2076 ἁπλῶς
818 2005 913 2085 οότως,
944 2005 988 2064 ίνα
1009 2005 1143 2064 πελῶνται
1165 2003 1199 2064 τὰ
1222 2004 1265 2063 ἐπ’
1277 2005 1363 2063 αἰιτῶν
1387 2005 1475 2083 ῶσπερ
1498 2001 1542 2062 καί

249 2125 293 2186 ἐπ’
307 2127 374 2203 ἐμοῦ
397 2125 512 2204 ἐγίνετο.
543 2133 616 2186 τιπῶ
641 2127 672 2185 δὲ
696 2123 862 2185 διαδίδοσθαι
884 2125 930 2184 καί
954 2126 998 2185 διὰ
1021 2126 1092 2186 σίτου
1116 2124 1226 2200 μοδίους
1250 2125 1401 2196 διακοσίους
1425 2125 1492 2184 δέκα
1514 2122 1543 2196 ἐξ

248 2245 288 2321 εἰς
318 2249 475 2328 ἀνθρώπους
505 2247 645 2325 δυστυχεῖς
674 2245 722 2306 καί
751 2250 842 2326 χήρας
869 2250 886 2322 ἢ
910 2246 956 2306 καί
986 2249 1119 2326 γέροντας
1143 2247 1224 2307 ἐλέου
1255 2245 1357 2326 ἁξίους,
1387 2247 1468 2325 ἤγουν
1495 2245 1543 2304 ἁνὰ

248 2368 358 2444 μοδίους
383 2367 417 2443 ιβ’
442 2369 610 2440 ἁννονικοὺς·
642 2366 711 2428 δέκα
733 2367 787 2449 γὰρ
809 2368 856 2428 καί
879 2369 951 2428 όκτὼ
974 2370 1193 2449 συναριθμοῦνται
1217 2368 1242 2427 οἱ
1264 2369 1310 2428 τδν
1332 2372 1449 2428 τοιοῦτον
1472 2369 1544 2427 σῖτον
1594 2437 1595 2448 ,

246 2490 400 2565 λαμβάνειν
430 2490 597 2568 ὀφείλοντες.
643 2491 676 2548 τό
706 2489 738 2549 δὲ
770 2491 799 2550 ἐν
829 2489 868 2569 τῷ
898 2489 965 2570 οἴκῳ
994 2495 1040 2550 τοῦ
1069 2490 1286 2570 πτωχοτρορείου
1316 2497 1366 2567 τῆς
1390 2490 1544 2550 Ῥαιδεστοῦ

248 2610 366 2671 δίδοσθαι
389 2610 534 2688 όρείλοντα
557 2611 671 2686 ἐτησίως
695 2609 760 2671 εἰσίν
782 2612 882 2682 οῦτως·
905 2611 949 2670 ίνα
972 2611 1104 2695 λαμβὰνη
1126 2613 1230 2688 ἡμονὴ
1246 2615 1293 2672 τοῦ
1310 2611 1388 2690 ἁγίου
1404 2611 1542 2672 Νικολάου

247 2735 293 2794 τοῦ
316 2731 474 2803 Φάλκωνος
502 2731 656 2806 νομίσματα
685 2731 754 2810 τρίοι.
799 2734 818 2809 ἡ
842 2733 912 2808 μονὴ
935 2736 981 2792 τοῦ
1005 2732 1083 2810 ἁγίου
1106 2733 1252 2813 Γεωργίου,
1282 2735 1316 2808 ἦν
1340 2733 1399 2812 έχω
1423 2731 1466 2792 ἐπὶ
1488 2729 1543 2792 δυσί
1583 2743 1588 2754 ’

245 2855 400 2933 προσώποις
428 2851 467 2925 εἰς
489 2855 657 2933 χαριστικήν,
688 2855 706 2928 ἡ
736 2855 849 2929 κειμένη
881 2851 983 2926 ἔξωθεν
1005 2859 1054 2930 τῆς
1085 2854 1193 2931 δυτικῆς
1222 2857 1324 2934 πόρτης
1353 2859 1400 2914 τοῦ
1431 2857 1542 2932 καίστρου

247 2975 413 3054 Ῥαιδεστοῦ,
444 2969 477 3050 ἧς
508 2974 633 3054 δεότερον
662 2976 804 3054 πρόσωπον
835 2974 904 3054 ἁρίω
926 2975 972 3035 τόν
1001 2975 1057 3036 υἱόν
1081 2997 1142 3056 μου,
1173 2976 1218 3034 τόν
1249 2978 1437 3055 μυοτογριίρον
1464 2977 1540 3053 κυρδν

247 3095 402 3188 Θεόδωρον,
425 3095 579 3172 νομίσματα
601 3097 675 3176 τρία·
698 3099 716 3172 ἡ
739 3097 882 3174 γὐναικείοι
905 3099 974 3172 μονὴ
998 3101 1044 3158 τοῦ
1067 3093 1144 3175 ἁγίου
1167 3096 1328 3178 Προκοπίου,
1352 3099 1371 3172 ἡ
1396 3097 1473 3168 ἐκτός
1495 3103 1541 3170 τῆς
1592 3185 1593 3196 ,

247 3215 357 3293 δυτικῆς
378 3220 480 3298 πόρκης
502 3222 547 3278 τοῦ
571 3216 699 3295 αἰγιαλοῦ
723 3218 892 3297 διακειμένη,
916 3213 950 3294 ἧς
974 3219 1098 3298 δεύτερον
1120 3219 1263 3299 πρόσωπόν
1287 3220 1358 3278 ἐστιν
1381 3219 1467 3291 όυίός
1482 3237 1539 3292 μου,
1592 3199 1593 3210 ¹

246 3341 284 3411 ῶς
314 3339 367 3398 ἀπό
389 3344 435 3399 τοῦ
464 3333 558 3420 πρῴην
580 3341 782 3420 χαριστικαρίου
805 3339 901 3420 Βὰρδα
923 3345 969 3399 τοῦ
991 3337 1116 3421 Ξηρὰδα,
1148 3339 1376 3415 ηκαταλυθεϊσα
1398 3339 1449 3415 μὲν
1469 3339 1539 3418 παρὰ

248 3465 301 3521 τῶν
325 3460 494 3542 ἀποστατῶν,
519 3460 762 3536 ἁνοικοδομηθεῖσα
786 3461 817 3521 δὲ
839 3461 903 3541 παρ’
917 3463 994 3543 ἐμοῦ,
1017 3461 1171 3538 νομίσματα
1191 3461 1247 3524 δόο.
1274 3463 1379 3538 ήμονὴ
1394 3468 1445 3540 τῆς
1459 3463 1538 3540 ὓπερ-

249 3581 331 3660 αγίας
354 3581 482 3642 θεοτόκου
504 3586 554 3655 της
570 3581 679 3660 Δέρνης
701 3581 855 3658 νομίσματα
878 3583 938 3643 δύο·
961 3587 1044 3643 ταῦτα
1067 3584 1121 3663 γὰρ
1142 3584 1177 3642 τὰ
1200 3587 1367 3664 μοναοτηρια
1389 3579 1453 3644 οἰδα
1470 3583 1537 3662 χρῄ-

246 3705 329 3773 ζοντα
356 3702 454 3774 ἐλέους
477 3701 522 3761 διὰ
545 3703 575 3761 τό
597 3705 684 3777 πάντη
707 3704 807 3764 τοίιτων
831 3703 996 3786 ἁνείορορον.
1042 3703 1088 3764 καί
1111 3711 1184 3764 τυπῶ
1206 3709 1290 3765 ταῦτα
1311 3705 1467 3781 λαμβάνειν
1490 3704 1537 3762 ἁπό

245 3829 295 3900 τῆς
317 3823 451 3905 προσόδου
474 3829 527 3884 τῶν
551 3823 643 3885 αίιλῶν
665 3831 719 3884 τῶν
742 3826 792 3885 ὑπό
814 3827 845 3886 τό
866 3828 1083 3908 πτωχοτρορεῖόν
1099 3847 1150 3902 μου
1165 3823 1199 3886 τόι
1215 3825 1346 3907 εἰρημένα
1362 3827 1465 3906 ἐτήσια,
1487 3825 1537 3893 τοίς

246 3948 380 4024 μοναχοῑς
403 3945 604 4026 διαμερίζεοθαι
627 3945 772 4026 όρείλοντοι
795 3947 1017 4023 ἁκαινοτομήτως
1038 3953 1092 4007 τῶν
1115 3949 1242 4009 τοιούτων
1266 3947 1465 4028 μοναοτηρίων,
1494 3943 1536 4005 καί

245 4068 288 4127 ἵνα
319 4067 492 4148 έγγρὰψωσιν
516 4068 624 4140 ἐντοῖς
647 4067 729 4149 ἱεροῖς
753 4068 892 4146 διπτύχοις
915 4070 1001 4129 αῦτῶν
1024 4071 1053 4128 τό
1077 4069 1164 4144 όνομὰ
1187 4089 1238 4146 μου
1261 4069 1309 4131 καὶ
1331 4072 1535 4147 μνημονεῦωμαι

246 4189 275 4249 ἐν
298 4191 389 4261 αὺτοῖς
413 4187 556 4268 διηνεκῶς,
578 4194 675 4250 ποιῶσι
699 4189 730 4249 δὲ
752 4189 800 4249 καὶ
822 4193 959 4271 τριοὰγιον
975 4191 1037 4251 καθ’
1048 4191 1164 4268 ἑκάστην
1180 4191 1250 4266 μετὰ
1265 4192 1313 4269 τὴν
1330 4193 1444 4266 ἑωθινὴν
1459 4187 1534 4262 δοξο-

245 4309 344 4388 λογίαν
368 4310 433 4390 ίιπέρ
457 4311 524 4386 ἐμοῦ
546 4313 592 4370 τοῦ
615 4311 791 4390 ἁμαρτωλοῦ.
822 4311 866 4371 ἵνα
889 4309 920 4372 δέ
942 4311 1076 4393 λαμβοίνη
1099 4311 1145 4372 καί
1167 4313 1182 4372 ό
1203 4313 1270 4385 ναός
1292 4317 1337 4374 τοῦ
1359 4311 1447 4390 τιμίου
1466 4313 1532 4391 Προ-

246 4431 347 4510 δρόμου
370 4431 385 4489 ό
408 4432 436 4490 ἐν
459 4437 492 4513 τῇ
516 4432 609 4514 δυτικῄ
637 4433 723 4514 πόρτη
745 4439 795 4508 τῆς
818 4432 976 4493 Ῥαιδεοτοῦ
997 4435 1118 4510 νόμισμα
1139 4435 1169 4494 έν
1191 4435 1277 4515 τραχίι
1299 4434 1347 4495 καί
1369 4438 1385 4494 ό
1406 4437 1471 4508 ναός
1490 4437 1532 4503 τῆς

245 4587 453 4597 ———

351 4691 370 4753 ¹)
390 4689 586 4756 Supplevimus.
658 4689 680 4756 ²)
699 4689 896 4758 Supplevimum
