3208 5310
264 340 307 402 44

264 533 367 612 σενινά,
392 531 522 606 Ἰωάννης
544 533 559 590 6
582 531 695 612 Κρασάς
717 530 763 591 σὰν
784 529 913 610 γυναικός
936 527 1009 607 ἔχων
1031 528 1105 602 υίοίις
1119 525 1157 608 γ’,
1181 527 1205 589 οί
1229 527 1276 589 δύο
1296 526 1341 588 σὺν
1356 529 1494 607 γυναικός,
1520 527 1557 586 ἐπ’

265 653 356 725 αίιτοῖς
376 650 472 712 παιδία
493 651 621 733 ἀρσενικὰ
636 651 672 733 β’,
695 652 803 731 θηλυκὰ
819 651 855 714 α’.
879 651 1001 731 Μιχαὴλ
1020 651 1108 732 ίερεθς
1123 653 1139 712 6
1154 653 1267 732 Κρασάς
1284 651 1329 710 σὺν
1344 649 1473 730 γυναικός
1489 649 1558 726 έχων

264 773 336 846 υίοθς
447 773 492 834 οίιν
519 775 647 853 γυναικός
669 773 716 836 καὶ
738 776 874 855 θυγατέρα
897 772 976 850 μίαν·
1006 774 1212 846 Κωνσταντῑνος
1234 774 1249 832 6
1271 774 1356 833 Κάτω
1380 773 1494 853 Κρασάς
1518 771 1558 830 οθν

263 898 401 974 γυναικός.
425 897 506 956 Λέων
533 897 547 955 ό
571 896 692 977 ἀδελφὰς
715 899 795 958 αὺτοῦ
821 896 866 956 σὺν
893 898 1021 976 γυναικός
1047 897 1121 976 ἔχων
1141 895 1238 956 παιδία
1261 893 1389 976 ἀρσενικὰ
1405 889 1443 975 α’,
1474 894 1558 971 θυγα-

264 1019 345 1098 τέρας
361 1017 397 1092 β’.
421 1017 563 1090 Νικόλαος
586 1019 601 1078 6
623 1018 680 1092 υίος
703 1019 782 1081 αθτοίι
804 1019 851 1080 σὺν
873 1021 1001 1100 γυναικός
1024 1019 1098 1096 έχων
1119 1015 1216 1078 παιδία
1238 1016 1367 1098 ἀρσενικὰ
1383 1013 1419 1077 α’.
1444 1014 1560 1093 Μιχαὴλ

264 1140 280 1198 ό
302 1141 416 1220 Κροισάς
443 1140 489 1200 σίιν
515 1141 644 1220 γυναικός
671 1141 744 1222 έχων
770 1140 866 1203 παιδία
888 1139 1017 1222 ἀρσενικὰ
1030 1137 1069 1221 γ’,
1101 1139 1209 1216 θηλυκὰ
1225 1137 1261 1216 β’.
1291 1141 1368 1219 χήρα
1391 1135 1495 1198 ἐκείνου
1519 1139 1561 1198 τοῦ

265 1261 481 1342 Στραβάγγελου
505 1262 607 1340 έχουσα
628 1261 699 1336 υίοίις
715 1263 738 1324 ε’
761 1261 809 1324 καί
832 1263 969 1344 θυγατέρα
984 1257 1020 1343 α’,
1051 1260 1077 1323 οί
1098 1261 1150 1338 μέν
1165 1257 1191 1341 γ’
1214 1261 1261 1322 σὺν
1283 1261 1422 1340 γυναικός,
1454 1259 1560 1338 έχωνό

264 1388 373 1463 πρῶτος
395 1383 491 1445 παιδία
518 1383 646 1464 ἀρσενικὰ
660 1383 699 1467 γ’,
730 1381 768 1472 [6]
793 1384 919 1465 θεότερος
941 1384 1023 1444 Λέων
1045 1385 1060 1444 ό
1082 1378 1247 1470 κηπ[ουρὰς]
1272 1382 1317 1444 σίιν
1339 1381 1468 1462 γυναικός
1491 1381 1560 1459 ἔχων

263 1503 357 1566 παιδία
381 1503 488 1580 θηλυκὰ
505 1504 542 1587 β’,
565 1504 707 1588 ἀρσενικόν
731 1508 779 1566 ένα
801 1504 849 1566 καί
864 1505 988 1586 ἀδελφὴν
1004 1498 1078 1581 μίαν.
1111 1503 1207 1566 παιάία
1222 1502 1327 1564 ἐκείνου
1341 1507 1388 1565 τοῦ
1403 1504 1503 1579 Σαμίου
1519 1503 1562 1562 σὰν

264 1627 392 1706 γοναικὰς
415 1625 533 1704 ἐχούσης
549 1625 645 1686 παιθία
660 1626 790 1709 ἀρσενικὰ
801 1625 840 1708 γ’,
857 1626 978 1704 θηλυκὰν
995 1629 1045 1686 ἕνα
1061 1621 1148 1712 (sic).
1173 1627 1304 1704 Ἰωάννης
1319 1627 1334 1686 6
1350 1625 1562 1701 Λακεδαίμονος

264 1747 311 1808 σθν
333 1749 461 1828 γυναικός
485 1748 557 1826 ἔχων
579 1747 674 1808 παιδία
696 1748 826 1832 ἀρσενικὰ
841 1745 878 1830 γ’,
902 1747 1010 1824 θηλυκὰ
1032 1750 1091 1810 ἕνα.
1122 1749 1262 1810 Μαι...
1286 1749 1304 1824 ἠ
1328 1749 1468 1828 Βαρζηνοίι
1492 1747 1563 1824 ἔχων

265 1870 402 1951 θυγατέρα
429 1869 503 1946 μίαν.
534 1869 704 1956 Ἀμάραντος
726 1870 741 1930 ό
763 1869 821 1943 υἱός
844 1871 927 1948 αθτῆς
948 1870 995 1931 οίιν
1017 1870 1145 1949 γυναικός
1168 1870 1242 1949 έχων
1264 1869 1366 1942 παῖδας
1388 1869 1512 1946 θηλυκάς
1527 1866 1562 1930 α’.

265 1993 359 2072 Χρυσῆ
373 1992 409 2071 (ί)
425 1992 442 2066 ἡ
459 1991 611 2068 Κομματοῦ
634 1991 679 2052 σὺν
701 1995 748 2052 τοίι
762 1991 819 2054 υίοό
834 1993 917 2068 σοίτῆς
932 1997 979 2053 τοῦ
994 1991 1130 2073 δευτέρου.
1146 1991 1298 2070 Είιόοκίαὴ
1314 1993 1449 2068 Κουμάνα
1464 1991 1565 2070 ἔχουσα

264 2111 360 2173 παιδία
382 2112 511 2194 ἀρσενικὰ
526 2110 567 2172 α’·
596 2109 681 2174 Ἄννα
709 2115 728 2192 ἡ
751 2115 883 2190 Κουμάνα
907 2114 954 2174 σίιν
975 2119 1025 2190 τῆς
1047 2113 1180 2195 θυγατρός
1202 2116 1294 2192 αθτὴς.
1318 2108 1390 2174 οὗτοι
1412 2113 1438 2174 οἱ
1461 2113 1564 2173 ἀνωθεν

264 2233 463 2312 θιεόηλωμένοι
492 2233 629 2315 όρειλουσι
657 2237 819 2317 προσμένειν
849 2233 896 2296 καί
927 2235 1099 2298 ἐκδουλεθειν
1126 2241 1160 2318 τῇ
1184 2233 1322 2319 ἁγιωτάτῃ
1351 2235 1486 2318 ἐπισκοπῇ
1510 2237 1564 2308 ἕως

265 2359 385 2436 ἐσχάτης
408 2359 494 2418 αἰτῶν
510 2358 648 2435 ἀναπνοῆς
664 2356 738 2418 οσίτοί
752 2379 783 2418 τε
798 2356 846 2418 καὶ
861 2356 887 2418 οί
902 2358 1000 2431 παῖδες
1016 2355 1046 2430 ἐξ
1062 2357 1159 2438 όσρόου
1175 2355 1207 2432 ἐξ
1223 2360 1309 2420 οσίτῶν
1323 2359 1477 2434 τικτόμενοι
1491 2360 1565 2438 γόνοι

265 2500 294 2538 τε
321 2477 368 2540 καὶ
398 2479 508 2559 έγγονοι
530 2480 578 2543 καί
604 2479 702 2552 ἀτελῶς
725 2477 819 2562 εἰπεῖν,
843 2481 942 2561 μέχρις
964 2483 998 2540 ἀν
1021 2477 1053 2553 ἐξ
1075 2479 1163 2540 αὐτῶν
1185 2480 1352 2542 συνίστανται
1373 2481 1446 2541 κατὰ
1467 2479 1566 2560 γενεὰν

266 2604 466 2682 κατερχόμενα
488 2603 598 2680 πάντες,
622 2601 716 2676 καθὼς
737 2599 784 2664 καί
807 2603 822 2662 ό
841 2602 1049 2680 ὑψηλότατος
1069 2600 1125 2662 καὶ
1140 2598 1343 2682 κυριώτατος
1365 2605 1486 2679 κόντης
1502 2601 1566 2660 Ῥι-

266 2723 405 2806 κιάρόος
428 2725 444 2784 6
469 2728 526 2786 τοῦ
549 2724 721 2785 Παλατίου
743 2723 800 2784 καὶ
821 2725 981 2801 αὐθέντης
1004 2724 1232 2804 Κεφαληνίας,
1255 2723 1424 2784 Ζακύνθου
1446 2722 1503 2784 καί
1526 2723 1566 2782 ’ί-

266 2849 370 2922 θάκης
396 2847 517 2929 στέργων
543 2844 590 2906 καί
618 2846 763 2924 έιτιεβαιῶν
790 2849 879 2906 πάντα
905 2845 941 2906 τὰ
963 2847 992 2907 έν
1019 2843 1058 2925 τῷ
1085 2849 1197 2929 παρόντι
1218 2845 1359 2928 πρακτικῷ
1381 2847 1565 2926 γεγραμμένα

266 2969 459 3046 βεβοθλλωται
480 2973 564 3030 ταῦτα
586 2968 656 3046 μετὰ
677 2973 724 3030 τοῦ
746 2967 884 3048 οιγιλλίου
907 2967 987 3030 αθτοίι
1002 2969 1134 3030 κάτωθεν.
1159 2968 1276 3044 Ἐκτέθη
1293 2964 1396 3030 ὰιὰκαί
1414 2967 1564 3050 ἐπληρίσθη

265 3091 296 3152 τό
317 3092 395 3152 κάτω
416 3092 563 3172 πρακτικόν
587 3087 618 3164 ἐξ
642 3089 795 3173 ἀρεσκείας,
818 3091 971 3170 θελησεως,
995 3089 1185 3167 ουμβιβάσεως
1206 3088 1255 3150 καὶ
1270 3089 1311 3163 εἰς
1326 3088 1370 3150 ἀεὶ
1385 3089 1565 3167 ἀιαμενοθοης

268 3215 296 3275 έν
320 3215 410 3286 αὺτοῖς
433 3214 543 3294 ἀγάπης
565 3218 611 3276 τοῦ
633 3217 827 3296 νραταιοτάτου
849 3215 929 3274 κόντε
951 3211 1060 3274 καὶτοῦ
1075 3213 1226 3292 ἀγιωτάτου
1242 3213 1395 3294 ἀρχιερέως
1410 3211 1566 3294 Ἐνρίκου

267 3336 301 3394 ἐν
325 3333 578 3414 έξακισχιλιάσι
599 3337 738 3414 χρόνοις
761 3337 1004 3416 μετρουμένοις
1027 3335 1164 3408 ἑπτάκις
1186 3335 1306 3396 έκαπὰν
1329 3333 1566 3410 ἑβδομήκοντα

266 3458 411 3536 δευτέρῳ
433 3459 542 3538 χρόνῳ
565 3455 812 3530 ίνδικτιῶνοςζ
836 3457 884 3532 είς
906 3461 965 3534 τὴν
989 3458 1150 3538 δευτέραν
1172 3455 1228 3517 καὶ
1251 3458 1395 3532 δεκάτην
1412 3458 1564 3519 Ἰουλίου.

266 3579 328 3640 κατ’
341 3579 428 3639 αἰτιῶν
451 3578 482 3638 δὲ
504 3582 612 3640 πάντων
635 3580 710 3658 ἔχειν
733 3581 781 3656 τὴν
804 3582 957 3659 άγιωτιίιην
981 3581 1128 3656 ἐπισκοπὴν
1151 3581 1200 3655 τὴν
1223 3579 1319 3661 οίκίαν,
1344 3575 1462 3665 [καθὼς]
1486 3581 1566 3657 ἔσχεν

266 3701 300 3761 ἐκ
320 3701 408 3762 πάλαι
432 3703 460 3761 έν
483 3701 522 3782 τῷ
543 3705 653 3784 κάστρῳ
674 3707 721 3764 τοῦ
743 3698 821 3783 ἁγίου
837 3703 983 3784 Γεωργίου,
1007 3704 1056 3778 τὴν
1079 3701 1281 3778 πλησιάζουσαν
1298 3700 1338 3774 είς
1352 3703 1396 3762 τόν
1413 3703 1488 3762 θεῖον
1503 3704 1565 3762 ναίον

264 3828 314 3898 τῆς
335 3822 485 3905 ιἰπεραγίας
507 3825 635 3886 θεοτόκου
657 3823 705 3886 καί
727 3824 767 3896 είς
789 3825 838 3902 τὴν
860 3826 1026 3903 ἀνατολικὴν
1049 3828 1161 3906 πόρτιν.

637 4245 746 4322 Ἀρχὴ
769 4249 831 4305 τοῦ
854 4243 961 4322 άγίου
984 4242 1193 4324 Θεοδώρου.

370 4401 533 4474 Ἀμπέλια
561 4399 594 4458 ἐν
616 4405 654 4481 τῇ
677 4405 819 4480 περιοχῇ
840 4405 899 4476 τῆς
923 4399 1103 4472 ίΙεονάάος.
1128 4400 1264 4476 ἀμπέλιον
1286 4401 1316 4460 τὰ
1339 4401 1495 4478 λεγόμενον
1519 4404 1564 4459 τοῦ

269 4525 398 4597 Ποταμοῡ
426 4523 529 4600 μοδίων
545 4519 569 4581 α’
582 4520 633 4598 ς”.
657 4521 704 4582 καί
727 4521 766 4593 είς
788 4523 834 4582 σὀν
857 4523 935 4582 αίιτὰν
957 4525 1038 4582 τόπον
1061 4525 1199 4601 χωράριον
1222 4520 1316 4598 μοδίου
1331 4518 1368 4582 α’.
1392 4521 1498 4597 ἀμπέλι
1519 4525 1564 4580 τοῦ

266 4645 410 4726 Βαρβάτου
437 4647 466 4705 τὰ
488 4645 604 4724 πλησίον
628 4640 766 4721 ἀμπελίου
790 4648 837 4704 τοίι
860 4645 1018 4726 Εὑρυπιώτη
1042 4644 1138 4720 μοθίου
1154 4642 1190 4705 α’.
1222 4649 1268 4704 τοῦ
1291 4644 1369 4724 ἀγίου
1391 4645 1507 4728 Χελίου,
1536 4648 1567 4706 τὰ
