3240 5286
249 322 315 388 302

252 518 392 593 εύσέβειαν
425 516 556 594 βούληται
579 517 792 593 ὑπομιμνήσκειν
815 518 882 598 πρός
904 517 934 577 τ“ο
956 516 1095 578 τελεῖσθαι
1116 520 1204 578 πάντα
1226 517 1297 578 κατά
1320 518 1368 594 τὴν
1392 518 1463 594 ἐμὴν
1489 517 1550 576 δεῖ·

250 636 335 711 ταξιν.
381 638 476 714 ἐπειδὴ
501 637 532 698 δέ
553 644 602 714 τῆς
629 639 769 714 εὐσεβείας
791 637 878 718 λόγος
899 641 964 714 ἡμῖν
988 642 1018 700 ού
1042 640 1155 720 βραχύς,
1186 639 1231 700 διὰ
1253 638 1392 720 φροντίδος
1415 639 1550 714 ἐποιησά-

251 761 323 836 μεθα
351 760 521 836 ύμνοπόλοιις
552 761 692 836 ἐπιστῆσαι
714 759 752 840 τῷ
782 755 848 840 θείῳ
870 765 916 822 τού
939 761 1170 842 Πανοικτίρμονος
1192 761 1263 840 ναῷ,
1294 760 1342 820 καί
1369 761 1496 837 ἔμελλον
1521 761 1552 820 ἐκ
1596 747 1597 750 ¹

250 888 303 942 τῶν
325 888 465 959 κοσμικῶν
489 883 582 965 ἱερέων
605 883 822 964 καταπληρῶοαι
846 881 885 956 εἰς
906 885 984 944 τοῦτο
1008 881 1173 961 δοξολογίας
1195 886 1278 955 τινας.
1309 883 1435 944 ἀλλ’ἵνα
1457 882 1490 942 ἐν
1513 882 1550 960 τῷ

250 1005 362 1084 τοιούτῳ
384 1004 595 1085 πτωχοτροφείῳ
618 1003 665 1064 καί
688 1003 713 1064 οἱ
735 1005 784 1080 τὴν
800 1005 953 1084 μοναχικὴν
968 1004 1108 1065 πολιτείαν
1124 1006 1325 1088 ἐπανῃρημένοι
1340 1005 1551 1084 λιμενεύωνται,

250 1126 391 1186 τετύπωκα
413 1127 522 1197 τούτους
545 1121 614 1186 είναι
638 1127 785 1204 μοναχούς,
813 1125 917 1186 κελλία
939 1125 1043 1198 τούτοις
1065 1126 1271 1201 ἀποτεμόμενος
1294 1125 1371 1197 ἐντός
1393 1129 1440 1186 τοῦ
1464 1125 1495 1184 ἐν
1518 1131 1550 1206 τῇ,

250 1247 427 1326 θεοφυλοίκτῳ
451 1247 539 1308 Πόλει
562 1248 676 1326 εύαγούς
698 1251 744 1308 τοῦ
768 1245 913 1328 εἰρημένου
934 1252 1154 1327 πτωχοτροφικοῦ
1177 1245 1262 1326 οἴκου,
1284 1245 1331 1306 καί
1353 1243 1440 1320 παίξας
1459 1249 1550 1316 οούποῖς

250 1367 285 1428 τά
313 1370 380 1450 πρός
410 1370 441 1428 τό
469 1372 516 1446 ζῆν
548 1369 696 1450 ἐπιτήδεια,
728 1369 768 1448 ἐφ’
782 1363 856 1450 ᾧπερ
888 1369 1029 1446 ἐπιμελῶς
1060 1369 1240 1448 ἐπαγρυπνεῖν
1262 1373 1295 1450 τῇ
1318 1374 1367 1444 τῆς
1398 1365 1550 1442 ἐκκλησίας

252 1487 402 1574 δοξολογίᾳ
424 1488 470 1550 καὶ
492 1489 659 1575 λειτουργίᾳ,
687 1489 734 1552 καὶ
756 1491 984 1570 συναγωνίζεσθαι
1005 1489 1043 1569 τῷ
1066 1490 1231 1570 κληρονόμῳ
1254 1509 1306 1565 μου
1329 1487 1368 1562 εἰς
1390 1489 1425 1548 τά
1446 1489 1550 1566 μαγικὰ

251 1609 298 1670 καὶ
321 1612 461 1692 ύπηρετεῖν
484 1616 538 1685 τοῖς
562 1611 689 1688 ἀνήκουσι
712 1618 792 1673 πᾶσιν
815 1610 854 1684 εἰς
877 1614 925 1688 τὴν
948 1617 993 1673 τού
1015 1611 1232 1693 πτωχοτροφείου
1247 1611 1395 1690 ὠφέλειαν,
1416 1609 1465 1670 καί
1481 1611 1548 1670 ύπο·
1597 1613 1598 1682 ί

251 1735 415 1810 μιμνήσκειν
439 1735 526 1814 αἰτόν,
549 1733 594 1794 ίνα
616 1733 830 1815 ἀπαραλείπτως
852 1736 941 1794 πάντα
963 1733 996 1793 τὰ
1018 1733 1163 1814 παρ’ἐμοῦ
1186 1733 1388 1812 διατεταγμένα
1410 1731 1548 1812 γίνωνται.

251 1851 372 1930 καθεξῆς
400 1855 431 1916 δέ
461 1855 629 1933 λεχθήσεται
650 1853 697 1916 καί
721 1857 735 1916 ό
765 1856 877 1935 ἀριθμός
899 1862 953 1916 τῶν
984 1856 1110 1916 τοιούτων
1140 1860 1284 1934 μοναχῶν·
1315 1835 1548 1936 προεχειρισάμην
1597 1849 1598 1852 ’

252 1976 306 2055 γάρ
330 1973 378 2036 καί
400 1975 543 2053 οἰκονόμον
566 1975 613 2038 καί
637 1976 843 2058 ἐκκλησιάρχην
867 1977 909 2037 ἐπ’
923 1979 1022 2058 οἰστοῖς,
1045 1978 1089 2038 ἵνα
1111 1976 1137 2037 οί
1159 1976 1210 2054 μὲν
1231 1977 1299 2058 προς
1313 1977 1359 2036 τόν
1374 1975 1549 2057 κληρονόμον

252 2117 305 2174 μου
328 2098 496 2178 ἀναφέρουσιν
519 2100 635 2179 ἅπαντα,
659 2098 685 2160 οί
707 2098 739 2159 δὲ
762 2097 855 2160 λοιποί
878 2097 996 2178 μοναχοὶ
1010 2099 1084 2180 παρὰ
1099 2103 1145 2160 τοῦ
1160 2097 1304 2175 οἰκονόμου
1320 2096 1549 2178 διακυβερνῶνται

252 2219 299 2280 καί
321 2219 520 2300 ὑπαλείφονται
543 2221 576 2282 τὰ
599 2223 666 2301 πρός
689 2221 797 2302 ἀρετήν.
822 2221 836 2280 δ
860 2222 884 2282 δ’
898 2218 1104 2302 ἐκκλησιαίργης
1125 2223 1181 2292 τοῖς
1203 2225 1236 2303 τῇ
1261 2217 1398 2302 ἐκκλησίᾳ
1418 2220 1547 2294 ἀνήκουσι

251 2341 323 2400 κατὰ
344 2343 375 2401 τό
399 2341 461 2402 δίον
484 2342 622 2404 ἐπιστατεῖ
643 2341 681 2421 τῷ
703 2343 869 2423 κληρονόμῳ
893 2363 944 2419 μου
966 2348 1055 2403 πᾶσαν
1079 2341 1148 2402 αἰδῶ
1170 2341 1217 2402 καί
1240 2341 1379 2420 ὑποταγὴν
1401 2339 1448 2402 καὶ
1468 2340 1547 2416 τιμὴν

251 2460 299 2521 καὶ
321 2463 405 2522 πειθῶ
429 2463 573 2540 ἀπονέμων
582 2463 620 2540 1)·
651 2465 752 2536 πάντες
774 2463 806 2524 δὲ
829 2465 896 2540 όμού
918 2463 943 2524 οἱ
966 2462 1083 2542 μοναχοί
1106 2462 1144 2542 τῷ
1166 2463 1333 2544 κληρονόμῳ
1356 2485 1418 2544 μου,
1449 2465 1480 2536 δς
1502 2461 1547 2522 καὶ

251 2585 443 2664 πτωχοπρόφος
465 2584 569 2664 όφειλει
591 2585 745 2666 καλεῖσθαι,
769 2587 979 2662 ὑποτασσόμενοι
1002 2583 1049 2646 καί
1072 2585 1226 2658 ὑπείκοντες
1250 2586 1367 2666 ἔσονται,
1398 2587 1436 2658 ὡς
1460 2585 1547 2665 έφόρῳ

251 2703 299 2764 καί
322 2704 443 2788 διοικητῇ
466 2703 512 2766 καί
535 2705 618 2786 κυρίῳ
639 2712 686 2768 τοῦ
708 2707 859 2783 σεβασμίου
881 2701 984 2768 τουτουί
1006 2705 1091 2789 οἴκου,
1114 2711 1161 2768 τοῦ
1182 2727 1213 2766 τε
1236 2689 1320 2790 ἐντῇ
1337 2706 1487 2786 Ῥαιδεστῷ
1502 2703 1547 2766 καί
1598 2664 1599 2732 ί

252 2829 298 2888 τοῖν
321 2825 405 2910 ἐνιῄ
433 2829 517 2890 Πόλει
541 2831 602 2909 (ἕνα
625 2830 655 2890 δὲ
678 2831 740 2903 τούς
761 2831 896 2902 τοιούτους
915 2829 1063 2910 λογίζομαι
1078 2829 1126 2890 καί
1141 2832 1180 2902 ῶς
1194 2829 1256 2910 περὶ
1271 2831 1333 2902 ένδς
1349 2827 1546 2906 διατάττομαι),
1598 2783 1599 2838 ί

254 2947 461 3025 ἀποβλέποντες
482 2953 550 3032 προς
573 2953 652 3012 αἰτόν
675 2953 713 3023 ῶς
737 2951 777 3024 εἰς
800 2951 888 3032 ἀρχὴν
913 2951 1018 3029 ἐπιεικῆ
1042 2951 1089 3012 καὶ
1111 2952 1248 3032 φιλόθεον.
1288 2951 1382 3026 ἐπειδὴ
1406 2950 1438 3010 δέ
1460 2952 1489 3010 ἐν
1510 2949 1547 3026 τῷ

252 3076 299 3148 τῆς
319 3073 436 3146 Πόλεως
459 3071 526 3154 οῖκιρ
548 3072 595 3134 καί
618 3073 757 3153 μοναχούς
780 3056 918 3151 εύλαβεῖς,
942 3075 980 3147 ὡς
1004 3073 1117 3155 εἴρηται,
1141 3075 1339 3155 ἐγκατέστησα,
1362 3073 1410 3134 καὶ
1432 3073 1488 3152 θεῷ
1502 3071 1546 3132 καὶ

252 3191 315 3268 ἐμοὶ
344 3194 416 3254 κατὰ
442 3195 491 3270 τὴν
522 3195 676 3274 ἀγγελικὴν
706 3195 847 3256 πολιτείαν
877 3193 1052 3278 ἀρέσκοντας,
1082 3201 1165 3277 τυπῶ,
1195 3197 1239 3256 ἵνα
1260 3199 1291 3257 τό
1314 3197 1365 3273 μὲν
1395 3197 1546 3272 ἀνομοιοῖ

251 3315 469 3395 πτωχοτροφείου
492 3313 661 3396 ἐξῃρημένον
685 3317 738 3399 ἔχῃ
761 3320 775 3377 ό
799 3313 875 3390 οίιοος
897 3325 947 3394 τῆς
967 3319 1132 3397 Ῥαιδεστού,
1155 3319 1319 3398 συνεφέλκον
1342 3316 1383 3392 εἰς
1404 3321 1482 3378 τούτο
1504 3311 1546 3375 καί

253 3437 299 3496 τδν
323 3431 398 3496 οίκον
420 3441 470 3512 τῆς
483 3437 612 3508 Πόλεως·
636 3437 651 3496 ό
675 3435 706 3496 δέ
730 3438 759 3496 ἐν
780 3439 928 3520 πῇΠόλει,
953 3437 1013 3498 ἐπεὶ
1034 3437 1081 3498 καὶ
1105 3446 1234 3518 μοναχῶν
1250 3435 1425 3518 καταγώγιον
1440 3441 1545 3518 γέγονε,

252 3557 378 3618 καλεῖται
410 3559 588 3639 μονασπήριον
617 3563 664 3618 τού
687 3558 911 3640 Πτωχοτροφείου
941 3565 987 3622 τού
1009 3560 1253 3641 Πανοικτίρμονος·
1285 3561 1434 3641 ἀμφότεροι
1464 3561 1495 3621 δὲ
1524 3555 1546 3616 οί

253 3671 322 3740 οἶκοι
346 3679 567 3760 Πτωχοτροφεῖον
598 3681 626 3739 ἓν
653 3687 703 3758 τῆς
727 3681 891 3745 Ῥαιδεοτού.
939 3681 962 3742 εἰ
985 3681 1087 3754 δ’ἰσως
1119 3683 1253 3762 ἐπιλείψει
1282 3683 1353 3744 κατὰ
1383 3683 1476 3764 σειρὰν
1497 3686 1545 3740 τῶν

252 3802 439 3875 κατιόντωνὴ
471 3803 564 3881 γενεαί,
596 3803 634 3874 ὡς
665 3803 768 3863 ἀνωθεν
798 3802 976 3882 διελοίβομεν,
1006 3805 1104 3864 τότεό
1136 3805 1208 3884 ἔχων
1240 3805 1380 3886 εὑρεθῆναι
1408 3803 1545 3880 οἰκονόμος

254 3923 363 3983 αύτόθεν
388 3921 427 3996 εἰς
449 3923 496 3982 τόν
517 3929 567 3999 της
589 3924 771 4004 ηγουμενείας
794 3925 992 4003 ἀναβιβάζηται
1015 3926 1121 4001 βαθμδν
1143 3925 1190 3986 καί
1213 3927 1322 4009 ύπάρχη
1344 3927 1498 4005 ἡγούμενος
1519 3924 1543 3984 ἐν

199 4037 201 4042 ’
254 4041 414 4125 αῐιτεξσυσίῳ
438 4044 647 4126 πτωχοπροφείῳ
670 4044 717 4106 καί
740 4047 911 4128 μοναστηρίῳ
934 4048 1019 4126 τούτῳ
1041 4051 1087 4108 τοῦ
1107 4046 1347 4127 Πανοικτίρμονος,
1370 4049 1424 4108 ἀπό
1447 4047 1479 4109 δέ
1498 4051 1544 4108 τῶν

254 4167 287 4226 ἐκ
309 4165 429 4245 πλαγίου
452 4175 592 4247 συγγενῶν
614 4189 666 4244 μου
681 4170 696 4227 ό
712 4169 795 4251 ἀρετ-ᾖ
812 4170 976 4245 διαλοίμπων
991 4169 1038 4230 καὶ
1053 4169 1293 4250 προβαθμιιύτερος
1308 4169 1355 4230 καί
1370 4169 1422 4249 βίῳ
1438 4173 1544 4252 σώφρονι

252 4287 300 4348 καί
324 4287 363 4361 εἰς
393 4295 492 4368 γνῶσιν
522 4292 759 4371 προενηνεγμένος
782 4290 943 4369 διαδέχηται
966 4291 1014 4366 τὴν
1038 4291 1162 4371 ἐφορείαν
1184 4290 1231 4352 καὶ
1253 4291 1390 4373 συνδιοικῇ
1414 4292 1483 4368 μετὰ
1505 4263 1546 4350 τού

253 4411 407 4490 ἡγουμένου
422 4409 538 4472 καὶτῶν
554 4418 685 4490 μοναχῶν
701 4409 789 4474 πάντα
804 4411 838 4471 τά
853 4413 955 4491 ψυχικόι
971 4411 1117 4492 ἀνενδεῶς,
1138 4411 1225 4488 μηδὲν
1240 4414 1430 4492 νοοφιζόμπνος
1447 4415 1543 4474 ἐκεῖθεν

359 4670 379 4736 ¹)
398 4667 556 4740 ἀπονέμοντες
575 4671 602 4722 S.
