3208 5310
1303 381 1345 446 23

53 579 120 655 ἁγίου
133 579 285 638 Βοσιλείου
308 576 354 637 καί
379 577 480 658 γυρίζει
503 578 556 637 ἀπὸ
578 579 623 636 τὀν
647 577 748 656 δρόμον
773 578 854 657 μέχρι
875 581 923 635 τοῦ
946 575 1050 649 βουνίου
1071 581 1125 634 τιῖιν
1142 572 1267 647 Ὀξόλων
1291 572 1345 635 ἀπὸ

53 703 93 773 ἁην
119 701 241 780 κορυφὴν
272 705 319 760 τοῦ
349 701 428 760 αυτοῦ
458 701 553 774 βουνοῦ
575 698 622 758 καὶ
644 701 810 778 κατέρχεται
832 701 847 756 ό
868 699 1044 778 περιορισμος
1067 697 1149 774 μέχρι
1171 702 1220 771 τῆς
1242 697 1345 776 πέτρας

54 822 93 880 καὶ
119 822 257 897 ἁποόήδει
280 823 295 880 ό
317 827 435 892 τοιοῦτος
457 822 630 900 περιορισμος
651 821 712 879 κατ’
725 819 836 895 ἰσότητα
859 821 941 898 μέχρι
962 817 1100 897 χωραρίου
1122 821 1168 876 τοῦ
1190 818 1345 895 λεγομένου

56 951 94 1018 τίς
115 946 188 1024 Ἃρπ
230 951 261 1020 ’,ς
293 942 340 1002 καί
368 943 531 1023 περιγυρίζει
560 943 609 1016 τὴν
636 943 717 1022 συρόιν
739 947 785 1002 τοῦ
809 941 984 1018 μεσοβουνίου
1006 939 1090 1018 ἤγουν
1113 943 1159 998 τοῦ
1181 939 1344 999 ἁνατολικοό

57 1068 143 1143 μέρους
166 1063 215 1126 καὶ
237 1064 313 1136 αὖθις
335 1065 501 1144 κατέρχεται
521 1061 569 1122 καὶ
598 1064 672 1140 μίγει
695 1062 735 1134 είς
756 1063 807 1138 την
821 1063 1046 1143 προδηλιυθεῖσαν
1067 1060 1201 1140 βλιχὰδα,
1233 1060 1282 1120 όσσι
1297 1059 1343 1118 καί

57 1181 92 1245 εἰτ’
114 1187 188 1245 ἐστι·
211 1187 244 1246 τὰ
276 1185 354 1246 ἔνδον
380 1189 427 1244 τοῦ
448 1185 567 1244 τοιούτου
589 1189 762 1264 περιορισμσῦ
789 1183 890 1260 ὁμοίως
913 1183 942 1244 ἐν
964 1182 1003 1261 τῷ
1025 1181 1086 1261 περὶ
1108 1185 1154 1241 τοῦ
1177 1183 1291 1260 Ἀθήρου
1313 1183 1343 1241 τό

59 1309 202 1384 λεγόμενον
223 1313 277 1366 τῶν
293 1309 403 1386 Βρυτιῖνν
425 1311 472 1366 τοῦ
493 1307 629 1384 πηγαδίου
653 1307 755 1382 μοόίων
772 1305 808 1382 β’.
834 1306 925 1386 ἕτερον
947 1311 997 1380 τῆς
1021 1303 1157 1378 Ποδίσσης
1171 1307 1217 1362 τοῦ
1233 1304 1343 1380 λαγκα-

60 1428 115 1500 ἐητν
138 1429 238 1504 μοδίων
263 1429 299 1504 β’.
329 1431 421 1508 ἕτερον
446 1426 485 1500 εἰς
506 1429 537 1487 τό
560 1429 617 1487 ἅνω
640 1431 723 1508 μέρος
745 1433 791 1487 τοῦ
813 1425 977 1505 λαγκαδήου
998 1427 1030 1484 τό
1054 1426 1159 1484 ἐκεῖθεν
1186 1431 1239 1484 τῶν
1263 1423 1343 1499 οἰκη-

61 1555 141 1624 μάτων
165 1551 258 1628 μοόίου
282 1550 318 1612 α’.
343 1553 436 1630 ἕτερον
458 1553 595 1629 χωρὰριον
622 1553 672 1626 τῆς
695 1549 776 1626 ἁγίας
800 1547 981 1618 Ἀναστασίσις
1002 1548 1032 1606 το
1055 1548 1197 1622 λοίκκωμα
1217 1548 1248 1605 τό
1270 1547 1343 1622 πλη-

62 1673 107 1732 τίον
129 1673 264 1753 χιοροαρίου
287 1677 334 1732 τοῦ
358 1671 512 1750 Ἀθηναίου,
543 1671 635 1743 καθὼς
661 1673 825 1750 κατέρχεται
854 1670 982 1744 ἠλυίίέοι
1014 1669 1095 1748 με’χρι
1126 1672 1275 1748 χωρασμοό
1297 1671 1343 1728 τοῦ

62 1797 134 1874 Βόρου
155 1797 185 1856 τό
207 1796 406 1874 ἐπιλεγόμενον
429 1797 475 1854 τοῦ
491 1793 633 1872 Λεθρηνου
654 1789 702 1852 καί
725 1793 836 1871 ἔρχεται
859 1793 1008 1859 ἁποιοῦτος
1023 1791 1198 1869 περιορισμος
1212 1787 1260 1848 καὶ
1275 1789 1342 1849 ἀπο·

61 1915 125 1989 όηόει
147 1919 227 1996 μέχρι
249 1921 295 1977 τοΰ
319 1917 399 1976 αὐτοῦ
420 1915 558 1994 χωραρίου
580 1919 626 1973 τοῦ
651 1913 790 1989 Ἀθηναίου
812 1915 843 1972 τό
867 1912 1063 1990 ἐπιλεγόμενον
1086 1916 1136 1986 τῆς
1159 1911 1240 1988 ἁγίας
1260 1911 1342 1970 Ἀνα-

63 2039 171 2111 πτοίας·
193 2041 277 2099 τσὰτὰ
299 2036 348 2098 εἰσι
371 2037 405 2098 τὰ
426 2039 554 2115 χωρόρια
575 2036 609 2094 τὰ
633 2035 709 2094 ἔνδον
725 2039 771 2094 τοῦ
786 2035 902 2094 τοιούτου
924 2037 1095 2114 περιορισμοῦ
1118 2037 1168 2107 τῆς
1189 2033 1343 2111 ἁγιωτάτης

63 2160 108 2218 ἐπα
144 2167 193 2236 ,ι’,ς
221 2165 268 2220 τοῦ
290 2159 503 2238 Ἀγηλεβουρέα
524 2155 571 2218 καί
594 2157 706 2234 λέγεται
736 2156 770 2214 τὰ
791 2159 918 2236 χωραίρια
940 2156 1100 2230 καλούμενα
1124 2201 1130 2214 .
1150 2203 1156 2214 .
1175 2201 1197 2232 .,
1221 2156 1273 2214 όσα
1295 2152 1342 2214 καί

62 2275 96 2339 οἷό
117 2283 178 2360 ἐστι,
200 2283 245 2342 σὺν
268 2286 314 2341 τοῦ
338 2277 440 2352 ἔξωθεν
462 2279 600 2358 χιυρσιρίσυ
622 2283 669 2338 τοῦ
691 2278 865 2353 καλουμένου
889 2277 1033 2357 Ἀγριλλα.
1063 2277 1143 2355 ἕτερα
1165 2280 1218 2334 τῶν
1241 2276 1342 2351 Δαμα-

61 2404 127 2478 τρίιιν
146 2405 175 2464 τό
197 2404 396 2482 ἐπιλεγόμενον
418 2407 468 2478 τῆς
487 2403 596 2479 Δάφνης
618 2401 649 2460 τ“ο
671 2399 786 2475 πλησίον
801 2401 939 2478 χωραρίου
961 2403 1007 2459 τοῦ
1023 2397 1185 2458 Μανδακίου
1204 2396 1251 2456 καὶ
1264 2399 1342 2474 πλη-

63 2523 106 2582 σίον
131 2526 266 2604 χωραρίου
296 2527 342 2582 τοῦ
365 2523 452 2602 Βόρου
481 2523 512 2582 τό
534 2522 683 2593 Χαλικέως
714 2522 783 2596 μετὰ
810 2522 909 2592 παντός
931 2525 978 2581 τοῦ
999 2525 1172 2601 περιορισμοό
1195 2523 1274 2580 αὐτοῦ
1297 2519 1342 2578 σὺν

63 2651 104 2702 τιῖιν
130 2646 266 2706 όυσκόλιον
298 2644 400 2720 μοόίων
424 2643 458 2704 δ’.
492 2645 584 2723 ἕτερον
616 2641 655 2714 εἰς
684 2645 734 2717 τὴν
757 2643 838 2717 αὐτὴν
861 2643 1018 2702 τοποθεσίαν
1040 2643 1071 2702 τό
1093 2642 1247 2720 λεγόμενον
1269 2641 1343 2720 παρὰ

63 2763 105 2838 3ηέ
124 2765 194 2850 (sie)
216 2773 267 2842 τῆς
290 2767 473 2846 διερχομένης
496 2765 559 2824 όδοῦ
581 2763 628 2824 καί
650 2764 766 2839 πλησίον
786 2770 836 2840 τῆς
859 2766 975 2844 στράτας
995 2762 1094 2838 μοδίιυν
1110 2762 1148 2840 γ’.
1172 2765 1264 2842 ἕτερον
1279 2783 1341 2840 χω-

14 2919 15 2976 γ
61 2891 139 2966 Ιοιίριον
157 2895 209 2948 τῶν
225 2889 364 2968 Μάνδρων
386 2888 471 2966 ἤγουν
493 2891 539 2946 τοῦ
561 2892 616 2946 τῶν
631 2885 797 2945 Οἰκαπέδιυν
820 2886 854 2945 τὰ
877 2887 980 2945 ἁνιοθεν
1001 2890 1051 2960 της
1073 2887 1198 2962 στρσίτας,
1222 2885 1273 2944 ὅσα
1295 2881 1342 2943 καί

62 3002 94 3067 εἶτ’
117 3009 173 3086 ἐστι,
195 3011 241 3070 σὐν
263 3015 317 3069 τῶν
341 3009 442 3088 ἀγρῶν.
467 3011 560 3088 ἕτερον
582 3010 720 3088 χιυρὰριον
743 3013 792 3083 τῆς
808 3007 890 3085 ἁγίας
906 3005 1087 3078 Ἀναστασίας
1101 3007 1132 3066 τό
1146 3005 1262 3080 πλησίον
1277 3025 1341 3082 χω-

63 3129 139 3204 ρτρίου
159 3137 202 3192 τοῦ
217 3129 391 3192 Ξενόιιουλου
413 3131 459 3190 σίιν
483 3137 536 3190 τῶν
560 3126 662 3210 ἀγρῶν,
690 3131 741 3188 ὅσα
764 3128 810 3188 καί
834 3123 877 3188 οἷὰ
894 3130 973 3187 ἐστιν.
997 3131 1137 3208 χωροὶιριον
1159 3133 1209 3202 τῆς
1224 3125 1340 3198 Κέλλας

63 3252 85 3308 τό
105 3251 208 3328 πλησίον
229 3253 369 3334 χωραρίου
391 3256 438 3313 τοῦ
457 3253 554 3312 Λουκὰ
576 3252 670 3328 μοδίου
694 3250 730 3310 α’.
756 3249 795 3322 είς
818 3250 866 3325 τὴν
889 3251 1020 3330 περιοχὴν
1042 3255 1096 3308 τῶν
1112 3250 1173 3308 Κοκ
1196 3294 1253 3308 ...
1276 3269 1340 3326 χω-

65 3377 141 3450 ρπριον
161 3376 189 3434 τό
211 3374 365 3453 λεγόμενον
387 3380 438 3448 τῆς
453 3375 569 3454 Κορέας
583 3375 614 3432 τό
629 3373 746 3449 πλησίον
760 3377 806 3432 τοῦ
821 3372 898 3450 ἁγίου
915 3345 1100 3447 Αίμμίλιανοϋ
1114 3369 1161 3429 καί
1175 3375 1225 3446 τῆς
1240 3373 1341 3448 πόρπης

14 3477 15 3516 3
65 3499 101 3552 τοῦ
118 3495 208 3576 πίργου
236 3495 330 3570 μσὰίου
352 3493 404 3569 ς”.
436 3497 574 3576 χωρὰριον
606 3493 659 3552 τῶν
682 3494 918 3554 Κατοιωαννσίδων
940 3494 971 3552 τό
993 3491 1112 3566 πλησίον
1134 3492 1273 3572 χωραρίου
1294 3497 1341 3552 τοῦ

66 3616 213 3696 λίακροπόδη
240 3615 287 3677 καὶ
314 3620 362 3678 τοῦ
383 3615 519 3695 πηγαδίου
550 3614 652 3690 μοδίιυν
677 3613 713 3690 β’.
755 3617 840 3696 ’τερον
861 3619 911 3690 τῆς
935 3613 1053 3685 Πλάκας
1076 3612 1172 3688 μοδίου
1194 3611 1244 3687 ς”.
1276 3635 1340 3692 χιο-

68 3733 138 3811 τίοιεν
158 3743 202 3800 τοῦ
219 3739 400 3819 Λινοβροχίου
421 3741 452 3798 τέ
476 3741 653 3819 μεριζόμενον
675 3739 750 3818 παρὰ
768 3743 819 3814 τῆς
834 3738 898 3797 όδοϋ
915 3737 1016 3812 μοδίων
1033 3737 1067 3812 β’.
1094 3739 1185 3817 ἕτερον
1200 3742 1247 3797 τοῦ
1263 3737 1341 3816 ἁγίου

68 3858 171 3920 ’ίιιίννου
191 3861 222 3920 τό
246 3861 302 3920 ἐδῶ
324 3860 453 3920 κάκεῖθεν
475 3867 525 3935 τῆς
548 3861 649 3940 βρόσης
673 3859 768 3935 μοδίου
790 3858 842 3934 ς”.
873 3861 1013 3938 χωρὰριον
1036 3865 1085 3933 της
1109 3858 1273 3938 Λαμμυρίας
1295 3863 1341 3919 τοῦ

68 3979 196 4055 Κομμινίσυ
220 3981 317 4058 μοδίου
341 3981 377 4042 α’.
409 3987 456 4042 τοῦ
477 3975 603 4044 Ῥικλίσυ
626 3983 656 4041 τ“ο
679 3981 852 4057 καλούμενον
875 3983 921 4040 τοῦ
943 3981 1062 4055 Κάμπου
1085 3981 1115 4039 το
1137 3975 1255 4056 πλησίον
1278 4001 1340 4058 χιι)-

68 4101 137 4179 ραρίου
158 4109 201 4164 τοῦ
218 4103 239 4162 Γ
241 4103 394 4174 τυλολέιυν,
417 4105 510 4175 καθώς
533 4104 588 4163 ἐστι
612 4103 892 4184 ίδισπεριωρισμένων,
918 4101 1019 4177 μοδίων
1036 4101 1068 4160 ε’.
1094 4105 1175 4183 ἕτερα
1196 4105 1243 4162 τοῦ
1259 4103 1339 4181 Φρυ-

67 4232 125 4306 γονέι1
151 4227 242 4298 καθὼς
270 4226 420 4305 ἀπέρχεται
448 4225 502 4285 ἀπό
531 4227 562 4284 το
590 4225 721 4304 λαγκὰδη
746 4225 799 4283 ἁπο
821 4229 867 4284 τοῦ
891 4223 1052 4284 λίανδακίου
1074 4228 1121 4284 τοῦ
1144 4271 1150 4282 .
1170 4270 1201 4284 ..
1226 4225 1271 4282 ουν
1294 4229 1341 4284 τοῦ

69 4341 145 4405 ιἰνιιόεν
164 4354 212 4423 τῆς
235 4348 310 4426 ὁδοῦ,
334 4349 385 4407 όσα
407 4345 455 4406 καὶ
478 4341 522 4406 οἷὰ
547 4347 613 4407 ἐστι.
640 4349 732 4426 ἕτερον
755 4351 801 4406 τοῦ
825 4343 903 4424 ἁγίου
919 4346 1060 4406 Νικολάου
1074 4349 1121 4406 τοῦ
1137 4347 1288 4426 Ἀναρόρου
1310 4349 1341 4406 τό

68 4467 153 4544 πλησίον
172 4475 220 4532 τοῦ
243 4469 389 4549 Βορβόρου
417 4471 471 4540 ἕως
492 4475 539 4528 τοῦ
561 4471 626 4527 νασῠ
649 4471 695 4526 τοῦ
714 4466 793 4546 ἁγίου
819 4465 960 4526 Νικολὰου
984 4467 1078 4541 μοδίου
1101 4466 1138 4527 α’.
1163 4468 1255 4546 ἕτερον
1277 4487 1340 4544 χιο-

14 4647 15 4686 3
67 4593 133 4669 ,τόμον
156 4600 207 4654 τῶν
239 4592 412 4652 Παπονὰδιυν
435 4593 465 4650 τό
490 4591 607 4668 πλησίον
629 4591 769 4670 χωραρίου
790 4595 839 4651 τοῦ
861 4589 1012 4662 Φιλοκὰλη
1037 4587 1140 4664 μοδίιυν
1163 4588 1197 4650 ε’.
1219 4593 1265 4648 τοῦ
1288 4591 1338 4648 Βι-

66 4713 180 4796 γλοτορίου
206 4717 238 4776 το
266 4713 440 4790 καλούμενον
464 4717 511 4773 τοῦ
533 4711 622 4773 Σπαίίί
644 4714 774 4790 σύνεγγυς
796 4711 932 4789 λεχιόήου
953 4715 1000 4769 τοῦ
1022 4710 1042 4767 Γ
1044 4710 1181 4790 ρηγσρίου,
1204 4711 1270 4790 ὅπερ
1292 4708 1339 4769 καὶ
