3240 5286
1288 347 1349 412 287

61 540 100 614 είς
131 541 159 602 δὲ
187 543 216 603 τό
244 543 380 626 ἡμέτερον
403 543 441 620 μὴ
473 540 651 616 ἑξουσιαζέτω
674 537 737 629 [τις]
760 549 805 604 τοῦ
829 543 950 624 ἐνεργεῖν
972 566 996 604 τι
1018 547 1036 619 ἡ
1059 545 1154 622 λέγειν
1176 545 1206 604 τδ
1230 543 1354 620 σύνολον,

59 665 99 736 ώς
121 667 150 723 τό
172 663 273 724 δίκαιον
298 662 416 726 ἀπαιτεῖ.
453 664 634 740 διατάσσομαι
656 665 742 725 τοίνυν
766 665 889 744 ἐνταῦθα,
920 668 995 737 όπως
1018 665 1113 745 ἀφίημι
1136 665 1165 724 ἐν
1188 665 1226 744 τῷ
1249 665 1354 744 ῥηθέντι

59 784 117 863 ναῷ
145 790 189 846 τοῦ
218 785 346 866 μεγάλου
368 786 509 846 Νικολάου
540 791 652 846 παππᾶν
682 791 727 846 τοῦ
758 785 878 863 ψάλλειν
905 785 952 846 καί
974 786 1123 868 ἱερουργεῖν
1147 787 1176 846 ἐν
1200 783 1282 865 οῶτῷ,
1316 786 1354 858 ώς

58 907 162 980 ἥθιοται
183 910 239 978 τοῖς
261 908 399 984 ευσεβέσιν
421 910 596 986 χριστιοινοϊς,
620 906 742 982 μάλιστα
762 911 818 979 τοῖς
835 905 920 990 ἀζυξι,
943 909 989 968 τδν
1005 909 1034 968 ἐν
1049 907 1240 988 ίερομονάχοις
1255 909 1353 982 τιμιώ-

58 1047 147 1106 τατον,
168 1029 213 1088 τόν
235 1029 417 1104 πνευματικόν
440 1023 568 1114 [πατέρα]
590 1029 680 1108 κόριον
696 1029 833 1108 Νεόφυτον
855 1028 903 1088 καί
925 1029 973 1106 τὴν
996 1029 1119 1090 συνοδίαν
1144 1029 1234 1110 αυτοῦ,
1256 1029 1302 1088 τόν
1324 1049 1354 1090 τε

59 1150 148 1228 κόριον
163 1126 289 1226 Ἀνθιμον
313 1151 347 1210 ἐκ
366 1155 413 1210 τοῦ
429 1151 599 1222 Μουτίιάδες
621 1149 668 1210 καί
690 1152 734 1210 τόν
751 1149 901 1229 Θεοφάνιον
925 1151 958 1210 ἐκ
972 1155 1018 1210 τοῦ
1034 1153 1152 1232 Μιρήου,
1176 1153 1251 1223 ὅπως
1266 1153 1354 1232 πράτ-

60 1291 151 1344 τοντες
170 1271 248 1331 καλά
270 1273 300 1332 ἐν
322 1279 355 1355 τῇ
379 1271 515 1354 ἐκκλησίᾳ
537 1270 584 1332 καί
607 1273 759 1352 θεαρέστως
781 1272 989 1348 πολιτευόμενοι
1013 1273 1120 1334 ἔσονται
1141 1271 1286 1352 οίκοκθριοι
1308 1269 1355 1332 καί

60 1391 185 1452 δεσπόται
205 1399 256 1470 τῆς
279 1392 407 1474 ῥηθείσης
434 1393 587 1466 ἐκκλησίας
610 1393 679 1468 μετά
701 1395 808 1454 πάντων
832 1388 870 1454 ών
893 1395 952 1472 ἔχει
975 1396 1122 1470 κτημάτων
1144 1399 1260 1470 κινητῶν
1284 1389 1353 1480 [καί]

60 1515 200 1590 ἀκινήτων.
248 1517 286 1576 ἔτι
317 1515 499 1592 διατάσσομαι
529 1513 591 1594 περὶ
617 1515 679 1588 τοὺς
700 1515 899 1596 Βαρλααμίτας
920 1517 982 1588 τοὺς
1010 1516 1155 1596 ἀδελφοὺς,
1178 1517 1223 1576 ἵνα
1247 1517 1355 1595 ἔχουσιν
1408 1521 1411 1532 “

61 1636 182 1716 φροντίδα
203 1635 230 1698 σί
254 1637 283 1696 ἐν
305 1634 344 1712 τῷ
365 1637 482 1716 Λεπενῷ
505 1637 581 1709 ὄντες
601 1629 649 1698 τοῶ
672 1637 856 1716 ἀποδέχεσθαι
880 1638 975 1710 αὐτοὺς
998 1637 1137 1710 ἀσπασίως
1158 1639 1197 1710 ώς
1219 1635 1355 1718 κτίτορες,

60 1757 123 1816 όταν
145 1761 189 1818 τοῦ
211 1762 306 1840 καιροῦ
321 1757 473 1830 καλοῦντος
488 1761 506 1833 ἢ
522 1759 736 1837 κατεπειγούσης
752 1757 886 1838 ἀνάγκης,
909 1761 961 1818 κάν
978 1757 1006 1816 ἐν
1022 1759 1105 1838 θέρει,
1127 1759 1180 1819 κάν
1196 1759 1225 1818 ἐν
1240 1765 1355 1836 χειμῶνι

60 1878 212 1957 παροδικῶς
235 1880 328 1940 ἐκεῖσε
350 1878 395 1940 διά
417 1879 545 1950 δουλείας
568 1879 744 1960 ἀπέρχονται,
768 1878 815 1940 καί
837 1884 917 1956 τιμᾶν
941 1880 1045 1958 αίιτοθς,
1069 1881 1108 1950 ώς
1131 1879 1182 1959 δεῖ,
1205 1878 1252 1940 καί
1274 1879 1356 1959 φιλο-

60 2002 161 2080 φρόνως
191 1999 344 2074 δεξιοῦσθαι
366 1999 413 2062 καί
435 2003 566 2081 παρέχειν
591 2003 680 2074 αὐτοίς
702 2001 825 2081 ἀφθόνως
847 2003 886 2074 ώς
909 2001 1041 2082 ἀδελφοῖς
1062 1999 1108 2062 καί
1131 2002 1181 2062 σὐκ
1202 2003 1242 2073 ώς
1264 2001 1356 2062 ἀλλο-

61 2122 140 2200 τρίοις
167 2124 202 2182 τὰ
230 2123 424 2204 χρειαζόμενα,
455 2125 512 2195 τοῖς
539 2122 590 2199 μὲν
617 2123 769 2204 ἀνθρώποις
795 2123 829 2182 τά
856 2123 1004 2204 ἀναγκαία,
1033 2126 1090 2196 τοῖς
1113 2122 1143 2182 δὲ
1166 2125 1246 2196 ζώοις
1269 2125 1355 2184 αίιτῶν

61 2244 152 2322 κριθὴν
172 2243 219 2304 καί
241 2245 290 2320 τἠν
314 2244 405 2320 ἀλλην
428 2243 585 2304 ἀνάπαυσιν.
629 2243 696 2304 ἀλλ’
710 2245 748 2304 ’έτι
770 2242 818 2305 καί
840 2244 900 2316 τους
915 2230 1122 2326 Ιίθαρλααμίτας
1145 2244 1356 2325 διατασσόμεθα,

60 2364 102 2424 ίνοι
132 2367 170 2442 μὴ
198 2365 389 2445 ἀπανθρώπως
417 2367 485 2446 πρδς
513 2366 574 2438 τους
597 2365 772 2439 Λεπενιώτας
798 2367 943 2446 φερόμενοι
965 2365 1012 2426 καί
1034 2358 1079 2426 οἷα
1101 2367 1224 2448 κτίτορες
1247 2365 1356 2449 ἐπαιρό-

61 2506 136 2560 μενοι
158 2488 206 2548 καί
228 2487 262 2547 τὰ
283 2490 418 2568 προσόντα
442 2487 531 2547 ἐκεῖσε
555 2489 670 2568 τρόφιμα
691 2485 738 2548 καί
759 2489 862 2563 πότιμα
884 2485 1010 2561 αθθαδῶς
1031 2509 1062 2548 τε
1084 2486 1131 2548 καί
1151 2485 1358 2562 ἐξουσιαστικῶς

62 2607 296 2688 ἀναισχυντοῦντες
318 2610 445 2692 ἀμέτρως
467 2611 634 2690 ἀρτιάζοντες
655 2609 702 2670 καί
726 2611 855 2691 ἀπρεπῶς
875 2608 1079 2692 διαφθείρουσιν,
1103 2611 1169 2672 ἀλλ’
1184 2612 1312 2684 ἐπιεικῶς
1327 2631 1357 2671 τε

61 2727 105 2789 καὶ
127 2730 256 2804 είιλαβῶς
277 2731 348 2808 μετὰ
370 2733 459 2808 πάσης
476 2732 681 2809 είισχημοσθνης
695 2729 742 2792 καὶ
758 2731 930 2813 ἱλαρότητος,
954 2729 1078 2814 καθάπερ
1094 2732 1166 2811 φίλοι
1181 2733 1248 2812 πρός
1264 2733 1358 2812 φίλους

63 2849 105 2910 καί
126 2853 195 2933 πρός
219 2851 354 2932 ἀδελφοὺς
378 2847 500 2932 ἀδελφοί.
548 2853 587 2912 ἐτι
610 2852 789 2930 διατάσσομαι
809 2856 865 2924 τοῖς
888 2855 1083 2932 Λεπενιώταις,
1114 2853 1166 2934 σοί,
1188 2853 1234 2947 τῷ·
1251 2854 1357 2934 ῥηθέντι

63 2970 234 3053 ἰερομονόχῳ
257 2973 340 3054 κυρίῳ
362 2973 503 3055 Νεοφθτῳ,
535 2975 573 3052 τῷ
594 2976 768 3054 πνευματικῷ
793 2971 905 3060 [πατρί],
934 2975 981 3034 καὶ
1004 2982 1037 3058 τῇ
1059 2975 1169 3056 συνοδίᾳ
1190 2982 1223 3058 τῇ
1247 2981 1290 3058 σῇ,
1313 2975 1358 3035 ἵνα

63 3091 174 3174 διάγητε
196 3095 226 3155 ἐν
249 3093 344 3176 εἰρήνη
366 3094 412 3156 καί
439 3096 573 3179 εὐλαβείᾳ
595 3095 642 3156 καί
665 3095 759 3180 ἀγάπη
783 3096 950 3176 ἀνυποκρίτῳ
973 3097 1059 3178 χωρίς
1081 3117 1153 3168 τινος
1175 3097 1287 3172 μήνιδος
1310 3096 1357 3157 καί

64 3217 252 3293 μνησικακίας,
277 3218 366 3297 ἔριδός
387 3239 417 3279 τε
439 3216 486 3278 καί
508 3217 691 3298 φιλονεικείας
713 3217 760 3278 καί
782 3219 883 3289 παντός
905 3219 999 3294 μίσους
1021 3216 1068 3278 καί
1086 3219 1186 3300 ἔχθρας
1202 3216 1248 3278 καί
1265 3217 1358 3293 ἀλλης

63 3336 167 3400 οίασοῦν
188 3339 299 3418 κακίας,
322 3339 485 3400 σκανδάλων
507 3339 555 3400 καί
577 3346 753 3421 γογγυσμῶν,
776 3343 815 3411 ώς
837 3343 883 3400 τοῦ
899 3341 1014 3422 Χριστοῦ
1034 3337 1153 3417 μαθηταὶ
1167 3340 1296 3412 θέλοντες
1310 3337 1358 3400 καὶ

65 3454 129 3521 εἶναι
151 3459 199 3521 καί
221 3460 366 3539 λέγεσθαι·
396 3461 443 3522 καί
465 3461 519 3542 γάρ
543 3461 649 3534 ἐκεῖνος
671 3463 740 3522 οίιτω
762 3459 840 3541 φησίν
864 3463 970 3533 ἐντοῖς
994 3461 1181 3541 εθαγγελίοις·
1206 3461 1257 3541 „ev
1272 3462 1361 3541 τούτῳ

64 3583 213 3658 γνώσονται
234 3583 343 3662 πάντες,
367 3584 407 3642 ὅτι
431 3580 492 3659 ἐμοὶ
515 3584 634 3660 μαθηταί
657 3584 728 3664 ἐστε,
752 3584 800 3644 ἑάν
823 3585 949 3664 ἀγαπᾶτε
969 3584 1144 3660 ἀλλήλουςίθ.
1175 3582 1222 3644 καὶ
1236 3585 1251 3643 ό
1265 3585 1358 3646 τοίιτου

65 3706 172 3779 γνήσιος
187 3705 321 3784 μαθητάς,
335 3705 465 3781 Ἰωάννης
480 3706 495 3764 ό
511 3704 654 3785 θεολόγος,
673 3707 708 3787 ,,ό
724 3707 817 3786 θεόςίί,
834 3706 938 3788 λέγων,
955 3707 1070 3787 ,ἀγάπη
1084 3706 1165 3786 ἐστίν,
1181 3704 1228 3766 καί
1240 3706 1255 3766 δ
1268 3708 1358 3782 μένων

66 3821 146 3907 έντῄ
170 3824 275 3907 ἀγάπη,
299 3825 328 3885 ἐν
350 3825 389 3907 τῷ
411 3824 466 3907 θεῷ
490 3829 566 3902 μένει
587 3826 635 3888 καί
657 3829 671 3888 ὁ
694 3830 757 3902 θεδς
778 3829 807 3888 ἐν
824 3827 917 3910 ου’ντῷἱι
940 3829 973 3889 τὰ
990 3825 1057 3889 αθτά
1071 3826 1119 3888 καί
1135 3829 1241 3909 συνῳδὰ
1256 3830 1358 3900 τοθτοις

66 3943 108 4005 καί
133 3947 152 4021 ἡ
176 3948 367 4027 οθρανομήκης
390 3950 474 4028 ψυχή,
504 3951 534 4009 τδ
557 3954 653 4022 σκεῦος
675 3957 725 4026 τῆς
748 3951 881 4032 ἐκλογῆς,
912 3952 926 4010 ό
950 3952 1076 4040 μεγάλος
1100 3951 1212 4023 Ποῶλος
1235 3953 1356 4028 φάσκων·

66 4067 131 4143 ,ἐὰν
154 4069 214 4140 ταῖς
236 4065 376 4146 γλώσσαις
398 4069 451 4130 τῶν
475 4069 623 4150 ἀνθρώπων
646 4071 729 4131 λαλῶ
752 4069 799 4131 καὶ
817 4077 871 4132 τῶν
887 4071 1027 4151 ἀγγέλων,
1050 4070 1098 4132 καὶ
1114 4071 1162 4132 ἐάν
1178 4072 1236 4150 έχω
1251 4091 1358 4151 προφη-

65 4189 135 4249 τείαν
162 4189 210 4250 καί
236 4196 324 4251 πᾶσαν
351 4193 400 4268 τἠν
430 4199 531 4271 γνῶσιν
558 4192 604 4254 καί
632 4193 682 4254 ίδω
708 4194 742 4254 τά
764 4198 899 4276 μυστήρια
919 4195 1018 4273 πάντα,
1048 4193 1095 4254 καὶ
1118 4193 1167 4258 ἐὰν
1189 4191 1305 4274 παραδῶ
1327 4195 1358 4252 τό

66 4313 143 4386 σῶμά
165 4333 227 4394 μου,
251 4312 295 4372 ίνα
317 4315 499 4390 καυθήσομαι,
523 4311 633 4393 ἀγάπην
657 4315 689 4376 δὲ
713 4315 751 4392 μὴ
775 4317 843 4396 έχω,
866 4316 970 4395 γέγονα
992 4315 1102 4394 χαλκός
1123 4315 1201 4392 ἠχῶν
1224 4311 1271 4373 καί
1285 4314 1357 4389 κόμ-

68 4431 151 4506 θαλον
181 4429 356 4505 ἀλαλάζονίί.
402 4438 485 4494 ταῦτα
511 4434 558 4496 καί
580 4441 689 4496 τοιαῦτα
712 4436 820 4496 ἐκτῶν
842 4437 957 4497 πολλῶν
980 4435 1064 4515 όλίγα
1087 4435 1227 4512 ἀνέμνησά
1249 4455 1290 4494 σοι
1312 4432 1358 4494 καὶ

67 4557 185 4635 παραινῶ
208 4575 248 4614 σοι
270 4557 319 4632 τὴν
342 4556 452 4634 ἀγαττίην
474 4558 536 4638 περὶ
558 4558 666 4618 πολλοῦ
687 4537 754 4639 θπὲρ
776 4561 867 4632 πάσας
889 4558 938 4630 τὰς
958 4557 1056 4644 ἀρετάς
1072 4555 1153 4638 ἀπρὶξ
1168 4555 1297 4634 κατέχειν
1311 4553 1359 4616 καί

69 4676 117 4760 όλῃ
140 4681 215 4759 ψυχῇ
239 4677 356 4738 ἀστάσαι
379 4677 449 4752 μετὰ
471 4677 518 4738 καὶ
540 4681 643 4750 πάντας
665 4679 727 4750 τοὺς
749 4680 799 4738 ίατό
815 4700 855 4760 σε,
878 4678 925 4740 καί
948 4681 1033 4752 οὓτως
1052 4680 1090 4750 ώς
1107 4679 1233 4759 ἐνάρετον
1248 4675 1295 4738 καί
1312 4679 1357 4736 είι-
