<?xml version="1.0" encoding="UTF-8"?>
<!DOCTYPE html PUBLIC "-//W3C//DTD XHTML 1.0 Transitional//EN"
    "http://www.w3.org/TR/xhtml1/DTD/xhtml1-transitional.dtd">
<html xmlns="http://www.w3.org/1999/xhtml" xml:lang="en" lang="en">
 <head>
  <title>
</title>
<meta http-equiv="Content-Type" content="text/html;charset=utf-8" />
  <meta name='ocr-system' content='tesseract 3.04.00' />
  <meta name='ocr-capabilities' content='ocr_page ocr_carea ocr_par ocr_line ocrx_word'/>
</head>
<body>
  <div class='ocr_page' id='page_1' title='image "./actaetdiplomata00miklgoog_0312.png"; bbox 0 0 3486 5282; ppageno 0'>
   <div class='ocr_carea' id='block_1_1' title="bbox 1272 297 1335 364">
    <p class='ocr_par' dir='ltr' id='par_1_1' title="bbox 1272 297 1335 364">
     <span class='ocr_line' id='line_1_1' title="bbox 1272 297 1335 364; baseline 0 0"><span class='ocrx_word' id='word_1_1' title='bbox 1272 297 1335 364; x_wconf 74' lang='lat'><strong>206</strong></span> 
     </span>
    </p>
   </div>
   <div class='ocr_carea' id='block_1_2' title="bbox 47 489 1335 943">
    <p class='ocr_par' dir='ltr' id='par_1_2' title="bbox 47 489 1335 943">
     <span class='ocr_line' id='line_1_2' title="bbox 52 489 1335 576; baseline -0.002 -20"><span class='ocrx_word' id='word_1_2' title='bbox 52 496 136 568; x_wconf 81' lang='grc' dir='ltr'><strong>σίτοίς</strong></span> <span class='ocrx_word' id='word_1_3' title='bbox 157 497 186 555; x_wconf 78' lang='grc' dir='ltr'><strong>τό</strong></span> <span class='ocrx_word' id='word_1_4' title='bbox 209 489 279 556; x_wconf 83' lang='grc' dir='ltr'><strong>εἰναι</strong></span> <span class='ocrx_word' id='word_1_5' title='bbox 301 492 347 556; x_wconf 90' lang='grc' dir='ltr'><strong>καὶ</strong></span> <span class='ocrx_word' id='word_1_6' title='bbox 369 494 501 574; x_wconf 86' lang='grc' dir='ltr'><strong>λέγεσθαι</strong></span> <span class='ocrx_word' id='word_1_7' title='bbox 532 489 617 576; x_wconf 85' lang='grc' dir='ltr'><strong>αὖθις,</strong></span> <span class='ocrx_word' id='word_1_8' title='bbox 650 496 688 567; x_wconf 85' lang='grc' dir='ltr'><strong>ὡς</strong></span> <span class='ocrx_word' id='word_1_9' title='bbox 717 492 765 554; x_wconf 92' lang='grc' dir='ltr'><strong>καί</strong></span> <span class='ocrx_word' id='word_1_10' title='bbox 791 495 930 574; x_wconf 85' lang='grc' dir='ltr'><strong>πρότερον,</strong></span> <span class='ocrx_word' id='word_1_11' title='bbox 960 493 1009 570; x_wconf 76' lang='grc' dir='ltr'><strong>την</strong></span> <span class='ocrx_word' id='word_1_12' title='bbox 1032 493 1107 575; x_wconf 85' lang='grc' dir='ltr'><strong>ίερὰν</strong></span> <span class='ocrx_word' id='word_1_13' title='bbox 1130 495 1216 571; x_wconf 84' lang='grc' dir='ltr'><strong>μονὴν</strong></span> <span class='ocrx_word' id='word_1_14' title='bbox 1238 495 1335 570; x_wconf 89' lang='grc' dir='ltr'><strong>ταίνιην</strong></span> 
     </span>
     <span class='ocr_line' id='line_1_3' title="bbox 50 615 1334 698; baseline 0.001 -21"><span class='ocrx_word' id='word_1_15' title='bbox 50 617 187 694; x_wconf 74' lang='grc' dir='ltr'><strong>βασιλικὴν</strong></span> <span class='ocrx_word' id='word_1_16' title='bbox 209 616 256 679; x_wconf 88' lang='grc' dir='ltr'><strong>καί</strong></span> <span class='ocrx_word' id='word_1_17' title='bbox 284 619 521 698; x_wconf 78' lang='grc' dir='ltr'><strong>σταυροπηγιακὴν</strong></span> <span class='ocrx_word' id='word_1_18' title='bbox 551 615 597 677; x_wconf 91' lang='grc' dir='ltr'><strong>καί</strong></span> <span class='ocrx_word' id='word_1_19' title='bbox 618 618 705 692; x_wconf 87' lang='grc' dir='ltr'><strong>πάντη</strong></span> <span class='ocrx_word' id='word_1_20' title='bbox 730 617 878 697; x_wconf 79' lang='grc' dir='ltr'><strong>ἐλευθέραν</strong></span> <span class='ocrx_word' id='word_1_21' title='bbox 903 615 951 676; x_wconf 91' lang='grc' dir='ltr'><strong>καί</strong></span> <span class='ocrx_word' id='word_1_22' title='bbox 973 617 1048 695; x_wconf 86' lang='grc' dir='ltr'><strong>ἔχειν</strong></span> <span class='ocrx_word' id='word_1_23' title='bbox 1072 616 1267 697; x_wconf 75' lang='grc' dir='ltr'>ἀναμφιβόλως</span> <span class='ocrx_word' id='word_1_24' title='bbox 1288 615 1334 678; x_wconf 89' lang='grc' dir='ltr'><strong>καί</strong></span> 
     </span>
     <span class='ocr_line' id='line_1_4' title="bbox 50 737 1334 819; baseline -0.001 -20"><span class='ocrx_word' id='word_1_25' title='bbox 50 740 191 812; x_wconf 81' lang='grc' dir='ltr'><strong>ἀκωλότως</strong></span> <span class='ocrx_word' id='word_1_26' title='bbox 212 743 301 800; x_wconf 86' lang='grc' dir='ltr'><strong>πάντα</strong></span> <span class='ocrx_word' id='word_1_27' title='bbox 328 739 362 799; x_wconf 86' lang='grc' dir='ltr'><strong>τά</strong></span> <span class='ocrx_word' id='word_1_28' title='bbox 388 739 521 800; x_wconf 80' lang='grc' dir='ltr'><strong>ἀνέκαθεν</strong></span> <span class='ocrx_word' id='word_1_29' title='bbox 549 739 758 818; x_wconf 86' lang='grc' dir='ltr'><strong>φιλοτιμηθέντα</strong></span> <span class='ocrx_word' id='word_1_30' title='bbox 786 739 852 818; x_wconf 68' lang='grc' dir='ltr'><strong>αἰτῇ</strong></span> <span class='ocrx_word' id='word_1_31' title='bbox 879 743 929 813; x_wconf 74' lang='grc' dir='ltr'><strong>της</strong></span> <span class='ocrx_word' id='word_1_32' title='bbox 951 737 1109 818; x_wconf 78' lang='grc' dir='ltr'>ἐλευθερίας</span> <span class='ocrx_word' id='word_1_33' title='bbox 1131 739 1266 819; x_wconf 86' lang='grc' dir='ltr'><strong>προνόμια</strong></span> <span class='ocrx_word' id='word_1_34' title='bbox 1286 737 1334 800; x_wconf 89' lang='grc' dir='ltr'><strong>καὶ</strong></span> 
     </span>
     <span class='ocr_line' id='line_1_5' title="bbox 47 858 1333 943; baseline 0.002 -23"><span class='ocrx_word' id='word_1_35' title='bbox 47 863 78 920; x_wconf 77' lang='grc' dir='ltr'><strong>τέ</strong></span> <span class='ocrx_word' id='word_1_36' title='bbox 99 861 231 938; x_wconf 87' lang='grc' dir='ltr'><strong>μηδεμίαν</strong></span> <span class='ocrx_word' id='word_1_37' title='bbox 252 860 480 942; x_wconf 81' lang='grc' dir='ltr'><strong>προσλογίζεσθαι</strong></span> <span class='ocrx_word' id='word_1_38' title='bbox 504 863 571 943; x_wconf 76' lang='grc' dir='ltr'><strong>αἰνιῇ</strong></span> <span class='ocrx_word' id='word_1_39' title='bbox 602 861 635 920; x_wconf 88' lang='grc' dir='ltr'><strong>ἐκ</strong></span> <span class='ocrx_word' id='word_1_40' title='bbox 663 865 713 938; x_wconf 79' lang='grc' dir='ltr'><strong>της</strong></span> <span class='ocrx_word' id='word_1_41' title='bbox 741 865 931 940; x_wconf 80' lang='grc' dir='ltr'><strong>περιστατικῆς</strong></span> <span class='ocrx_word' id='word_1_42' title='bbox 959 859 1058 936; x_wconf 76' lang='grc' dir='ltr'><strong>ταότης</strong></span> <span class='ocrx_word' id='word_1_43' title='bbox 1080 858 1176 942; x_wconf 78' lang='grc' dir='ltr'><strong>αἰτίας,</strong></span> <span class='ocrx_word' id='word_1_44' title='bbox 1208 859 1333 937; x_wconf 81' lang='grc' dir='ltr'><strong>δηλονότι</strong></span> 
     </span>
    </p>
   </div>
   <div class='ocr_carea' id='block_1_3' title="bbox 46 980 1333 1064">
    <p class='ocr_par' dir='ltr' id='par_1_3' title="bbox 46 980 1333 1064">
     <span class='ocr_line' id='line_1_6' title="bbox 46 980 1333 1064; baseline 0 -22"><span class='ocrx_word' id='word_1_45' title='bbox 46 989 95 1058; x_wconf 75' lang='grc' dir='ltr'><strong>τῆς</strong></span> <span class='ocrx_word' id='word_1_46' title='bbox 114 989 165 1042; x_wconf 89' lang='grc' dir='ltr'><strong>τῶν</strong></span> <span class='ocrx_word' id='word_1_47' title='bbox 187 987 356 1064; x_wconf 84' lang='grc' dir='ltr'><strong>γραμμάτων</strong></span> <span class='ocrx_word' id='word_1_48' title='bbox 379 981 424 1044; x_wconf 77' lang='grc' dir='ltr'><strong>διὰ</strong></span> <span class='ocrx_word' id='word_1_49' title='bbox 446 987 493 1044; x_wconf 83' lang='grc' dir='ltr'><strong>τοῦ</strong></span> <span class='ocrx_word' id='word_1_50' title='bbox 516 985 599 1064; x_wconf 86' lang='grc' dir='ltr'><strong>πυρδς</strong></span> <span class='ocrx_word' id='word_1_51' title='bbox 629 980 780 1061; x_wconf 78' lang='grc' dir='ltr'><strong>ἀπωλείας,</strong></span> <span class='ocrx_word' id='word_1_52' title='bbox 810 983 900 1060; x_wconf 79' lang='grc' dir='ltr'><strong>θφεσιν</strong></span> <span class='ocrx_word' id='word_1_53' title='bbox 931 980 979 1040; x_wconf 94' lang='grc' dir='ltr'><strong>καί</strong></span> <span class='ocrx_word' id='word_1_54' title='bbox 1009 981 1157 1042; x_wconf 73' lang='grc' dir='ltr'><strong>ἐλάττωσιν</strong></span> <span class='ocrx_word' id='word_1_55' title='bbox 1185 981 1231 1042; x_wconf 90' lang='grc' dir='ltr'><strong>καί</strong></span> <span class='ocrx_word' id='word_1_56' title='bbox 1261 983 1333 1058; x_wconf 73' lang='grc' dir='ltr'><strong>ἐπί,-</strong></span> 
     </span>
    </p>
   </div>
   <div class='ocr_carea' id='block_1_4' title="bbox 43 1097 1335 4593">
    <p class='ocr_par' dir='ltr' id='par_1_4' title="bbox 43 1097 1335 4593">
     <span class='ocr_line' id='line_1_7' title="bbox 47 1097 1334 1184; baseline 0 -20"><span class='ocrx_word' id='word_1_57' title='bbox 47 1125 119 1184; x_wconf 84' lang='grc' dir='ltr'><strong>ρεισν</strong></span> <span class='ocrx_word' id='word_1_58' title='bbox 140 1107 293 1181; x_wconf 78' lang='grc' dir='ltr'><strong>ἡντινανσῠν</strong></span> <span class='ocrx_word' id='word_1_59' title='bbox 324 1103 367 1164; x_wconf 86' lang='grc' dir='ltr'><strong>ἐπὶ</strong></span> <span class='ocrx_word' id='word_1_60' title='bbox 396 1107 453 1177; x_wconf 84' lang='grc' dir='ltr'><strong>τοῖς</strong></span> <span class='ocrx_word' id='word_1_61' title='bbox 484 1097 525 1176; x_wconf 82' lang='grc' dir='ltr'><strong>οἷς</strong></span> <span class='ocrx_word' id='word_1_62' title='bbox 552 1105 744 1178; x_wconf 82' lang='grc' dir='ltr'><strong>πεπλοθτηκεν</strong></span> <span class='ocrx_word' id='word_1_63' title='bbox 774 1104 906 1164; x_wconf 85' lang='grc' dir='ltr'><strong>ἀνέκαθεν</strong></span> <span class='ocrx_word' id='word_1_64' title='bbox 935 1103 1102 1184; x_wconf 84' lang='grc' dir='ltr'><strong>προνομίας.</strong></span> <span class='ocrx_word' id='word_1_65' title='bbox 1147 1105 1214 1184; x_wconf 82' lang='grc' dir='ltr'><strong>ὅπερ</strong></span> <span class='ocrx_word' id='word_1_66' title='bbox 1237 1105 1334 1180; x_wconf 84' lang='grc' dir='ltr'><strong>ἐπιβε-</strong></span> 
     </span>
     <span class='ocr_line' id='line_1_8' title="bbox 47 1225 1334 1308; baseline 0.003 -24"><span class='ocrx_word' id='word_1_67' title='bbox 47 1227 202 1308; x_wconf 80' lang='grc' dir='ltr'><strong>βαιωιηρισν</strong></span> <span class='ocrx_word' id='word_1_68' title='bbox 224 1230 341 1308; x_wconf 88' lang='grc' dir='ltr'><strong>γράμμα</strong></span> <span class='ocrx_word' id='word_1_69' title='bbox 362 1226 593 1306; x_wconf 87' lang='grc' dir='ltr'><strong>προσκομίσαντες</strong></span> <span class='ocrx_word' id='word_1_70' title='bbox 619 1227 653 1286; x_wconf 91' lang='grc' dir='ltr'><strong>τὰ</strong></span> <span class='ocrx_word' id='word_1_71' title='bbox 679 1230 724 1286; x_wconf 84' lang='grc' dir='ltr'><strong>νῦν</strong></span> <span class='ocrx_word' id='word_1_72' title='bbox 750 1231 784 1308; x_wconf 76' lang='grc' dir='ltr'><strong>τῇ</strong></span> <span class='ocrx_word' id='word_1_73' title='bbox 810 1227 889 1301; x_wconf 77' lang='grc' dir='ltr'><strong>ἡμῶν</strong></span> <span class='ocrx_word' id='word_1_74' title='bbox 913 1226 1064 1305; x_wconf 73' lang='grc' dir='ltr'><strong>μετριότητι</strong></span> <span class='ocrx_word' id='word_1_75' title='bbox 1087 1225 1240 1302; x_wconf 80' lang='grc' dir='ltr'><strong>ἐδεήθησαν</strong></span> <span class='ocrx_word' id='word_1_76' title='bbox 1263 1227 1334 1304; x_wconf 84' lang='grc' dir='ltr'><strong>μετὰ</strong></span> 
     </span>
     <span class='ocr_line' id='line_1_9' title="bbox 46 1346 1333 1430; baseline 0.003 -24"><span class='ocrx_word' id='word_1_77' title='bbox 46 1349 148 1427; x_wconf 80' lang='grc' dir='ltr'><strong>θερμῆς</strong></span> <span class='ocrx_word' id='word_1_78' title='bbox 167 1349 372 1428; x_wconf 82' lang='grc' dir='ltr'><strong>παρακλήσεως</strong></span> <span class='ocrx_word' id='word_1_79' title='bbox 396 1348 592 1430; x_wconf 79' lang='grc' dir='ltr'><strong>ἐπικυρωθῆναι</strong></span> <span class='ocrx_word' id='word_1_80' title='bbox 615 1346 662 1408; x_wconf 92' lang='grc' dir='ltr'><strong>καί</strong></span> <span class='ocrx_word' id='word_1_81' title='bbox 685 1347 916 1423; x_wconf 80' lang='grc' dir='ltr'><strong>ἐπιβεβαιωθῆναι</strong></span> <span class='ocrx_word' id='word_1_82' title='bbox 929 1348 979 1421; x_wconf 83' lang='grc' dir='ltr'><strong>τὴν</strong></span> <span class='ocrx_word' id='word_1_83' title='bbox 995 1347 1077 1421; x_wconf 79' lang='grc' dir='ltr'><strong>αὐτὴν</strong></span> <span class='ocrx_word' id='word_1_84' title='bbox 1100 1348 1196 1424; x_wconf 81' lang='grc' dir='ltr'><strong>ταύτην</strong></span> <span class='ocrx_word' id='word_1_85' title='bbox 1220 1369 1333 1430; x_wconf 87' lang='grc' dir='ltr'><strong>σταυρο-</strong></span> 
     </span>
     <span class='ocr_line' id='line_1_10' title="bbox 43 1464 1334 1552; baseline 0.002 -24"><span class='ocrx_word' id='word_1_86' title='bbox 43 1469 178 1548; x_wconf 78' lang='grc' dir='ltr'><strong>πηγιακὴν</strong></span> <span class='ocrx_word' id='word_1_87' title='bbox 200 1472 287 1532; x_wconf 77' lang='grc' dir='ltr'><strong>οὰιτῶν</strong></span> <span class='ocrx_word' id='word_1_88' title='bbox 317 1468 395 1544; x_wconf 79' lang='grc' dir='ltr'><strong>ἀξίαν</strong></span> <span class='ocrx_word' id='word_1_89' title='bbox 422 1469 469 1532; x_wconf 91' lang='grc' dir='ltr'><strong>καί</strong></span> <span class='ocrx_word' id='word_1_90' title='bbox 496 1469 654 1552; x_wconf 81' lang='grc' dir='ltr'><strong>ἐλευθερίαν</strong></span> <span class='ocrx_word' id='word_1_91' title='bbox 683 1468 730 1530; x_wconf 87' lang='grc' dir='ltr'><strong>καί</strong></span> <span class='ocrx_word' id='word_1_92' title='bbox 755 1471 820 1549; x_wconf 84' lang='grc' dir='ltr'><strong>παρ’</strong></span> <span class='ocrx_word' id='word_1_93' title='bbox 837 1470 916 1546; x_wconf 78' lang='grc' dir='ltr'><strong>ἡμῶν</strong></span> <span class='ocrx_word' id='word_1_94' title='bbox 944 1464 1015 1530; x_wconf 82' lang='grc' dir='ltr'><strong>κατὰ</strong></span> <span class='ocrx_word' id='word_1_95' title='bbox 1042 1470 1089 1544; x_wconf 78' lang='grc' dir='ltr'><strong>τὴν</strong></span> <span class='ocrx_word' id='word_1_96' title='bbox 1113 1469 1229 1550; x_wconf 80' lang='grc' dir='ltr'><strong>ἀρχαίαν</strong></span> <span class='ocrx_word' id='word_1_97' title='bbox 1252 1472 1334 1548; x_wconf 77' lang='grc' dir='ltr'><strong>αθιῆς</strong></span> 
     </span>
     <span class='ocr_line' id='line_1_11' title="bbox 46 1589 1334 1671; baseline 0.002 -21"><span class='ocrx_word' id='word_1_98' title='bbox 46 1590 201 1652; x_wconf 79' lang='grc' dir='ltr'><strong>διαπίπωσιν</strong></span> <span class='ocrx_word' id='word_1_99' title='bbox 224 1591 364 1654; x_wconf 81' lang='grc' dir='ltr'><strong>καὶκατὰ</strong></span> <span class='ocrx_word' id='word_1_100' title='bbox 393 1593 427 1654; x_wconf 89' lang='grc' dir='ltr'><strong>τά</strong></span> <span class='ocrx_word' id='word_1_101' title='bbox 457 1594 590 1654; x_wconf 81' lang='grc' dir='ltr'><strong>ἀνέκαθεν</strong></span> <span class='ocrx_word' id='word_1_102' title='bbox 620 1592 830 1671; x_wconf 85' lang='grc' dir='ltr'><strong>φιλοτιμηθέντα</strong></span> <span class='ocrx_word' id='word_1_103' title='bbox 858 1591 992 1671; x_wconf 89' lang='grc' dir='ltr'><strong>πρσνόμια</strong></span> <span class='ocrx_word' id='word_1_104' title='bbox 1022 1589 1066 1652; x_wconf 90' lang='grc' dir='ltr'><strong>διὰ</strong></span> <span class='ocrx_word' id='word_1_105' title='bbox 1092 1590 1243 1664; x_wconf 83' lang='grc' dir='ltr'><strong>παντελοῦς</strong></span> <span class='ocrx_word' id='word_1_106' title='bbox 1266 1591 1334 1652; x_wconf 85' lang='grc' dir='ltr'><strong>ἀσυ-</strong></span> 
     </span>
     <span class='ocr_line' id='line_1_12' title="bbox 44 1711 1334 1794; baseline 0.002 -22"><span class='ocrx_word' id='word_1_107' title='bbox 44 1711 136 1786; x_wconf 82' lang='grc' dir='ltr'><strong>δοσίας</strong></span> <span class='ocrx_word' id='word_1_108' title='bbox 161 1715 346 1791; x_wconf 82' lang='grc' dir='ltr'><strong>ἁνανεωθῆνοιί</strong></span> <span class='ocrx_word' id='word_1_109' title='bbox 373 1735 404 1774; x_wconf 90' lang='grc' dir='ltr'><strong>τε</strong></span> <span class='ocrx_word' id='word_1_110' title='bbox 430 1719 513 1776; x_wconf 80' lang='grc' dir='ltr'><strong>ταῦτα</strong></span> <span class='ocrx_word' id='word_1_111' title='bbox 536 1713 570 1773; x_wconf 90' lang='grc' dir='ltr'><strong>δι’</strong></span> <span class='ocrx_word' id='word_1_112' title='bbox 586 1715 723 1794; x_wconf 83' lang='grc' dir='ltr'><strong>ἡμετέρου</strong></span> <span class='ocrx_word' id='word_1_113' title='bbox 749 1715 945 1793; x_wconf 80' lang='grc' dir='ltr'><strong>πατριαρχικσΰ</strong></span> <span class='ocrx_word' id='word_1_114' title='bbox 972 1713 1112 1774; x_wconf 86' lang='grc' dir='ltr'><strong>συνοδικοϋ</strong></span> <span class='ocrx_word' id='word_1_115' title='bbox 1140 1713 1334 1792; x_wconf 87' lang='grc' dir='ltr'><strong>σιγιλλιῶδους</strong></span> 
     </span>
     <span class='ocr_line' id='line_1_13' title="bbox 44 1830 1334 1915; baseline 0 -19"><span class='ocrx_word' id='word_1_116' title='bbox 44 1837 212 1915; x_wconf 77' lang='grc' dir='ltr'><strong>γράμματος.</strong></span> <span class='ocrx_word' id='word_1_117' title='bbox 250 1830 289 1896; x_wconf 75' lang='grc' dir='ltr'><strong>ιὐν</strong></span> <span class='ocrx_word' id='word_1_118' title='bbox 318 1835 366 1912; x_wconf 80' lang='grc' dir='ltr'><strong>τὴν</strong></span> <span class='ocrx_word' id='word_1_119' title='bbox 398 1837 490 1911; x_wconf 87' lang='grc' dir='ltr'><strong>δέησιν</strong></span> <span class='ocrx_word' id='word_1_120' title='bbox 520 1834 567 1896; x_wconf 90' lang='grc' dir='ltr'><strong>καί</strong></span> <span class='ocrx_word' id='word_1_121' title='bbox 597 1832 706 1908; x_wconf 80' lang='grc' dir='ltr'><strong>ἀξίωσιν</strong></span> <span class='ocrx_word' id='word_1_122' title='bbox 740 1833 857 1912; x_wconf 87' lang='grc' dir='ltr'><strong>εὔλογον</strong></span> <span class='ocrx_word' id='word_1_123' title='bbox 887 1831 968 1894; x_wconf 78' lang='grc' dir='ltr'><strong>οὖσαν</strong></span> <span class='ocrx_word' id='word_1_124' title='bbox 998 1833 1045 1894; x_wconf 85' lang='grc' dir='ltr'><strong>καί</strong></span> <span class='ocrx_word' id='word_1_125' title='bbox 1075 1833 1181 1894; x_wconf 89' lang='grc' dir='ltr'><strong>δικαίαν</strong></span> <span class='ocrx_word' id='word_1_126' title='bbox 1212 1837 1334 1911; x_wconf 75' lang='grc' dir='ltr'><strong>εὐμενῶς</strong></span> 
     </span>
     <span class='ocr_line' id='line_1_14' title="bbox 46 1955 1334 2039; baseline 0 -23"><span class='ocrx_word' id='word_1_127' title='bbox 46 1955 254 2038; x_wconf 75' lang='grc' dir='ltr'><strong>ἀποδεξάμενοι,</strong></span> <span class='ocrx_word' id='word_1_128' title='bbox 278 1959 316 2028; x_wconf 82' lang='grc' dir='ltr'><strong>ὡς</strong></span> <span class='ocrx_word' id='word_1_129' title='bbox 331 1959 415 2039; x_wconf 84' lang='grc' dir='ltr'><strong>χρέος</strong></span> <span class='ocrx_word' id='word_1_130' title='bbox 430 1958 611 2039; x_wconf 81' lang='grc' dir='ltr'><strong>ἀπαραίτητον</strong></span> <span class='ocrx_word' id='word_1_131' title='bbox 635 1958 746 2035; x_wconf 83' lang='grc' dir='ltr'><strong>ἔχοντες</strong></span> <span class='ocrx_word' id='word_1_132' title='bbox 769 1955 1020 2032; x_wconf 84' lang='grc' dir='ltr'><strong>ἀντιλαμβάνεσθαι</strong></span> <span class='ocrx_word' id='word_1_133' title='bbox 1039 1961 1092 2016; x_wconf 89' lang='grc' dir='ltr'><strong>τῶν</strong></span> <span class='ocrx_word' id='word_1_134' title='bbox 1112 1956 1238 2016; x_wconf 82' lang='grc' dir='ltr'><strong>τοιούτων</strong></span> <span class='ocrx_word' id='word_1_135' title='bbox 1253 1955 1334 2038; x_wconf 79' lang='grc' dir='ltr'><strong>ἱερῶν</strong></span> 
     </span>
     <span class='ocr_line' id='line_1_15' title="bbox 45 2075 1332 2160; baseline 0.001 -22"><span class='ocrx_word' id='word_1_136' title='bbox 45 2077 124 2140; x_wconf 84' lang='grc' dir='ltr'><strong>σίκων</strong></span> <span class='ocrx_word' id='word_1_137' title='bbox 152 2077 199 2140; x_wconf 89' lang='grc' dir='ltr'><strong>καί</strong></span> <span class='ocrx_word' id='word_1_138' title='bbox 229 2085 350 2140; x_wconf 76' lang='grc' dir='ltr'><strong>συνιστᾶν</strong></span> <span class='ocrx_word' id='word_1_139' title='bbox 380 2079 414 2140; x_wconf 89' lang='grc' dir='ltr'><strong>τίι</strong></span> <span class='ocrx_word' id='word_1_140' title='bbox 443 2079 547 2158; x_wconf 88' lang='grc' dir='ltr'><strong>ἀρχαῖα</strong></span> <span class='ocrx_word' id='word_1_141' title='bbox 577 2080 664 2138; x_wconf 83' lang='grc' dir='ltr'><strong>αἰτῶν</strong></span> <span class='ocrx_word' id='word_1_142' title='bbox 693 2078 828 2159; x_wconf 84' lang='grc' dir='ltr'><strong>προνόμυκ</strong></span> <span class='ocrx_word' id='word_1_143' title='bbox 857 2075 904 2136; x_wconf 91' lang='grc' dir='ltr'><strong>καὶ</strong></span> <span class='ocrx_word' id='word_1_144' title='bbox 933 2077 982 2152; x_wconf 78' lang='grc' dir='ltr'><strong>τὴν</strong></span> <span class='ocrx_word' id='word_1_145' title='bbox 1009 2076 1141 2136; x_wconf 85' lang='grc' dir='ltr'><strong>ἀνέκαθεν</strong></span> <span class='ocrx_word' id='word_1_146' title='bbox 1164 2077 1332 2160; x_wconf 87' lang='grc' dir='ltr'><strong>ἐλευθερίαν,</strong></span> 
     </span>
     <span class='ocr_line' id='line_1_16' title="bbox 47 2198 1334 2280; baseline 0.003 -22"><span class='ocrx_word' id='word_1_147' title='bbox 47 2199 87 2260; x_wconf 85' lang='grc' dir='ltr'><strong>ἐπί</strong></span> <span class='ocrx_word' id='word_1_148' title='bbox 115 2200 152 2280; x_wconf 81' lang='grc' dir='ltr'><strong>τῷ</strong></span> <span class='ocrx_word' id='word_1_149' title='bbox 182 2203 315 2273; x_wconf 76' lang='grc' dir='ltr'><strong>σώζεσθαι</strong></span> <span class='ocrx_word' id='word_1_150' title='bbox 346 2202 479 2277; x_wconf 78' lang='grc' dir='ltr'><strong>διηνεκῶς</strong></span> <span class='ocrx_word' id='word_1_151' title='bbox 512 2201 704 2280; x_wconf 87' lang='grc' dir='ltr'><strong>ἀνεπηρέαστα</strong></span> <span class='ocrx_word' id='word_1_152' title='bbox 732 2199 779 2260; x_wconf 89' lang='grc' dir='ltr'><strong>καὶ</strong></span> <span class='ocrx_word' id='word_1_153' title='bbox 810 2198 1008 2277; x_wconf 85' lang='grc' dir='ltr'><strong>ἀδιαλῶβητα,</strong></span> <span class='ocrx_word' id='word_1_154' title='bbox 1043 2201 1182 2278; x_wconf 74' lang='grc' dir='ltr'><strong>γράφομεν</strong></span> <span class='ocrx_word' id='word_1_155' title='bbox 1213 2201 1258 2260; x_wconf 85' lang='grc' dir='ltr'><strong>διὰ</strong></span> <span class='ocrx_word' id='word_1_156' title='bbox 1287 2205 1334 2262; x_wconf 82' lang='grc' dir='ltr'><strong>τοῦ</strong></span> 
     </span>
     <span class='ocr_line' id='line_1_17' title="bbox 45 2321 1333 2404; baseline 0.002 -24"><span class='ocrx_word' id='word_1_157' title='bbox 45 2323 171 2402; x_wconf 80' lang='grc' dir='ltr'><strong>παρόντος</strong></span> <span class='ocrx_word' id='word_1_158' title='bbox 193 2322 239 2384; x_wconf 83' lang='grc' dir='ltr'><strong>καὶ</strong></span> <span class='ocrx_word' id='word_1_159' title='bbox 263 2325 466 2402; x_wconf 73' lang='grc' dir='ltr'><strong>ἀποφαινόμεθα</strong></span> <span class='ocrx_word' id='word_1_160' title='bbox 488 2323 634 2395; x_wconf 87' lang='grc' dir='ltr'><strong>συνοδικῶς</strong></span> <span class='ocrx_word' id='word_1_161' title='bbox 657 2323 727 2398; x_wconf 84' lang='grc' dir='ltr'><strong>μετὰ</strong></span> <span class='ocrx_word' id='word_1_162' title='bbox 748 2328 802 2383; x_wconf 87' lang='grc' dir='ltr'><strong>τῶν</strong></span> <span class='ocrx_word' id='word_1_163' title='bbox 826 2321 887 2402; x_wconf 88' lang='grc' dir='ltr'><strong>περί</strong></span> <span class='ocrx_word' id='word_1_164' title='bbox 909 2323 984 2397; x_wconf 82' lang='grc' dir='ltr'><strong>ἡμᾶς</strong></span> <span class='ocrx_word' id='word_1_165' title='bbox 1006 2321 1157 2403; x_wconf 82' lang='grc' dir='ltr'><strong>ἀρχιερέων</strong></span> <span class='ocrx_word' id='word_1_166' title='bbox 1179 2321 1226 2381; x_wconf 82' lang='grc' dir='ltr'><strong>καὶ</strong></span> <span class='ocrx_word' id='word_1_167' title='bbox 1248 2323 1333 2404; x_wconf 86' lang='grc' dir='ltr'><strong>ἁπερ-</strong></span> 
     </span>
     <span class='ocr_line' id='line_1_18' title="bbox 45 2441 1333 2526; baseline 0.003 -26"><span class='ocrx_word' id='word_1_168' title='bbox 45 2444 136 2524; x_wconf 83' lang='grc' dir='ltr'><strong>τίμων,</strong></span> <span class='ocrx_word' id='word_1_169' title='bbox 156 2450 211 2505; x_wconf 89' lang='grc' dir='ltr'><strong>τῶν</strong></span> <span class='ocrx_word' id='word_1_170' title='bbox 234 2445 263 2505; x_wconf 91' lang='grc' dir='ltr'><strong>ἐν</strong></span> <span class='ocrx_word' id='word_1_171' title='bbox 286 2445 356 2526; x_wconf 84' lang='grc' dir='ltr'><strong>ἁγίῳ</strong></span> <span class='ocrx_word' id='word_1_172' title='bbox 378 2447 509 2522; x_wconf 79' lang='grc' dir='ltr'><strong>πνεύματι</strong></span> <span class='ocrx_word' id='word_1_173' title='bbox 532 2445 681 2522; x_wconf 85' lang='grc' dir='ltr'><strong>ἀγαπητῶν</strong></span> <span class='ocrx_word' id='word_1_174' title='bbox 708 2446 787 2520; x_wconf 80' lang='grc' dir='ltr'><strong>ἡμῶν</strong></span> <span class='ocrx_word' id='word_1_175' title='bbox 815 2443 943 2523; x_wconf 79' lang='grc' dir='ltr'><strong>ἀδελφῶν</strong></span> <span class='ocrx_word' id='word_1_176' title='bbox 970 2441 1017 2502; x_wconf 87' lang='grc' dir='ltr'><strong>καί</strong></span> <span class='ocrx_word' id='word_1_177' title='bbox 1039 2443 1267 2524; x_wconf 87' lang='grc' dir='ltr'><strong>συλλειτουργῶν,</strong></span> <span class='ocrx_word' id='word_1_178' title='bbox 1290 2443 1333 2504; x_wconf 87' lang='grc' dir='ltr'><strong>ἵνα</strong></span> 
     </span>
     <span class='ocr_line' id='line_1_19' title="bbox 46 2565 1334 2648; baseline 0.001 -24"><span class='ocrx_word' id='word_1_179' title='bbox 46 2565 263 2646; x_wconf 80' lang='grc' dir='ltr'><strong>ήδιαληφθείσα</strong></span> <span class='ocrx_word' id='word_1_180' title='bbox 285 2567 357 2628; x_wconf 84' lang='grc' dir='ltr'><strong>κατὰ</strong></span> <span class='ocrx_word' id='word_1_181' title='bbox 378 2567 427 2642; x_wconf 82' lang='grc' dir='ltr'><strong>τὴν</strong></span> <span class='ocrx_word' id='word_1_182' title='bbox 450 2567 660 2642; x_wconf 87' lang='grc' dir='ltr'><strong>Πελοπόννησον</strong></span> <span class='ocrx_word' id='word_1_183' title='bbox 685 2567 713 2624; x_wconf 86' lang='grc' dir='ltr'><strong>ἐν</strong></span> <span class='ocrx_word' id='word_1_184' title='bbox 735 2565 768 2648; x_wconf 74' lang='grc' dir='ltr'><strong>ιῆ</strong></span> <span class='ocrx_word' id='word_1_185' title='bbox 790 2573 908 2647; x_wconf 79' lang='grc' dir='ltr'><strong>περιοχῇ</strong></span> <span class='ocrx_word' id='word_1_186' title='bbox 935 2571 984 2644; x_wconf 75' lang='grc' dir='ltr'><strong>τῆς</strong></span> <span class='ocrx_word' id='word_1_187' title='bbox 1012 2566 1161 2640; x_wconf 81' lang='grc' dir='ltr'><strong>ἐπισκοπῆς</strong></span> <span class='ocrx_word' id='word_1_188' title='bbox 1184 2566 1334 2645; x_wconf 76' lang='grc' dir='ltr'><strong>Κερνίτζης</strong></span> 
     </span>
     <span class='ocr_line' id='line_1_20' title="bbox 47 2685 1332 2768; baseline 0.001 -24"><span class='ocrx_word' id='word_1_189' title='bbox 47 2685 202 2748; x_wconf 81' lang='grc' dir='ltr'><strong>διατελοῦσα</strong></span> <span class='ocrx_word' id='word_1_190' title='bbox 226 2688 286 2768; x_wconf 88' lang='grc' dir='ltr'><strong>ἰερίι</strong></span> <span class='ocrx_word' id='word_1_191' title='bbox 311 2687 356 2748; x_wconf 90' lang='grc' dir='ltr'><strong>καί</strong></span> <span class='ocrx_word' id='word_1_192' title='bbox 387 2687 525 2763; x_wconf 82' lang='grc' dir='ltr'><strong>σεβαομία</strong></span> <span class='ocrx_word' id='word_1_193' title='bbox 557 2686 686 2762; x_wconf 77' lang='grc' dir='ltr'><strong>βασιλική</strong></span> <span class='ocrx_word' id='word_1_194' title='bbox 709 2707 738 2748; x_wconf 88' lang='grc' dir='ltr'><strong>τε</strong></span> <span class='ocrx_word' id='word_1_195' title='bbox 767 2685 815 2748; x_wconf 87' lang='grc' dir='ltr'><strong>καὶ</strong></span> <span class='ocrx_word' id='word_1_196' title='bbox 836 2687 1018 2767; x_wconf 81' lang='grc' dir='ltr'><strong>πατριαρχικὴ</strong></span> <span class='ocrx_word' id='word_1_197' title='bbox 1041 2686 1088 2746; x_wconf 87' lang='grc' dir='ltr'><strong>καί</strong></span> <span class='ocrx_word' id='word_1_198' title='bbox 1111 2687 1332 2765; x_wconf 81' lang='grc' dir='ltr'><strong>σταυροπηγιακὴ</strong></span> 
     </span>
     <span class='ocr_line' id='line_1_21' title="bbox 46 2806 1333 2888; baseline -0.003 -18"><span class='ocrx_word' id='word_1_199' title='bbox 46 2812 121 2884; x_wconf 70' lang='grc' dir='ltr'><strong>μονή,</strong></span> <span class='ocrx_word' id='word_1_200' title='bbox 143 2811 161 2884; x_wconf 82' lang='grc' dir='ltr'>ἡ</span> <span class='ocrx_word' id='word_1_201' title='bbox 183 2812 324 2886; x_wconf 83' lang='grc' dir='ltr'><strong>τιμωμένη</strong></span> <span class='ocrx_word' id='word_1_202' title='bbox 348 2811 391 2870; x_wconf 83' lang='grc' dir='ltr'><strong>ἐπ’</strong></span> <span class='ocrx_word' id='word_1_203' title='bbox 406 2810 516 2886; x_wconf 79' lang='grc' dir='ltr'><strong>ὀνόματι</strong></span> <span class='ocrx_word' id='word_1_204' title='bbox 538 2815 587 2886; x_wconf 81' lang='grc' dir='ltr'><strong>τῆς</strong></span> <span class='ocrx_word' id='word_1_205' title='bbox 609 2809 775 2885; x_wconf 84' lang='grc' dir='ltr'><strong>Κοιμήσεως</strong></span> <span class='ocrx_word' id='word_1_206' title='bbox 801 2815 851 2885; x_wconf 80' lang='grc' dir='ltr'><strong>τῆς</strong></span> <span class='ocrx_word' id='word_1_207' title='bbox 866 2807 1014 2888; x_wconf 86' lang='grc' dir='ltr'><strong>ὑπεραγίοις</strong></span> <span class='ocrx_word' id='word_1_208' title='bbox 1035 2809 1114 2884; x_wconf 74' lang='grc' dir='ltr'><strong>ἡμῶν</strong></span> <span class='ocrx_word' id='word_1_209' title='bbox 1138 2808 1265 2868; x_wconf 83' lang='grc' dir='ltr'><strong>θεστόκου</strong></span> <span class='ocrx_word' id='word_1_210' title='bbox 1286 2806 1333 2868; x_wconf 87' lang='grc' dir='ltr'><strong>καί</strong></span> 
     </span>
     <span class='ocr_line' id='line_1_22' title="bbox 48 2927 1332 3011; baseline -0.002 -21"><span class='ocrx_word' id='word_1_211' title='bbox 48 2929 247 3008; x_wconf 81' lang='grc' dir='ltr'><strong>ἑπικεκλημένη</strong></span> <span class='ocrx_word' id='word_1_212' title='bbox 274 2933 358 3011; x_wconf 84' lang='grc' dir='ltr'><strong>Μέγα</strong></span> <span class='ocrx_word' id='word_1_213' title='bbox 381 2932 532 3011; x_wconf 74' lang='grc' dir='ltr'><strong>Σπηλαιον,</strong></span> <span class='ocrx_word' id='word_1_214' title='bbox 561 2931 653 3002; x_wconf 85' lang='grc' dir='ltr'><strong>καθὼς</strong></span> <span class='ocrx_word' id='word_1_215' title='bbox 683 2931 787 2990; x_wconf 87' lang='grc' dir='ltr'><strong>ἀνωθεν</strong></span> <span class='ocrx_word' id='word_1_216' title='bbox 816 2929 863 2990; x_wconf 80' lang='grc' dir='ltr'><strong>κεί</strong></span> <span class='ocrx_word' id='word_1_217' title='bbox 891 2927 922 3002; x_wconf 82' lang='grc' dir='ltr'><strong>ἐξ</strong></span> <span class='ocrx_word' id='word_1_218' title='bbox 953 2929 1043 3010; x_wconf 79' lang='grc' dir='ltr'><strong>ἀρχῆς</strong></span> <span class='ocrx_word' id='word_1_219' title='bbox 1072 2927 1119 2988; x_wconf 90' lang='grc' dir='ltr'><strong>καί</strong></span> <span class='ocrx_word' id='word_1_220' title='bbox 1148 2929 1199 3008; x_wconf 83' lang='grc' dir='ltr'><strong>πρδ</strong></span> <span class='ocrx_word' id='word_1_221' title='bbox 1226 2930 1332 3008; x_wconf 80' lang='grc' dir='ltr'><strong>χρόνων</strong></span> 
     </span>
     <span class='ocr_line' id='line_1_23' title="bbox 47 3046 1332 3134; baseline -0.002 -23"><span class='ocrx_word' id='word_1_222' title='bbox 47 3046 250 3126; x_wconf 78' lang='grc' dir='ltr'><strong>ἀμνημονεὺτων</strong></span> <span class='ocrx_word' id='word_1_223' title='bbox 272 3051 375 3134; x_wconf 74' lang='grc' dir='ltr'><strong>ὑπῆρξε</strong></span> <span class='ocrx_word' id='word_1_224' title='bbox 397 3051 445 3112; x_wconf 91' lang='grc' dir='ltr'><strong>καί</strong></span> <span class='ocrx_word' id='word_1_225' title='bbox 468 3053 622 3113; x_wconf 84' lang='grc' dir='ltr'><strong>διετέλεσεν</strong></span> <span class='ocrx_word' id='word_1_226' title='bbox 647 3052 789 3134; x_wconf 84' lang='grc' dir='ltr'><strong>ἐλευθερίᾳ</strong></span> <span class='ocrx_word' id='word_1_227' title='bbox 810 3052 941 3112; x_wconf 87' lang='grc' dir='ltr'><strong>παντελεῖ</strong></span> <span class='ocrx_word' id='word_1_228' title='bbox 960 3049 1007 3111; x_wconf 93' lang='grc' dir='ltr'><strong>καὶ</strong></span> <span class='ocrx_word' id='word_1_229' title='bbox 1023 3049 1168 3132; x_wconf 75' lang='grc' dir='ltr'><strong>οἰκονομίᾳ</strong></span> <span class='ocrx_word' id='word_1_230' title='bbox 1190 3070 1332 3126; x_wconf 86' lang='grc' dir='ltr'><strong>κεκοσμη-</strong></span> 
     </span>
     <span class='ocr_line' id='line_1_24' title="bbox 48 3171 1333 3254; baseline 0 -22"><span class='ocrx_word' id='word_1_231' title='bbox 48 3175 111 3248; x_wconf 85' lang='grc' dir='ltr'><strong>μένη</strong></span> <span class='ocrx_word' id='word_1_232' title='bbox 133 3175 178 3236; x_wconf 79' lang='grc' dir='ltr'><strong>διὰ</strong></span> <span class='ocrx_word' id='word_1_233' title='bbox 198 3173 344 3251; x_wconf 77' lang='grc' dir='ltr'><strong>βασιλικῆς</strong></span> <span class='ocrx_word' id='word_1_234' title='bbox 358 3173 512 3254; x_wconf 88' lang='grc' dir='ltr'><strong>φιλοτιμίας</strong></span> <span class='ocrx_word' id='word_1_235' title='bbox 526 3173 573 3236; x_wconf 90' lang='grc' dir='ltr'><strong>καί</strong></span> <span class='ocrx_word' id='word_1_236' title='bbox 589 3180 824 3254; x_wconf 78' lang='grc' dir='ltr'><strong>οταυροπηγιακῆς</strong></span> <span class='ocrx_word' id='word_1_237' title='bbox 840 3172 929 3254; x_wconf 77' lang='grc' dir='ltr'><strong>ἀξίας,</strong></span> <span class='ocrx_word' id='word_1_238' title='bbox 952 3174 1020 3234; x_wconf 84' lang='grc' dir='ltr'><strong>σίντω</strong></span> <span class='ocrx_word' id='word_1_239' title='bbox 1035 3171 1083 3234; x_wconf 88' lang='grc' dir='ltr'><strong>καὶ</strong></span> <span class='ocrx_word' id='word_1_240' title='bbox 1098 3173 1151 3234; x_wconf 84' lang='grc' dir='ltr'><strong>ἁπδ</strong></span> <span class='ocrx_word' id='word_1_241' title='bbox 1166 3177 1211 3232; x_wconf 82' lang='grc' dir='ltr'><strong>τοῦ</strong></span> <span class='ocrx_word' id='word_1_242' title='bbox 1226 3177 1270 3234; x_wconf 80' lang='grc' dir='ltr'><strong>νῶν</strong></span> <span class='ocrx_word' id='word_1_243' title='bbox 1286 3171 1333 3232; x_wconf 92' lang='grc' dir='ltr'><strong>καὶ</strong></span> 
     </span>
     <span class='ocr_line' id='line_1_25' title="bbox 49 3290 1333 3376; baseline -0.002 -22"><span class='ocrx_word' id='word_1_244' title='bbox 49 3294 83 3368; x_wconf 90' lang='grc' dir='ltr'><strong>εἰς</strong></span> <span class='ocrx_word' id='word_1_245' title='bbox 108 3299 136 3357; x_wconf 83' lang='grc' dir='ltr'><strong>τδ</strong></span> <span class='ocrx_word' id='word_1_246' title='bbox 167 3295 233 3373; x_wconf 77' lang='grc' dir='ltr'><strong>ἑξῆς</strong></span> <span class='ocrx_word' id='word_1_247' title='bbox 263 3295 311 3356; x_wconf 91' lang='grc' dir='ltr'><strong>καί</strong></span> <span class='ocrx_word' id='word_1_248' title='bbox 334 3295 373 3369; x_wconf 86' lang='grc' dir='ltr'><strong>εἰς</strong></span> <span class='ocrx_word' id='word_1_249' title='bbox 396 3299 501 3358; x_wconf 84' lang='grc' dir='ltr'><strong>ἅπαντα</strong></span> <span class='ocrx_word' id='word_1_250' title='bbox 524 3298 568 3356; x_wconf 78' lang='grc' dir='ltr'><strong>τέν</strong></span> <span class='ocrx_word' id='word_1_251' title='bbox 591 3296 687 3376; x_wconf 82' lang='grc' dir='ltr'><strong>αἰῶνα,</strong></span> <span class='ocrx_word' id='word_1_252' title='bbox 719 3299 773 3369; x_wconf 81' lang='grc' dir='ltr'><strong>ἕως</strong></span> <span class='ocrx_word' id='word_1_253' title='bbox 795 3290 826 3356; x_wconf 80' lang='grc' dir='ltr'><strong>οὗ</strong></span> <span class='ocrx_word' id='word_1_254' title='bbox 848 3299 863 3356; x_wconf 85' lang='grc' dir='ltr'><strong>δ</strong></span> <span class='ocrx_word' id='word_1_255' title='bbox 885 3295 966 3372; x_wconf 79' lang='grc' dir='ltr'><strong>ἥλιος</strong></span> <span class='ocrx_word' id='word_1_256' title='bbox 987 3297 1142 3376; x_wconf 86' lang='grc' dir='ltr'><strong>περιτρέχει</strong></span> <span class='ocrx_word' id='word_1_257' title='bbox 1164 3295 1209 3355; x_wconf 80' lang='grc' dir='ltr'><strong>τδν</strong></span> <span class='ocrx_word' id='word_1_258' title='bbox 1231 3295 1333 3356; x_wconf 84' lang='grc' dir='ltr'><strong>κθκλσν</strong></span> 
     </span>
     <span class='ocr_line' id='line_1_26' title="bbox 49 3416 1334 3502; baseline -0.001 -23"><span class='ocrx_word' id='word_1_259' title='bbox 49 3419 129 3502; x_wconf 72' lang='grc' dir='ltr'><strong>αἰτοῦ,</strong></span> <span class='ocrx_word' id='word_1_260' title='bbox 158 3416 177 3500; x_wconf 84' lang='grc' dir='ltr'><strong>ᾖ</strong></span> <span class='ocrx_word' id='word_1_261' title='bbox 206 3439 236 3479; x_wconf 89' lang='grc' dir='ltr'><strong>τε</strong></span> <span class='ocrx_word' id='word_1_262' title='bbox 265 3418 312 3478; x_wconf 90' lang='grc' dir='ltr'><strong>καί</strong></span> <span class='ocrx_word' id='word_1_263' title='bbox 339 3419 457 3498; x_wconf 85' lang='grc' dir='ltr'><strong>λέγηται</strong></span> <span class='ocrx_word' id='word_1_264' title='bbox 483 3419 529 3480; x_wconf 91' lang='grc' dir='ltr'><strong>καί</strong></span> <span class='ocrx_word' id='word_1_265' title='bbox 556 3420 630 3502; x_wconf 83' lang='grc' dir='ltr'><strong>παρὰ</strong></span> <span class='ocrx_word' id='word_1_266' title='bbox 656 3422 765 3480; x_wconf 89' lang='grc' dir='ltr'><strong>πάντων</strong></span> <span class='ocrx_word' id='word_1_267' title='bbox 792 3423 958 3499; x_wconf 87' lang='grc' dir='ltr'><strong>γινῶοκηται</strong></span> <span class='ocrx_word' id='word_1_268' title='bbox 986 3419 1116 3495; x_wconf 80' lang='grc' dir='ltr'><strong>βασιλικὴ</strong></span> <span class='ocrx_word' id='word_1_269' title='bbox 1143 3417 1190 3480; x_wconf 87' lang='grc' dir='ltr'><strong>καὶ</strong></span> <span class='ocrx_word' id='word_1_270' title='bbox 1219 3439 1334 3498; x_wconf 79' lang='grc' dir='ltr'><strong>σταυρο-</strong></span> 
     </span>
     <span class='ocr_line' id='line_1_27' title="bbox 49 3538 1335 3622; baseline 0 -22"><span class='ocrx_word' id='word_1_271' title='bbox 49 3543 173 3620; x_wconf 83' lang='grc' dir='ltr'><strong>πηγιακή,</strong></span> <span class='ocrx_word' id='word_1_272' title='bbox 198 3541 332 3622; x_wconf 88' lang='grc' dir='ltr'><strong>ἐλευθέρα</strong></span> <span class='ocrx_word' id='word_1_273' title='bbox 353 3561 383 3600; x_wconf 91' lang='grc' dir='ltr'><strong>τε</strong></span> <span class='ocrx_word' id='word_1_274' title='bbox 406 3545 493 3618; x_wconf 85' lang='grc' dir='ltr'><strong>πάντη</strong></span> <span class='ocrx_word' id='word_1_275' title='bbox 515 3540 562 3604; x_wconf 87' lang='grc' dir='ltr'><strong>καί</strong></span> <span class='ocrx_word' id='word_1_276' title='bbox 585 3543 743 3613; x_wconf 82' lang='grc' dir='ltr'><strong>ἀδούλωτσς</strong></span> <span class='ocrx_word' id='word_1_277' title='bbox 765 3540 812 3600; x_wconf 89' lang='grc' dir='ltr'><strong>καὶ</strong></span> <span class='ocrx_word' id='word_1_278' title='bbox 835 3541 1044 3618; x_wconf 86' lang='grc' dir='ltr'><strong>ἀκαταπὰτητος</strong></span> <span class='ocrx_word' id='word_1_279' title='bbox 1066 3538 1113 3602; x_wconf 89' lang='grc' dir='ltr'><strong>καί</strong></span> <span class='ocrx_word' id='word_1_280' title='bbox 1133 3541 1335 3620; x_wconf 81' lang='grc' dir='ltr'><strong>ἀνεπηρέαστος</strong></span> 
     </span>
     <span class='ocr_line' id='line_1_28' title="bbox 50 3661 1334 3745; baseline 0 -23"><span class='ocrx_word' id='word_1_281' title='bbox 50 3662 89 3723; x_wconf 89' lang='grc' dir='ltr'><strong>καί</strong></span> <span class='ocrx_word' id='word_1_282' title='bbox 112 3667 199 3739; x_wconf 88' lang='grc' dir='ltr'><strong>πάντη</strong></span> <span class='ocrx_word' id='word_1_283' title='bbox 226 3661 355 3734; x_wconf 85' lang='grc' dir='ltr'><strong>ἁοθδστος</strong></span> <span class='ocrx_word' id='word_1_284' title='bbox 382 3665 450 3740; x_wconf 77' lang='grc' dir='ltr'><strong>ἐμοῦ</strong></span> <span class='ocrx_word' id='word_1_285' title='bbox 473 3664 543 3740; x_wconf 82' lang='grc' dir='ltr'><strong>μετὰ</strong></span> <span class='ocrx_word' id='word_1_286' title='bbox 564 3671 618 3724; x_wconf 90' lang='grc' dir='ltr'><strong>τῶν</strong></span> <span class='ocrx_word' id='word_1_287' title='bbox 641 3663 739 3724; x_wconf 86' lang='grc' dir='ltr'><strong>ἀλλων</strong></span> <span class='ocrx_word' id='word_1_288' title='bbox 762 3664 963 3724; x_wconf 85' lang='grc' dir='ltr'><strong>θποτελοθντων</strong></span> <span class='ocrx_word' id='word_1_289' title='bbox 987 3663 1053 3745; x_wconf 71' lang='grc' dir='ltr'><strong>αἰτῇ</strong></span> <span class='ocrx_word' id='word_1_290' title='bbox 1075 3661 1122 3723; x_wconf 86' lang='grc' dir='ltr'><strong>καὶ</strong></span> <span class='ocrx_word' id='word_1_291' title='bbox 1146 3663 1174 3722; x_wconf 88' lang='grc' dir='ltr'><strong>ἐν</strong></span> <span class='ocrx_word' id='word_1_292' title='bbox 1199 3663 1334 3743; x_wconf 73' lang='grc' dir='ltr'><strong>διαφόροις</strong></span> 
     </span>
     <span class='ocr_line' id='line_1_29' title="bbox 49 3782 1334 3866; baseline 0.002 -26"><span class='ocrx_word' id='word_1_293' title='bbox 49 3785 129 3858; x_wconf 80' lang='grc' dir='ltr'><strong>τόποις</strong></span> <span class='ocrx_word' id='word_1_294' title='bbox 155 3786 291 3858; x_wconf 78' lang='grc' dir='ltr'><strong>κειμένων</strong></span> <span class='ocrx_word' id='word_1_295' title='bbox 319 3783 454 3863; x_wconf 86' lang='grc' dir='ltr'><strong>μετοχίων</strong></span> <span class='ocrx_word' id='word_1_296' title='bbox 479 3786 571 3866; x_wconf 75' lang='grc' dir='ltr'><strong>αὐτης,</strong></span> <span class='ocrx_word' id='word_1_297' title='bbox 600 3787 676 3846; x_wconf 78' lang='grc' dir='ltr'><strong>ἅτινα</strong></span> <span class='ocrx_word' id='word_1_298' title='bbox 699 3783 808 3857; x_wconf 81' lang='grc' dir='ltr'><strong>εἰδικῶς</strong></span> <span class='ocrx_word' id='word_1_299' title='bbox 833 3783 885 3846; x_wconf 92' lang='grc' dir='ltr'><strong>εἰσι</strong></span> <span class='ocrx_word' id='word_1_300' title='bbox 907 3789 1005 3844; x_wconf 83' lang='grc' dir='ltr'><strong>ταῦτα·</strong></span> <span class='ocrx_word' id='word_1_301' title='bbox 1033 3785 1064 3844; x_wconf 76' lang='grc' dir='ltr'><strong>τὀ</strong></span> <span class='ocrx_word' id='word_1_302' title='bbox 1086 3783 1158 3844; x_wconf 87' lang='grc' dir='ltr'><strong>κατά</strong></span> <span class='ocrx_word' id='word_1_303' title='bbox 1179 3785 1209 3843; x_wconf 86' lang='grc' dir='ltr'><strong>τδ</strong></span> <span class='ocrx_word' id='word_1_304' title='bbox 1232 3782 1334 3864; x_wconf 89' lang='grc' dir='ltr'><strong>χωρίον</strong></span> 
     </span>
     <span class='ocr_line' id='line_1_30' title="bbox 52 3903 1333 3987; baseline 0.002 -23"><span class='ocrx_word' id='word_1_305' title='bbox 52 3905 192 3986; x_wconf 79' lang='grc' dir='ltr'><strong>Στρέζσβαν</strong></span> <span class='ocrx_word' id='word_1_306' title='bbox 216 3909 344 3984; x_wconf 87' lang='grc' dir='ltr'><strong>μετόχιον</strong></span> <span class='ocrx_word' id='word_1_307' title='bbox 367 3913 416 3982; x_wconf 73' lang='grc' dir='ltr'><strong>τῆς</strong></span> <span class='ocrx_word' id='word_1_308' title='bbox 432 3906 665 3987; x_wconf 77' lang='grc' dir='ltr'><strong>Εὔαγγελιστρίας</strong></span> <span class='ocrx_word' id='word_1_309' title='bbox 687 3907 754 3982; x_wconf 84' lang='grc' dir='ltr'><strong>ἁμοῦ</strong></span> <span class='ocrx_word' id='word_1_310' title='bbox 778 3907 848 3981; x_wconf 88' lang='grc' dir='ltr'><strong>μετά</strong></span> <span class='ocrx_word' id='word_1_311' title='bbox 869 3911 922 3966; x_wconf 89' lang='grc' dir='ltr'><strong>τῶν</strong></span> <span class='ocrx_word' id='word_1_312' title='bbox 946 3907 1121 3982; x_wconf 85' lang='grc' dir='ltr'><strong>συνημμένων</strong></span> <span class='ocrx_word' id='word_1_313' title='bbox 1146 3903 1217 3984; x_wconf 74' lang='grc' dir='ltr'><strong>οἰστῷ</strong></span> <span class='ocrx_word' id='word_1_314' title='bbox 1236 3925 1333 3984; x_wconf 88' lang='grc' dir='ltr'><strong>χωρα-</strong></span> 
     </span>
     <span class='ocr_line' id='line_1_31' title="bbox 51 4024 1334 4109; baseline -0.002 -21"><span class='ocrx_word' id='word_1_315' title='bbox 51 4025 106 4104; x_wconf 83' lang='grc' dir='ltr'><strong>φίων</strong></span> <span class='ocrx_word' id='word_1_316' title='bbox 131 4026 250 4103; x_wconf 79' lang='grc' dir='ltr'><strong>καὶτῆς</strong></span> <span class='ocrx_word' id='word_1_317' title='bbox 274 4028 438 4104; x_wconf 88' lang='grc' dir='ltr'><strong>ἐκκλησίας·</strong></span> <span class='ocrx_word' id='word_1_318' title='bbox 466 4029 496 4088; x_wconf 85' lang='grc' dir='ltr'><strong>τδ</strong></span> <span class='ocrx_word' id='word_1_319' title='bbox 519 4028 590 4088; x_wconf 87' lang='grc' dir='ltr'><strong>κατὰ</strong></span> <span class='ocrx_word' id='word_1_320' title='bbox 611 4028 646 4087; x_wconf 88' lang='grc' dir='ltr'><strong>τὰ</strong></span> <span class='ocrx_word' id='word_1_321' title='bbox 668 4028 768 4108; x_wconf 80' lang='grc' dir='ltr'><strong>Μαϋρα</strong></span> <span class='ocrx_word' id='word_1_322' title='bbox 792 4027 881 4087; x_wconf 84' lang='grc' dir='ltr'><strong>Βουνά</strong></span> <span class='ocrx_word' id='word_1_323' title='bbox 902 4027 949 4086; x_wconf 76' lang='grc' dir='ltr'><strong>σὺν</strong></span> <span class='ocrx_word' id='word_1_324' title='bbox 971 4033 1004 4108; x_wconf 71' lang='grc' dir='ltr'><strong>τῇ</strong></span> <span class='ocrx_word' id='word_1_325' title='bbox 1028 4024 1165 4109; x_wconf 80' lang='grc' dir='ltr'><strong>ἐκκλησίᾳ</strong></span> <span class='ocrx_word' id='word_1_326' title='bbox 1187 4030 1232 4086; x_wconf 77' lang='grc' dir='ltr'><strong>τοί</strong></span> <span class='ocrx_word' id='word_1_327' title='bbox 1255 4025 1334 4104; x_wconf 86' lang='grc' dir='ltr'><strong>ἁγίου</strong></span> 
     </span>
     <span class='ocr_line' id='line_1_32' title="bbox 53 4147 1333 4230; baseline 0 -22"><span class='ocrx_word' id='word_1_328' title='bbox 53 4147 179 4210; x_wconf 86' lang='grc' dir='ltr'><strong>Νικολάου</strong></span> <span class='ocrx_word' id='word_1_329' title='bbox 206 4148 254 4210; x_wconf 93' lang='grc' dir='ltr'><strong>καί</strong></span> <span class='ocrx_word' id='word_1_330' title='bbox 280 4153 336 4223; x_wconf 87' lang='grc' dir='ltr'><strong>τοίς</strong></span> <span class='ocrx_word' id='word_1_331' title='bbox 358 4152 539 4227; x_wconf 87' lang='grc' dir='ltr'><strong>συνημμένσις</strong></span> <span class='ocrx_word' id='word_1_332' title='bbox 566 4149 637 4230; x_wconf 73' lang='grc' dir='ltr'><strong>αἰετῷ</strong></span> <span class='ocrx_word' id='word_1_333' title='bbox 660 4152 763 4222; x_wconf 75' lang='grc' dir='ltr'><strong>τόποις·</strong></span> <span class='ocrx_word' id='word_1_334' title='bbox 792 4151 822 4209; x_wconf 84' lang='grc' dir='ltr'><strong>τδ</strong></span> <span class='ocrx_word' id='word_1_335' title='bbox 844 4149 915 4210; x_wconf 84' lang='grc' dir='ltr'><strong>κατὰ</strong></span> <span class='ocrx_word' id='word_1_336' title='bbox 936 4149 970 4208; x_wconf 88' lang='grc' dir='ltr'><strong>τά</strong></span> <span class='ocrx_word' id='word_1_337' title='bbox 992 4147 1096 4228; x_wconf 88' lang='grc' dir='ltr'><strong>Τρυπία</strong></span> <span class='ocrx_word' id='word_1_338' title='bbox 1120 4147 1189 4223; x_wconf 81' lang='grc' dir='ltr'><strong>μετὰ</strong></span> <span class='ocrx_word' id='word_1_339' title='bbox 1210 4153 1259 4222; x_wconf 80' lang='grc' dir='ltr'><strong>της</strong></span> <span class='ocrx_word' id='word_1_340' title='bbox 1283 4149 1333 4208; x_wconf 86' lang='grc' dir='ltr'><strong>ἐκ-</strong></span> 
     </span>
     <span class='ocr_line' id='line_1_33' title="bbox 52 4269 1333 4353; baseline -0.002 -23"><span class='ocrx_word' id='word_1_341' title='bbox 52 4269 156 4348; x_wconf 85' lang='grc' dir='ltr'><strong>κλησίας</strong></span> <span class='ocrx_word' id='word_1_342' title='bbox 178 4272 306 4331; x_wconf 85' lang='grc' dir='ltr'><strong>Ἰωάννου</strong></span> <span class='ocrx_word' id='word_1_343' title='bbox 332 4275 378 4331; x_wconf 83' lang='grc' dir='ltr'><strong>τοῦ</strong></span> <span class='ocrx_word' id='word_1_344' title='bbox 401 4273 591 4353; x_wconf 83' lang='grc' dir='ltr'><strong>Χρυοσοτόμου</strong></span> <span class='ocrx_word' id='word_1_345' title='bbox 618 4270 665 4332; x_wconf 89' lang='grc' dir='ltr'><strong>καὶ</strong></span> <span class='ocrx_word' id='word_1_346' title='bbox 691 4279 745 4332; x_wconf 87' lang='grc' dir='ltr'><strong>τῶν</strong></span> <span class='ocrx_word' id='word_1_347' title='bbox 772 4273 860 4330; x_wconf 81' lang='grc' dir='ltr'><strong>τόπων</strong></span> <span class='ocrx_word' id='word_1_348' title='bbox 884 4270 977 4330; x_wconf 81' lang='grc' dir='ltr'><strong>αἰτοῦ·</strong></span> <span class='ocrx_word' id='word_1_349' title='bbox 1006 4272 1036 4329; x_wconf 76' lang='grc' dir='ltr'><strong>τό</strong></span> <span class='ocrx_word' id='word_1_350' title='bbox 1059 4269 1130 4328; x_wconf 88' lang='grc' dir='ltr'><strong>κατά</strong></span> <span class='ocrx_word' id='word_1_351' title='bbox 1152 4270 1185 4328; x_wconf 90' lang='grc' dir='ltr'><strong>τὰ</strong></span> <span class='ocrx_word' id='word_1_352' title='bbox 1207 4269 1333 4349; x_wconf 89' lang='grc' dir='ltr'><strong>Σταυρία,</strong></span> 
     </span>
     <span class='ocr_line' id='line_1_34' title="bbox 54 4386 1333 4473; baseline -0.002 -21"><span class='ocrx_word' id='word_1_353' title='bbox 54 4393 111 4464; x_wconf 76' lang='grc' dir='ltr'><strong>μετὰ</strong></span> <span class='ocrx_word' id='word_1_354' title='bbox 131 4401 180 4470; x_wconf 83' lang='grc' dir='ltr'><strong>τῆς</strong></span> <span class='ocrx_word' id='word_1_355' title='bbox 203 4387 354 4471; x_wconf 88' lang='grc' dir='ltr'><strong>ἐκκλησίας</strong></span> <span class='ocrx_word' id='word_1_356' title='bbox 375 4399 425 4470; x_wconf 78' lang='grc' dir='ltr'><strong>τῆς</strong></span> <span class='ocrx_word' id='word_1_357' title='bbox 448 4393 529 4472; x_wconf 86' lang='grc' dir='ltr'><strong>ἁγίας</strong></span> <span class='ocrx_word' id='word_1_358' title='bbox 545 4393 672 4473; x_wconf 90' lang='grc' dir='ltr'><strong>Μαρίνης</strong></span> <span class='ocrx_word' id='word_1_359' title='bbox 694 4391 741 4452; x_wconf 91' lang='grc' dir='ltr'><strong>καὶ</strong></span> <span class='ocrx_word' id='word_1_360' title='bbox 763 4398 816 4452; x_wconf 87' lang='grc' dir='ltr'><strong>τῶν</strong></span> <span class='ocrx_word' id='word_1_361' title='bbox 839 4395 928 4452; x_wconf 86' lang='grc' dir='ltr'><strong>τόπων</strong></span> <span class='ocrx_word' id='word_1_362' title='bbox 952 4393 1044 4452; x_wconf 78' lang='grc' dir='ltr'><strong>αὑτοῦ·</strong></span> <span class='ocrx_word' id='word_1_363' title='bbox 1079 4393 1109 4450; x_wconf 82' lang='grc' dir='ltr'><strong>τό</strong></span> <span class='ocrx_word' id='word_1_364' title='bbox 1131 4386 1202 4450; x_wconf 83' lang='grc' dir='ltr'><strong>κατὰ</strong></span> <span class='ocrx_word' id='word_1_365' title='bbox 1224 4390 1258 4449; x_wconf 87' lang='grc' dir='ltr'><strong>τά</strong></span> <span class='ocrx_word' id='word_1_366' title='bbox 1273 4389 1333 4452; x_wconf 89' lang='grc' dir='ltr'><strong>Νε-</strong></span> 
     </span>
     <span class='ocr_line' id='line_1_35' title="bbox 55 4512 1334 4593; baseline 0.001 -23"><span class='ocrx_word' id='word_1_367' title='bbox 55 4515 131 4586; x_wconf 85' lang='grc' dir='ltr'><strong>ἰματκ</strong></span> <span class='ocrx_word' id='word_1_368' title='bbox 153 4513 224 4590; x_wconf 89' lang='grc' dir='ltr'><strong>μετά</strong></span> <span class='ocrx_word' id='word_1_369' title='bbox 246 4521 295 4590; x_wconf 73' lang='grc' dir='ltr'><strong>τῆς</strong></span> <span class='ocrx_word' id='word_1_370' title='bbox 318 4514 469 4592; x_wconf 90' lang='grc' dir='ltr'><strong>ἐκκλησίας</strong></span> <span class='ocrx_word' id='word_1_371' title='bbox 492 4519 537 4574; x_wconf 79' lang='grc' dir='ltr'><strong>τοῦ</strong></span> <span class='ocrx_word' id='word_1_372' title='bbox 561 4513 639 4593; x_wconf 83' lang='grc' dir='ltr'><strong>ἁγίου</strong></span> <span class='ocrx_word' id='word_1_373' title='bbox 659 4513 814 4592; x_wconf 86' lang='grc' dir='ltr'><strong>Δημητρίου</strong></span> <span class='ocrx_word' id='word_1_374' title='bbox 836 4512 883 4572; x_wconf 92' lang='grc' dir='ltr'><strong>καί</strong></span> <span class='ocrx_word' id='word_1_375' title='bbox 905 4518 959 4572; x_wconf 87' lang='grc' dir='ltr'><strong>τῶν</strong></span> <span class='ocrx_word' id='word_1_376' title='bbox 981 4514 1070 4572; x_wconf 83' lang='grc' dir='ltr'><strong>τόπων</strong></span> <span class='ocrx_word' id='word_1_377' title='bbox 1094 4513 1186 4572; x_wconf 84' lang='grc' dir='ltr'><strong>αἰυτσῶ·</strong></span> <span class='ocrx_word' id='word_1_378' title='bbox 1209 4513 1240 4572; x_wconf 83' lang='grc' dir='ltr'><strong>τδ</strong></span> <span class='ocrx_word' id='word_1_379' title='bbox 1263 4513 1334 4572; x_wconf 86' lang='grc' dir='ltr'><strong>κατὰ</strong></span> 
     </span>
    </p>
   </div>
   <div class='ocr_carea' id='block_1_5' title="bbox 55 4631 1333 4710">
    <p class='ocr_par' dir='ltr' id='par_1_5' title="bbox 55 4631 1333 4710">
     <span class='ocr_line' id='line_1_36' title="bbox 55 4631 1333 4710; baseline 0.001 -19"><span class='ocrx_word' id='word_1_380' title='bbox 55 4636 79 4692; x_wconf 84' lang='grc' dir='ltr'><strong>τί</strong></span> <span class='ocrx_word' id='word_1_381' title='bbox 92 4636 202 4697; x_wconf 86' lang='grc' dir='ltr'><strong>Θυννεῖα</strong></span> <span class='ocrx_word' id='word_1_382' title='bbox 226 4637 271 4696; x_wconf 61' lang='grc' dir='ltr'><strong>οὖν</strong></span> <span class='ocrx_word' id='word_1_383' title='bbox 293 4639 350 4709; x_wconf 85' lang='grc' dir='ltr'><strong>τοῖς</strong></span> <span class='ocrx_word' id='word_1_384' title='bbox 371 4639 464 4708; x_wconf 80' lang='grc' dir='ltr'><strong>τόποις</strong></span> <span class='ocrx_word' id='word_1_385' title='bbox 487 4637 579 4696; x_wconf 81' lang='grc' dir='ltr'><strong>αἰτοῦ·</strong></span> <span class='ocrx_word' id='word_1_386' title='bbox 604 4635 637 4695; x_wconf 91' lang='grc' dir='ltr'><strong>τά</strong></span> <span class='ocrx_word' id='word_1_387' title='bbox 659 4635 730 4694; x_wconf 87' lang='grc' dir='ltr'><strong>κατὰ</strong></span> <span class='ocrx_word' id='word_1_388' title='bbox 752 4635 801 4707; x_wconf 89' lang='grc' dir='ltr'><strong>τὰς</strong></span> <span class='ocrx_word' id='word_1_389' title='bbox 816 4634 936 4706; x_wconf 86' lang='grc' dir='ltr'><strong>Φυτείας</strong></span> <span class='ocrx_word' id='word_1_390' title='bbox 959 4635 1028 4710; x_wconf 88' lang='grc' dir='ltr'><strong>μετά</strong></span> <span class='ocrx_word' id='word_1_391' title='bbox 1050 4639 1098 4709; x_wconf 78' lang='grc' dir='ltr'><strong>τῆς</strong></span> <span class='ocrx_word' id='word_1_392' title='bbox 1122 4631 1273 4706; x_wconf 89' lang='grc' dir='ltr'><strong>ἐκκλησίας</strong></span> <span class='ocrx_word' id='word_1_393' title='bbox 1287 4637 1333 4692; x_wconf 82' lang='grc' dir='ltr'><strong>τοῦ</strong></span> 
     </span>
    </p>
   </div>
   <div class='ocr_carea' id='block_1_6' title="bbox 0 0 1756 5282">
    <p class='ocr_par' dir='ltr' id='par_1_6' title="bbox 0 0 1756 5282">
     <span class='ocr_line' id='line_1_37' title="bbox 0 0 1756 5282; baseline 0 0"><span class='ocrx_word' id='word_1_394' title='bbox 0 0 1756 5282; x_wconf 95' lang='lat' dir='ltr'><strong> </strong></span> 
     </span>
    </p>
   </div>
  </div>
 </body>
</html>
