3194 5298
1256 363 1318 428 123

39 552 222 631 ἀποδεξαμένη
244 556 262 629 ἡ
286 555 415 632 βασιλεία
437 574 489 631 μου
509 554 556 616 καί
578 557 627 631 τὴν
649 557 741 616 τούτου
757 555 858 630 αἴτησιν
874 556 1050 636 ἐκπληρῶσαι
1065 554 1242 635 βουληθεῖσα,
1259 557 1319 634 ἔχει

38 678 139 752 θέλημα
160 676 209 738 καὶ
233 677 376 758 διορίζεται
399 675 445 738 διδι
465 680 512 736 τοῦ
532 678 666 758 παρόντος
686 681 895 758 προστάγματος
916 679 1044 756 κατέχειν
1066 677 1119 737 ἀπδ
1133 683 1184 754 της
1199 679 1319 758 σήμερον

37 797 76 858 καί
100 799 144 858 διὰ
170 801 203 860 τδ
230 797 296 877 ἑξῆς
324 795 518 878 άνενσχλητως
543 801 630 876 πάντη
653 797 700 860 καὶ
722 795 906 880 ἀδιασείστιυς,
938 800 976 860 ἔτι
998 797 1044 860 καί
1067 798 1250 878 ἀναραιρέτως
1272 797 1319 860 καὶ

39 921 242 994 άνοοτοσπάστως
271 919 318 982 καὶ
349 921 421 982 κατὰ
451 923 538 1002 λόγον
566 923 740 999 γονικότητος
769 923 817 996 την
848 921 972 1002 ῥηθεῖσαν
994 920 1144 997 σεβαομίαν
1168 921 1252 996 μονὴν
1273 924 1320 982 τοῦ

38 1043 112 1118 ταμίου
134 1043 297 1124 Προδρδμου
323 1043 372 1118 τὴν
399 1045 522 1120 τοιαύτην
549 1049 611 1124 γῆν,
643 1045 680 1115 ὡς
710 1041 756 1104 καὶ
785 1043 820 1103 τὰ
848 1043 933 1104 λοιπὰ
960 1044 1042 1119 αὐτῆς
1064 1045 1190 1118 κτήματα
1212 1041 1245 1101 τά
1267 1043 1319 1123 πρό

39 1165 140 1224 πολλῶν
161 1164 218 1240 ἤδη
240 1166 347 1245 χρόνων
369 1167 502 1246 προσόντα
525 1167 590 1247 αὐτῄ
612 1163 659 1224 καὶ
681 1165 730 1240 τὴν
753 1161 784 1237 ἐξ
807 1166 893 1225 αύτιῖνν
913 1169 1002 1224 πᾶσαν
1023 1163 1124 1238 ὁμοίως
1140 1164 1319 1244 ἀποφέρεσθαι

39 1286 77 1346 καί
99 1287 285 1367 άποκερδίζειν
307 1287 450 1368 πρόσοδον,
472 1287 565 1359 καθὼς
586 1290 666 1362 ἠτοϋ
680 1289 843 1368 γράμματος
863 1291 908 1348 τοῦ
924 1285 1049 1364 μεγάλου
1065 1283 1225 1362 δομεστίκσυ
1238 1284 1319 1366 περί-

39 1407 111 1486 ληρις
133 1409 217 1486 δηλοῖ
238 1407 285 1470 καὶ
308 1407 502 1490 διαλαμβάνει,
532 1407 579 1470 καὶ
600 1411 686 1470 ποιεῖν
710 1408 860 1480 ἀκωλύτως
881 1410 969 1468 πάντα
989 1407 1025 1468 τότ
1045 1407 1117 1468 κατὰ
1138 1409 1250 1487 γνώμην
1273 1404 1320 1467 καὶ

41 1533 71 1606 μὴ
91 1531 175 1612 εὑρεῖν
198 1551 265 1592 ποτε
287 1538 320 1613 τῇ
343 1531 474 1614 ἐμρανείᾳ
494 1535 542 1592 τοῖν
563 1533 695 1612 παρόντος
716 1533 925 1612 προστάγματος
946 1535 997 1606 της
1012 1529 1154 1604 βασιλείας
1179 1550 1229 1604 μου
1245 1527 1319 1590 διεν-

41 1653 140 1730 όγλησιν
166 1651 217 1714 καὶ
245 1654 361 1714 ἐπίθεσιν
387 1657 405 1728 ἦ
433 1654 587 1729 διασεισμόν
614 1651 659 1714 ἐπὶ
684 1659 718 1736 τῇ
745 1659 816 1734 νομῇ
838 1651 885 1714 καὶ
912 1660 1019 1737 κατοχῇ
1041 1655 1087 1714 τόν
1108 1655 1225 1732 τυχόντα
1245 1651 1320 1734 παρὰ

41 1779 76 1834 τοῦ
101 1771 193 1861 [κατὰ]
215 1776 326 1856 καιρούς
354 1778 384 1836 τδ
408 1777 488 1857 ῥηθὲν
512 1773 633 1862 [χωρίον]
655 1778 704 1853 τὴν
727 1776 904 1855 Ζελιάχσβαν
926 1777 1075 1856 κατασχεῖν
1098 1775 1261 1852 μέλλοντος.
1294 1773 1320 1835 εί

43 1898 72 1970 μὴ
92 1899 216 1972 βούλοιτο
237 1899 371 1979 κριθῆναι,
396 1899 478 1980 ἀθετῇ
500 1899 549 1971 τὰς
572 1945 628 1962 ...

440 2065 446 2080 ·
553 2045 671 2116 Reliqua
686 2045 790 2100 desunt.

130 2201 277 2255 Ιοανιιιίάεο
300 2199 352 2254 Ντ.
372 2201 421 2254 10.

507 2503 617 2570 XXV.
646 2502 723 2569 Sine
746 2525 840 2570 anno.

47 2681 221 2754 Fraymentam
240 2704 342 2742 aureae
362 2687 451 2742 ύιιίίαα
470 2682 553 2760 [ταμία
570 2685 702 2757 Stephani
715 2683 835 2760 &13an,
859 2706 914 2759 ηυα
934 2687 1127 2758 confirmantur
1142 2689 1321 2758 possessiones

592 2793 757 2846 monasterii.

132 2991 307 3062 ...καθὼς
329 2995 442 3071 κατεῖχε
464 2997 549 3054 ταῦτα
570 2995 601 3053 τδ
624 2993 774 3072 διαληρθὲν
797 2995 938 3074 μονύδριον
959 2995 1031 3056 κατὰ
1051 2996 1099 3070 τὴν
1114 2989 1258 3075 περίληψιν
1274 2993 1320 3055 καί
1354 3077 1356 3080 ι

49 3106 139 3184 δύναμιν
168 3117 214 3173 τού
243 3111 288 3172 ἐπὶ
310 3117 369 3184 ταῖς
391 3115 525 3188 τοιαύταις
546 3118 741 3195 προσαγωγοιῑς
762 3113 809 3176 καὶ
832 3115 991 3196 ἀγορασίαις
1015 3117 1260 3197 ἐπιχορηγηθὲντος
1282 3117 1321 3196 τῷ

50 3231 109 3308 μέρει
128 3239 175 3309 τῆς
195 3235 323 3310 τοιαύτης
346 3243 431 3313 μανίης
453 3238 526 3298 θείου
547 3235 594 3298 καί
609 3241 706 3298 σεπτού
720 3237 942 3317 χρυσοβούλλου·
967 3239 1048 3318 ἑτέρα
1063 3244 1100 3317 γη
1117 3235 1156 3309 εἰς
1171 3239 1216 3297 τόν
1232 3237 1320 3312 Λιβα-

50 3347 120 3420 βιττδν
144 3355 195 3416 ἀπό
221 3355 410 3437 προσενέξεως
436 3363 482 3420 τού
505 3358 698 3439 Ἀραβαντινού
725 3359 828 3420 ἐκείνου
856 3359 960 3434 μοδίων
974 3358 1010 3440 α’,
1041 3360 1070 3419 ἐν
1096 3354 1115 3440 ᾖ
1144 3363 1321 3438 συνεστήσατο

49 3471 71 3528 ’δ
90 3477 164 3555 μέρος
184 3486 235 3555 της
257 3479 381 3556 τοιαύτης
404 3487 490 3557 μονῆς
512 3481 637 3556 όσπητιον
659 3480 706 3542 καί
729 3481 869 3558 ἀμπέλια·
893 3483 1020 3561 χωράρια
1043 3477 1158 3557 πλησίον
1174 3484 1253 3542 αιίτού
1268 3483 1320 3544 ἀπό

51 3595 212 3672 προσενέξεως
238 3595 305 3686 [τού]
323 3601 498 3678 Μελισσηνού
521 3603 621 3678 μοδίων
639 3602 686 3679 ιβ’·
710 3599 846 3678 ἀμπέλιον
870 3599 923 3664 ἀπό
942 3600 1130 3683 προσενέξεως
1144 3609 1190 3664 τού
1205 3605 1322 3684 Βοτριδαῖ

52 3714 145 3790 πλησίον
164 3727 210 3782 τοῦ
234 3723 352 3784 τοιούτου
373 3725 512 3805 χωραρίου
535 3725 636 3800 μοδίων
654 3723 684 3784 ι’·
710 3725 784 3795 ἐντός
806 3729 852 3786 τού
874 3727 990 3805 κάστρου
1005 3727 1114 3806 Σορρῶν
1136 3727 1252 3802 πλησίον
1272 3733 1321 3802 τῆς

54 3832 173 3919 ύεττλικῆς
192 3845 296 3926 πόρπας
318 3841 393 3906 οἶκον
417 3846 629 3927 ἑργαστηριακόν
652 3849 704 3908 ἀπό
725 3845 912 3928 προοενέξεως
934 3851 980 3908 τού
1003 3847 1152 3908 σακελλίου
1167 3853 1216 3923 τῆς
1232 3849 1320 3926 ἁγιω-

55 3959 117 4034 ἵίῖης
136 3967 331 4048 μητροπόλεως
346 3969 465 4050 Σερρῶν,
487 3973 533 4030 τού
547 3970 664 4048 Ζερβού·
690 3971 781 4050 ἕτερον
804 3964 878 4030 οῖκον
899 3969 1111 4050 ἑργαστηριακδν
1126 3970 1242 4044 πλησίον
1256 3969 1320 4030 τού-

55 4095 89 4134 του
107 4080 133 4154 ἐξ
152 4086 301 4169 ἀγορασίαις
322 4089 375 4148 aab
397 4096 446 4165 τῆς
462 4090 685 4170 Μαβσελέγγας·
710 4094 801 4171 ἕτερον
825 4091 855 4163 ἐξ
878 4091 1026 4171 άγορασίας
1045 4095 1091 4151 τοῦ
1105 4089 1205 4171 Θρίση·
1229 4094 1321 4172 ἕτερον

57 4195 79 4268 ἐξ
102 4202 238 4286 ἀγορασίαις
265 4210 318 4270 ἀπό
340 4215 386 4272 τού
408 4211 587 4293 Λουττηνάρη·
627 4213 718 4293 ἕτερον
746 4211 777 4286 ἐξ
805 4208 954 4294 ἁγορασίας
984 4213 1036 4272 ἆπῧ
1058 4215 1105 4272 ῖθῦ
1127 4211 1252 4292 ῖαμβθθῦ
1274 4215 1321 4274 τοῦ

57 4317 155 4404 Τύξερθ·
188 4333 280 4414 ἕτερον
303 4329 357 4393 ἀπὸ
379 4332 565 4415 προσενέξεως
587 4339 633 4396 τοῦ
656 4336 821 4416 Ἱερακνίζη·
857 4337 949 4417 ἕτερον
972 4332 1148 4416 ξενοδαχικόν
1170 4327 1245 4395 οἷκον
1268 4335 1322 4396 άπδ

59 4447 213 4527 τθίῦενὲξεως
234 4457 282 4516 τού
298 4455 466 4536 Ἂραβάντα·
501 4459 666 4531 κηπστόπιον
689 4455 728 4528 εἰς
750 4458 795 4516 τ’σν
817 4456 919 4536 πύργον
941 4461 988 4517 τοῦ
1011 4456 1088 4536 σἰγίσυ
1103 4456 1246 4518 Νικολάου
1268 4456 1323 4517 ἆπδ

60 4569 214 4649 προοενέξεως
243 4580 290 4636 τοῦ
313 4575 467 4656 Καρδάμη·
504 4579 595 4638 τόπιον
619 4579 695 4651 ἐντός
724 4583 770 4638 τοῦ
802 4578 881 4637 αὐτού
910 4580 1036 4658 καίστρου,
1071 4576 1110 4650 είς
1141 4580 1156 4637 δ
1186 4577 1322 4656 εὑρίσκετο

62 4685 162 4770 ῖῖύῖῑρνν
178 4699 377 4778 τζυμηλαρεῖον
399 4705 448 4774 της
470 4701 552 4774 αύιὴς
575 4705 670 4779 μονῆς,
695 4694 754 4759 εἶτα
776 4700 985 4781 κατεχαλάσθη,
1009 4700 1038 4758 ἐν
1054 4693 1076 4780 ᾧ
1092 4699 1258 4779 εὑρίσκονται
1273 4698 1320 4761 καί
