3246 5288
1335 340 1400 404 415

203 526 243 589 κ’.
273 531 317 590 Τά
340 531 365 592 δ’
382 528 449 608 ἑξῆς
471 533 520 592 ούκ
544 531 699 608 ἐβουλόμην
721 529 889 611 παραδοῦναι
912 537 1016 613 γραφῇ·
1049 535 1078 592 ού
1100 533 1154 614 γάρ
1178 533 1234 593 έδει
1257 535 1303 592 τόν
1326 531 1400 606 ἅπαξ

65 643 117 718 εἰς
147 655 242 712 τούτο
264 655 490 735 προκεκαρμένον
513 659 562 730 τῆς
584 655 663 714 αύτού
686 652 792 727 τάξεώς
814 673 845 714 τε
866 651 913 713 καί
935 658 1129 726 καταστάσεως
1157 656 1295 734 μεθιστᾶν,
1324 654 1399 736 εἴπερ

65 765 128 827 καὶ
172 771 254 834 αύτοὶ
287 775 413 856 ἀτρεπτοί
438 795 469 835 τε
491 774 538 835 καί
560 777 591 835 τ“ο
614 775 752 848 παντελὲς
774 775 957 836 ἀναλλοίωτα
979 777 1047 856 πρός
1069 777 1103 837 τά
1124 777 1202 838 καλὰ
1225 775 1398 852 διαμένωσιν.

67 889 149 952 ἐπεὶ
190 895 224 954 δὲ
254 899 331 956 τοῦτο
361 897 411 957 ούκ
441 897 510 958 ἔστι·
543 893 713 980 (τρεπόμεθα
741 897 796 978 γὰρ
825 897 966 971 πολλάκις
995 896 1042 958 καί
1070 898 1268 978 ἀλλοιούμεθα,
1299 891 1343 958 σία
1365 899 1399 959 τά

69 1011 266 1097 ἀνθρώπινα,
282 1017 329 1080 καί
344 1025 425 1095 τιμῆς
441 1017 594 1095 ἀξιούμενοι
609 1021 678 1100 πρός
692 1021 741 1095 τὴν
756 1025 810 1078 τῶν
825 1021 922 1080 καλῶν
939 1021 1067 1100 ἐργασίαν
1083 1020 1194 1096 μοῖλλον
1214 1021 1397 1099 χαυνούμεθα,

72 1135 146 1196 εἴτε
178 1139 298 1222 ῥαθυμίᾳ
314 1139 434 1212 εἴκοντες
448 1140 482 1200 τά
504 1141 609 1220 πολλά,
633 1143 672 1212 ώς
693 1141 823 1220 φιλούσης
838 1146 888 1218 τῆς
915 1141 1004 1220 ἀρχῆς
1025 1142 1088 1214 τούς
1111 1139 1226 1224 αύιὴνί)
1252 1141 1397 1220 ἐπαγγελ-

75 1260 200 1332 μένους
231 1261 408 1341 ύποχαυνούν,
439 1264 484 1322 ότε
514 1261 603 1322 πλείω
632 1265 678 1322 τόν
710 1259 806 1342 ἀγῶσα
835 1261 882 1322 καί
913 1263 963 1337 τἠν
992 1264 1132 1343 προσοχὴν
1163 1263 1274 1338 μάλλον
1304 1263 1397 1324 ἀσκεῖν

78 1381 167 1462 ἔδει,
200 1382 257 1442 εἴτε
287 1381 333 1443 καί
363 1383 413 1459 τἠν
442 1385 541 1464 ἀρετὴν
573 1385 601 1444 ἐν
632 1386 749 1464 πρώτοις
779 1385 830 1460 μέν
861 1387 1066 1466 ὑποκρινόμενοι
1098 1385 1143 1446 διά
1165 1387 1214 1462 τὴν
1237 1382 1325 1466 ύρεξιν
1348 1391 1398 1461 τῆς
1491 1420 1496 1430 ·

78 1502 191 1582 ἀρχῆς
206 1503 254 1564 καὶ
268 1507 318 1580 τὴν
333 1513 383 1582 της
399 1506 536 1585 έπιτυχίας
553 1505 663 1585 ἐλπίδα,
685 1509 813 1585 τυχόντες
829 1506 860 1566 δέ
875 1507 975 1583 ταύτης
998 1507 1075 1578 εύθύς
1097 1507 1277 1588 εὑρισκόμεθα
1300 1507 1398 1566 ἐκεῖνοι

80 1624 188 1704 ὄντες,
213 1626 290 1706 οἵπερ
298 1623 324 1710 ²)
341 1627 455 1703 ἀληθῶς
469 1627 516 1688 καὶ
530 1629 583 1708 πρδ
597 1632 644 1688 τού
659 1625 753 1711 ἦμεν),
777 1628 822 1687 διὰ
836 1633 921 1688 ταῦτα
935 1627 983 1688 καί
1004 1635 1095 1710 γραφῇ
1119 1627 1212 1690 δοτέον
1231 1631 1261 1689 τό
1283 1633 1398 1708 πρᾶγμα

81 1746 144 1806 κοιὶ
179 1749 332 1808 κολαστέον
366 1747 406 1819 εἰς
440 1749 573 1825 δύναμιν,Ι
608 1747 631 1809 εἰ
666 1749 716 1826 μὲν
749 1743 795 1808 σύν
830 1750 956 1830 ἀτρεττοι
986 1749 1011 1810 οί
1040 1749 1180 1824 οἰκονόμοι
1212 1752 1320 1826 μένουσι
1350 1749 1396 1808 καὶ

84 1987 131 2048 δι’
145 1993 181 2066 ἣν
204 1989 252 2050 καὶ
274 1992 371 2068 ταύτης
393 1989 548 2070 ἠξιώθησαν
573 1988 644 2078 [τῆς]
653 1989 678 2076 ³)
701 1991 816 2072 τάξεως,
844 1991 1035 2068 ἀμετακίνητοι
1059 1993 1178 2052 ἔστωσαν
1200 1999 1251 2069 τῆς
1272 1993 1397 2068 τοιαύτης

88 2111 241 2184 διακονίας
255 2112 303 2173 καί
317 2113 491 2175 ἀδιάπτωτοι.
523 2112 546 2173 εἰ
563 2114 594 2174 δὲ
609 2115 741 2190 ἀδόκιμόν
756 2135 779 2175 τι
796 2113 842 2174 καί
865 2115 1017 2196 ἀσύμφορον
1041 2109 1237 2198 [poputum
1260 2115 1275 2173 ό
1296 2116 1396 2194 χρόνος

90 2235 197 2306 οιῖιτούς
213 2233 407 2314 ἀπεξελέγξει,
430 2237 469 2308 ώς
484 2234 540 2296 είτε
555 2243 604 2313 τῆς
627 2236 767 2308 διακονίας
790 2235 905 2311 ἀμελῶς
926 2235 973 2296 καί
995 2239 1234 2316 καταφρονητικῶς
1257 2235 1396 2313 ἐχόμενοι,

93 2356 157 2415 εἴτε
171 2359 229 2429 τοῖς
246 2357 348 2416 ἑαυτῶν
363 2357 452 2437 φιλοις
466 2356 514 2417 καί
529 2361 672 2436 συγγενέσι
694 2359 879 2439 χαριζόμενοι,
904 2357 958 2418 εἴτε
973 2379 997 2418 τι
1019 2363 1070 2434 τῆς
1092 2363 1178 2434 μονῆς
1200 2357 1395 2436 νοσφιζόμενοι,

93 2478 155 2540 εἴτε
170 2479 321 2560 ταραχώδη
336 2481 396 2540 τινά
414 2479 462 2540 καί
484 2480 622 2558 όχλοποιά
644 2481 868 2556 ἀποδεικνύμενοι
890 2480 938 2540 καί
960 2481 1027 2560 πρός
1050 2480 1099 2552 τὰς
1120 2487 1167 2539 τού
1188 2480 1396 2559 καθηγουμένου

95 2599 239 2673 διατάξεις
265 2601 495 2680 ἀπεχθιαζόμενοι
517 2605 535 2678 ἢ
558 2602 592 2663 τά
613 2607 663 2678 τῆς
686 2608 772 2680 μονῆς
794 2603 962 2674 ύποτιθέντες
984 2601 1034 2661 τινὶ
1056 2601 1103 2662 καί
1125 2601 1309 2682 προδιδόντες,
1341 2601 1395 2660 εἴτε

93 2745 120 2782 τι
137 2723 206 2794 ἴσως
225 2729 278 2783 τῶν
300 2729 347 2786 τού
369 2730 478 2786 τυπικού
500 2723 618 2802 καὶτῆς
641 2723 792 2798 διατάξεως
815 2725 1008 2803 διαταγμάτων
1030 2725 1249 2804 παραθραύοντες
1271 2721 1396 2794 καὶτοῖς

96 2847 204 2904 ἑαυτῶν
219 2851 403 2924 ιοτσιχούντες
434 2849 586 2923 θελήμασιν
608 2851 626 2922 ἢ
649 2852 815 2924 σωματικοῖς
840 2869 890 2907 τισι
912 2847 1010 2906 πάθεσι
1032 2850 1175 2926 προφανῶς
1198 2844 1394 2924 ουμφυρόμενοι

95 2965 181 3040 ῆκαί
197 2967 294 3047 ἀλόγῳ
308 2969 477 3052 προσπαθείᾳ
491 2989 571 3046 τινος,
595 2969 669 3048 παρὰ
690 2970 740 3043 τὴν
762 2967 862 3043 λοιπὴν
885 2966 1059 3043 συνδούμενοι
1083 2965 1256 3045 ἀδελφότητα
1278 2963 1325 3024 καὶ
1350 2965 1394 3025 διόι

96 3092 184 3148 ταῦτα
209 3087 256 3149 καί
278 3091 346 3171 πρός
375 3091 534 3172 κυβέρνησιν
563 3095 658 3170 ψυχῶν
688 3091 871 3165 ἀνεπιτήδειοι
902 3090 1096 3170 ἐλεγχόμενοι,
1127 3085 1315 3161 ἐκβάλλονται
1345 3093 1394 3163 πῖης

96 3331 145 3391 καί
160 3331 323 3409 ἀδιάβλητοι
340 3334 412 3394 αι’ποί
430 3331 542 3395 ἐκείνων
557 3339 665 3407 πάντως
680 3335 925 3415 προτιμηθησονται
940 3331 986 3392 καί
1002 3329 1042 3402 εἰς
1060 3332 1110 3405 τὴν
1131 3332 1232 3390 ἑαυτῶν
1255 3327 1394 3389 διακονίαν

95 3444 291 3534 προβήσοντάι.
328 3455 352 3516 εἰ
375 3453 550 3534 δ’ἀμεμπτοι
573 3457 669 3533 εἴησαν
691 3457 740 3532 τὴν
763 3457 850 3515 αύτῶν
873 3452 1011 3515 διακονίαν
1033 3454 1177 3524 τελοῦντες
1199 3449 1246 3511 κοί
1268 3449 1324 3529 θεῷ
1345 3449 1393 3510 καί

96 3573 179 3656 πατρί
194 3575 289 3660 καὶτῇ
312 3577 476 3657 ἀδελφότητι
499 3577 606 3654 δόκιμοι
629 3577 828 3656 ἀναφαίνονται,
852 3577 1022 3655 ἀκούσονται,
1046 3573 1107 3655 ,,εύ,
1131 3573 1214 3634 δούλε
1237 3573 1324 3650 ἀγαθὲ
1346 3569 1394 3631 καί

96 3699 187 3775 πιστέ,
219 3697 262 3757 ἐπὶ
289 3697 371 3778 όλίγα
393 3697 429 3779 ᾖς
454 3701 556 3778 πιστός,
588 3698 631 3760 έπί
653 3699 769 3759 πολλῶν
792 3717 823 3757 σε
845 3697 1037 3772 καταστήσωίί.
1087 3693 1237 3755 καὶταῦτα
1259 3695 1310 3769 μὲν
1332 3691 1393 3772 περί

96 3825 151 3878 τῶν
175 3817 326 3895 οἰκονόμων
348 3821 502 3902 ἀρκούντως
525 3821 671 3896 ἐκθέμεθα.

203 3941 259 4006 κά.
284 3941 320 4002 Αί
333 3941 517 4024 προχειρίσεις
531 3949 584 4002 τῶν
601 3941 767 4018 διακονητῶν
783 3943 919 4019 ἀπάντων,
942 3940 1026 4018 ἤγουν
1047 3943 1094 3999 τού
1110 3937 1324 4017 ἐκκλησιάρχου,
1347 3939 1393 3995 τού

97 4062 276 4144 κελλαρίτου,
303 4070 357 4123 τῶν
380 4065 552 4145 δοχιαρείων,
581 4068 628 4124 τού
651 4063 825 4144 ώρειαρίουύ)
847 4061 894 4124 καὶ
916 4061 969 4122 τῶν
991 4063 1097 4122 λοιπῶν
1118 4061 1190 4120 κατὰ
1211 4057 1323 4140 τόνδεύ)
1347 4061 1392 4117 τόν

98 4185 197 4264 τρόπον
226 4184 421 4265 προβήτωσαν·
452 4187 522 4262 μετά
548 4187 598 4261 τὴν
623 4191 670 4247 τού
693 4187 788 4266 όρθρου
811 4185 942 4245 ἀπόλυσιν
964 4181 1011 4243 καί
1033 4183 1081 4258 την
1104 4183 1203 4257 συνήθη
1226 4185 1272 4240 τού
1295 4179 1393 4260 ἱερέως

99 4305 193 4384 εύχήν,
220 4307 357 4386 τρισαγέου
378 4307 453 4388 παρά
474 4311 582 4368 πάντων
605 4310 755 4387 γενομένου
776 4305 887 4367 ποιείτω
909 4307 981 4385 τρεῖς
1004 4303 1118 4381 βαθείας
1139 4301 1314 4383 γονυκλισίας
1338 4303 1391 4379 έμ-

99 4481 304 4491 ————-—-.-...

202 4593 222 4657 ¹)
242 4590 327 4658 ἑαυτήν
345 4594 376 4644 Ε.
448 4593 470 4659 ²)
489 4587 547 4660 ὅπερ
565 4593 596 4646 Ε.
667 4593 689 4658 ³)
709 4591 906 4658 supplevimus.
977 4591 997 4656 ⁴)
1015 4589 1211 4656 supplevimus.
1283 4589 1304 4653 ⁵)
1323 4585 1391 4655 όρια-

100 4690 150 4760 ρίου
168 4691 200 4742 Ε.
272 4691 293 4758 ⁸)
313 4688 366 4740 τότε
378 4689 409 4740 Ε.
