3208 5310
232 289 274 356 56

234 481 409 558 ίίλατοπιόδη
434 481 535 556 μοάίων
552 481 587 557 β’.
623 484 714 562 ἕτερον
736 485 873 563 χωροίριον
897 481 950 544 ἀπό
973 485 1092 555 Λέοντος
1114 489 1160 544 τοῦ
1183 483 1320 558 Λεωνίδη.
1352 485 1444 562 ἕτερον
1465 505 1528 560 χω-

233 605 325 684 ρσίριον
348 605 377 663 τό
401 603 599 681 ἐπιλεγόμενον
621 610 675 664 τῶν
699 605 877 685 Ἀρμενοίόων
900 604 946 665 καί
969 606 1073 665 ἀνωθεν
1100 611 1153 666 τῶν
1178 605 1307 684 θρυαρίων
1330 603 1377 664 καὶ
1400 605 1529 664 ἀποκάτω

232 731 281 802 τῆς
311 727 406 805 χώρας
433 727 518 806 μέρος
543 727 573 785 τό
602 725 652 801 μὲν
676 723 864 804 ἑπιλαγχοίνον
872 724 896 809 ¹)
920 725 966 786 καὶ
990 729 1081 808 ἕτερον
1103 730 1241 807 χωροίριον
1263 731 1312 802 τῆς
1335 727 1463 806 Βαταρᾶς
1484 725 1531 786 καὶ

234 848 297 908 αὐτό
320 849 350 908 τό
377 849 467 924 ἥμισυ.
500 849 592 928 ἕτερον
614 850 722 929 χωροίρι
744 849 797 908 ἀπό
820 849 970 924 Σεβαστίας
993 855 1042 924 τῆς
1064 848 1176 924 συμβίου
1200 849 1304 908 ἐκείνου
1326 847 1532 907 Κωνσταντίνου

234 969 409 1048 ἀναγνώστου
438 973 484 1029 τοῦ
507 969 667 1050 Σγσυρίτζου
693 970 724 1029 τό
751 969 904 1047 λεγόμενον
931 976 980 1045 τῆς
1004 970 1158 1048 Βρουλλίας
1180 971 1211 1029 τό
1234 968 1348 1043 πλησίον
1372 974 1423 1044 τῆς
1446 966 1532 1039 οίκίοις

233 1093 287 1148 τῶν
302 1089 483 1170 Ζερζηνοίθων
506 1089 601 1164 μοδίου
617 1090 653 1151 α’.
678 1093 770 1170 ἕτερον
792 1094 929 1170 χωροίριον
953 1092 1006 1150 ἀπό
1023 1092 1200 1166 Μελισσηνῆς
1218 1095 1267 1166 τῆς
1282 1089 1396 1166 συμβίου
1414 1091 1532 1162 Λέοντος

234 1216 281 1271 τοῦ
305 1213 423 1288 Ζυμωνᾶ
453 1212 483 1270 ἐν
506 1217 538 1293 τῇ
562 1213 636 1272 θέσει
657 1210 711 1271 τῶν
736 1211 909 1292 Ἁρμενοίδων
934 1211 1028 1286 μοδίου
1045 1211 1081 1290 α’,
1112 1214 1127 1271 ό
1150 1213 1281 1290 σύνεγγυς
1304 1210 1441 1271 ἐπίκοινον
1465 1211 1533 1286 μετὰ

235 1338 280 1393 τοῦ
303 1331 455 1408 Κουβαλέοι
477 1334 508 1392 τό
523 1332 576 1408 ς”.
600 1335 692 1412 ἕτερον
715 1334 745 1392 τ“ο
768 1334 820 1393 ἀπό
844 1331 967 1406 Ἀλεξίου
989 1337 1034 1394 τοῦ
1053 1336 1170 1410 Ζυμωνά
1194 1333 1223 1394 ἐν
1245 1331 1283 1412 τῷ
1307 1332 1459 1412 ρυποτοπίῳ
1481 1339 1533 1392 τῶν

236 1453 411 1535 Ἀρμενόδων
435 1452 474 1524 εἰς
496 1455 527 1514 τό
550 1454 712 1514 ἀνατολικὸν
736 1457 819 1533 μέρος
841 1457 871 1514 τό
886 1455 1001 1531 πλησίον
1021 1454 1160 1535 χωραρίου
1175 1459 1221 1514 τοῦ
1236 1455 1362 1530 Κομίτζη
1380 1453 1532 1531 μοόίωνγ.

238 1577 320 1655 ’έτερα
350 1575 472 1655 ἀρμοίκια
501 1575 534 1634 τὰ
561 1576 722 1651 καλούμενα
747 1580 792 1636 τοῦ
820 1576 981 1656 Κουβαρὲου
1009 1575 1110 1651 μοδίων
1132 1575 1167 1651 β’.
1204 1577 1294 1657 ἕτερον
1321 1577 1352 1635 τό
1378 1577 1534 1654 λεγόμενον

238 1697 423 1758 Ἀλωπσδίτου
447 1697 542 1773 μοδίου
556 1697 608 1773 ς”.
634 1699 726 1777 ἕτερον
748 1696 795 1757 καὶ
819 1699 882 1758 οιύτό
906 1702 952 1756 τοῦ
969 1697 1099 1758 Ἃλωνίου
1121 1699 1150 1757 τό
1173 1699 1294 1758 κάτωθεν
1310 1698 1354 1757 σὺν
1376 1702 1424 1757 τοῦ
1439 1719 1533 1773 πηγα-

238 1817 294 1879 δίου
315 1817 417 1894 μοόίων
432 1818 473 1892 ς’.
499 1821 592 1898 ἕτερον
606 1821 637 1878 τό
653 1819 806 1897 λεγόμενον
822 1821 852 1879 τό
869 1820 1093 1898 Χρυσοβεργσίτου
1110 1817 1212 1896 μοδίων
1228 1818 1263 1893 β’.
1288 1821 1380 1899 ἕτερον
1395 1821 1535 1898 χωροίριον

237 1941 267 1999 τό
290 1940 413 1999 κάτωθεν
435 1944 481 2000 τοῦ
502 1941 676 2016 Καμιτζοίτου
699 1940 793 2016 μοδίου
810 1939 846 2002 α’.
872 1942 963 2020 ἕτερον
987 1941 1079 2020 δωρεὰ
1100 1945 1146 2002 τοῦ
1162 1937 1288 2014 Ἀλεξίου
1310 1945 1356 2000 τοῦ
1372 1941 1492 2016 Ζυμωνᾶ
1507 1942 1536 1999 τό

238 2062 359 2121 κοίτωθεν
386 2066 440 2120 τῶν
461 2054 641 2141 Ἃρμενοίδων
670 2061 709 2132 εἰς
736 2063 766 2120 τό
795 2061 956 2121 ἀνατολικὸν
985 2064 1069 2142 μέρος
1096 2063 1223 2141 ἀντίπερα
1244 2065 1290 2122 τοῦ
1313 2062 1469 2141 λαγκαάίου
1490 2060 1537 2120 καὶ

237 2183 354 2259 πλησίον
376 2181 504 2261 λαχιδίου
525 2187 571 2242 τοῦ
586 2183 712 2258 Καμίτζη
737 2186 939 2263 συγχωρήσεως
962 2182 1064 2259 μοόίων
1079 2183 1117 2262 γ’.
1142 2187 1223 2264 ἕτερα
1246 2185 1367 2263 ἀρμοίκια
1390 2182 1425 2242 τὰ
1447 2183 1536 2260 λεγό-

240 2323 310 2378 μενα
331 2308 377 2363 τοῦ
392 2303 541 2384 Κσυβαρέα
564 2303 665 2378 μοόίων
683 2301 717 2379 β’.
742 2305 834 2384 ἕτερον
856 2305 886 2363 τό
910 2303 1085 2364 ἀποκάτωθεν
1104 2306 1135 2363 τό
1151 2305 1304 2383 λεγόμενον
1321 2303 1536 2364 Ἀλωπουόσίτων

240 2423 333 2500 μοδίου
348 2422 399 2498 ς”.
425 2425 516 2504 ἕτερον
538 2425 568 2483 τό
591 2424 644 2484 ἀπό
666 2425 765 2485 Καλοῦ
787 2427 834 2484 τοῦ
851 2425 1007 2504 Πηλαρινοϋ
1031 2425 1059 2484 ἐν
1081 2430 1116 2506 τῇ
1138 2423 1283 2507 τοποθεσίᾳ
1297 2428 1343 2484 τοῦ
1359 2426 1444 2484 Βονοῡ
1461 2425 1537 2484 ἀνω-

241 2547 286 2605 θεν
316 2546 455 2626 χωραρίου
481 2549 527 2605 τοῦ
554 2545 645 2626 κυρίου
668 2547 786 2618 Λέοντος
814 2551 859 2606 τοῦ
884 2547 1065 2626 Ἀλειμματᾱ,
1096 2548 1159 2607 ὅσον
1181 2546 1229 2606 καί
1251 2539 1307 2606 οίόν
1331 2547 1412 2607 ἐστιν.
1446 2548 1538 2626 ἕτερον

241 2667 294 2726 ἀπό
318 2667 452 2738 Εθδοκίας
474 2672 523 2742 τῆς
546 2665 658 2740 συμβίου
682 2667 786 2728 ἐκείνου
810 2669 929 2746 Μιχαὴλ
951 2673 997 2728 τοῦ
1020 2668 1191 2748 Σριλικοῡρθι
1213 2669 1244 2727 τό
1268 2668 1468 2745 ἐπιλεγόμενον
1492 2671 1539 2728 τοῦ

241 2783 382 2874 Λαγχίοῠ]
399 2785 539 2865 μοόίουα’.
557 2790 649 2869 ἕτερον
663 2789 694 2848 τό
709 2789 763 2849 ἀπό
776 2789 883 2864 Νικητα
898 2772 1093 2867 τοῦ-Μάγκίπα
1109 2787 1277 2868 ἐξοίμπελον,
1292 2790 1323 2848 τό
1340 2788 1539 2868 ἐπιλεγόμενον

241 2915 288 2971 τοῦ
311 2909 490 2989 Χελωνοιρίου
511 2907 559 2970 καὶ
581 2909 711 2988 σόνεγγυς
735 2907 893 2986 ἐξαμπέλσυ
914 2915 961 2972 τοῦ
976 2912 1103 2986 Μηνιοίτη
1126 2908 1174 2970 καὶ
1196 2908 1356 2984 ἑξαμπέλου
1378 2915 1424 2970 τοῦ
1441 2911 1539 2982 Λαζα-

242 3037 276 3113 ρᾶ
299 3032 393 3108 μοόίου
409 3029 445 3093 α’.
469 3033 560 3112 ἕτερον
582 3033 721 3112 χωροίριον
744 3035 790 3091 τοῦ
805 3030 1017 3111 Ξηροπηγαδίου
1040 3032 1070 3091 τό
1089 3026 1161 3090 κατὰ
1176 3031 1314 3103 ἀνατολὰς
1328 3036 1374 3092 τοῦ
1391 3033 1540 3091 Βασιλικοθ

242 3152 289 3214 καί
310 3153 382 3214 κατὰ
405 3152 508 3229 δυσμὰς
523 3157 569 3212 τοῦ
585 3155 703 3229 Ζυμωνᾶ
718 3153 812 3229 μοθίου
825 3151 861 3214 α’.
887 3154 978 3232 ἕτερον
993 3154 1023 3211 τό
1040 3152 1169 3212 ἀποκσίτω
1185 3152 1288 3233 ἁρμάκι
1302 3157 1348 3212 τοῦ
1364 3147 1538 3237 Ἀρν[οίλδου]

244 3274 275 3334 δὲ
298 3276 423 3354 Κοίοτρου
451 3273 480 3333 ἐν
503 3279 535 3355 τῇ
559 3276 631 3334 θέσει
654 3279 707 3334 τῶν
732 3275 892 3350 Ἁμμουσῶν
915 3275 944 3332 τό
969 3269 1072 3346 ἔξωθεν
1096 3275 1190 3354 μέρος,
1223 3275 1287 3333 όσον
1308 3271 1355 3333 καὶ
1379 3263 1435 3332 οίόν
1460 3273 1539 3332 ἐστιν.

245 3398 337 3476 ἕτερον
352 3396 382 3454 τό
399 3394 452 3454 ἀπό
468 3395 589 3472 Μιχαὴλ
610 3399 656 3454 τοῦ
672 3392 789 3466 Μεταξᾶ
812 3392 851 3468 είς
873 3396 918 3454 τὀν
940 3397 1113 3474 περιορισμὸν
1135 3399 1181 3454 τοῦ
1204 3396 1283 3454 αὺτοῦ
1305 3398 1370 3454 ναοῦ
1385 3399 1439 3454 τῶν
1456 3396 1540 3474 ἁγίων

245 3517 416 3598 Ἀναργόρων
445 3513 492 3575 καὶ
515 3515 689 3575 ἀποκότωθεν
712 3519 758 3574 τοῦ
781 3515 899 3576 ἁλωνίου
921 3517 968 3575 καί
990 3517 1082 3596 ἕτερον
1103 3517 1134 3574 τό
1157 3515 1317 3595 Ἀλοπότου,
1346 3516 1380 3574 τὰ
1402 3515 1542 3595 ἀμφότερα

246 3637 348 3713 μοόίων
371 3635 406 3710 β’.
443 3638 535 3716 ἕτερον
558 3637 588 3696 τό
612 3637 664 3695 ἀπό
686 3637 707 3694 Γ
709 3637 824 3715 εωργίου
845 3641 892 3697 τοῦ
915 3637 1004 3717 Γαυρά
1027 3636 1067 3709 εἰς
1089 3637 1137 3712 τὴν
1159 3635 1318 3698 τοποθεσίαν
1340 3644 1393 3696 τῶν
1417 3635 1540 3716 Θυρίόων

246 3759 276 3817 τό
306 3757 503 3836 ἐπιλεγόμενον
529 3761 583 3816 τῶν
606 3757 718 3816 Κοντῶν
745 3758 775 3816 τό
803 3755 918 3833 πλησίον
948 3756 994 3818 καὶ
1021 3759 1152 3837 σύνεγγυς
1179 3762 1225 3818 τοῦ
1248 3759 1397 3838 Κερρεζέρι
1423 3757 1472 3817 καὶ
1498 3762 1541 3818 τοῦ

248 3880 366 3969 Ζυμωνᾷ
388 3881 590 3959 συγχωρήσεως
613 3878 716 3954 μοθίων
732 3877 765 3940 ε’.
791 3881 882 3958 ἕτερον
903 3883 1042 3960 χωροίριον
1064 3883 1094 3940 τό
1117 3883 1202 3941 Bova&
1225 3879 1264 3953 είς
1286 3881 1320 3940 τά
1343 3865 1467 3960 Κόργινα
1490 3903 1541 3957 μο-

248 3999 312 4060 δίων
335 3998 363 4080 γ’
394 3999 440 4059 σὺν
466 4004 512 4060 τοῦ
539 4001 663 4079 Διχαλοϋ
693 4001 827 4081 ἁρμακίου
858 4000 904 4061 καὶ
935 4003 999 4062 αθτό
1028 4001 1122 4077 μοθίου
1145 4001 1171 4060 α’
1203 4002 1248 4061 καὶ
1274 4003 1305 4061 το
1332 4003 1419 4084 τρίτον
1451 4003 1542 4084 ἁρμα-

247 4122 324 4198 κίτζη
351 4122 382 4180 τό
411 4123 439 4181 όν
460 4142 491 4180 τε
513 4121 629 4198 πλησίον
652 4129 701 4198 τῆς
724 4121 811 4196 οἰκίας
833 4121 880 4184 καὶ
902 4129 947 4184 τοῦ
970 4123 1089 4184 ἁλωνίου
1113 4125 1272 4204 δεκάλιτρον
1296 4125 1353 4184 ἕνα.
1385 4126 1468 4205 ἕτερα
1492 4128 1542 4186 ἀπό

249 4241 395 4324 Θεοδώρου
424 4248 470 4304 τοῦ
495 4246 691 4325 Παρδόπουλου
719 4248 841 4328 ἀρμσίκια
858 4245 884 4322 β’
914 4247 948 4305 τὰ
971 4246 1131 4323 διακείμενα
1153 4247 1270 4326 πέραθεν
1292 4252 1346 4305 τῶν
1369 4248 1542 4328 Ἁρμενοίὲων

249 4363 311 4446 τὀἳ)
335 4365 437 4424 ἀνωθεν
459 4370 506 4424 τοῦ
528 4367 692 4446 λαγκαθίσυ,
714 4371 761 4427 τοῦ
783 4368 930 4448 χωραρίου,
953 4372 1000 4427 τοῦ
1023 4369 1148 4438 ἀεσπόζει
1170 4370 1393 4448 όπρωτοπαπάς,
1419 4371 1482 4429 όσον
1500 4370 1543 4430 καὶ

357 4625 376 4690 ¹)
394 4624 490 4692 Apogr.
511 4623 687 4694 ἓπιλαγχσίνων,
760 4625 780 4689 ²)
799 4625 897 4691 Apogr.
917 4629 960 4692 1sp.
