3246 5288
1328 349 1391 415 437

68 541 164 616 μονῇ
186 539 247 596 θεῖα
271 536 318 596 καί
340 537 424 598 σεπτά
445 542 581 618 γεγονότα
602 538 808 620 χρυσύβουλλα,
832 541 928 620 ούστερ
951 541 998 601 καί
1022 541 1169 620 εύλογήσαι
1191 543 1282 622 κύριος
1297 543 1311 602 δ
1327 544 1389 617 θεδς

72 657 121 715 ἐν
146 661 222 742 πάσῃ
239 659 353 742 εὐλογίᾳ
369 660 530 740 ἐπεύχομαι,
554 661 569 718 δ
585 661 715 734 βασιλεὺς
729 667 783 721 τών
800 659 904 722 αἰώνων
920 660 966 722 καὶ
982 661 1064 744 δοτὴρ
1079 667 1185 724 πάντων
1201 669 1254 723 τῶν
1270 664 1391 744 ἀγαθῶν,

70 777 138 838 καὶ
161 778 281 859 ρυλάξαι
303 781 352 841 ύπδ
374 783 422 856 τὴν
445 783 548 858 σκέπην
570 787 620 858 τῆς
643 782 722 842 αύτού
746 782 913 862 ἀγαθύτητος
939 785 967 843 ἐν
988 783 1082 865 εἰρήνη
1097 783 1144 844 καί
1167 785 1322 868 δικαιοσύνῃ
1344 783 1391 845 καὶ

74 900 214 983 ἀνδρείᾳ,
242 902 372 980 ἐνισχύων
395 905 481 962 αύτών
503 904 549 962 τδν
573 903 705 982 βραχίονα
724 901 771 962 καί
793 903 945 964 ὑποτάττων
960 905 1010 965 ύπδ
1024 905 1086 977 τούς
1101 904 1188 978 πόδας
1203 907 1289 965 αύτών
1303 907 1392 966 πάντα

71 1021 123 1080 τὰ
159 1022 286 1104 βάρβαρα
321 1025 385 1098 ἐθνη
414 1024 448 1084 τὰ
477 1025 539 1096 τοὺς
573 1025 712 1100 πολέμους
746 1025 873 1104 θέλοντα,
907 1026 1078 1106 δωρούμενος
1110 1028 1199 1100 αύτοῖς
1233 1028 1391 1106 μακρότητα

73 1145 204 1224 ἡμερῶν
227 1144 273 1206 καί
295 1143 432 1218 καταξιών
460 1146 555 1218 αύτούς
577 1147 647 1219 μετὰ
674 1152 726 1206 τών
755 1145 908 1224 ἐγκοσμίων
935 1145 983 1206 καί
1009 1153 1062 1208 τῶν
1089 1148 1249 1228 ἀπορρήτων
1277 1146 1388 1231 αύτούῙ)

79 1265 207 1342 ἀγαθῶν
236 1265 282 1326 καὶ
313 1267 455 1342 βασιλείας
481 1273 530 1345 τῆς
561 1268 724 1347 ἐπουρανίου.
777 1267 854 1328 ἀλλὰ
883 1268 930 1328 καί
960 1269 1035 1341 ἐντδς
1064 1275 1112 1346 τῆς
1141 1271 1251 1342 πόλεως
1281 1265 1390 1351 Σερριῖιν

686 1359 695 1378 .

79 1387 189 1464 ἑτέραν
220 1388 352 1469 ἀνήγειρε
382 1393 477 1470 μονήν,
508 1391 572 1450 ναόν
594 1411 624 1448 τε
648 1391 681 1450 ἐκ
702 1388 840 1464 θεμελίων
872 1391 958 1450 αύτών
981 1389 1021 1462 είς
1052 1391 1138 1466 ὄνομα
1161 1389 1207 1452 καί
1238 1391 1320 1466 αύτήν
1342 1395 1388 1452 τού

80 1508 164 1568 θείου
188 1509 348 1590 ίίροδρύμου
376 1508 421 1569 καί
444 1511 602 1592 Βαπτιστού,
632 1511 734 1585 δμοίως
761 1511 790 1570 ἐν
822 1512 888 1592 αύτῆ
916 1508 962 1570 καί
991 1512 1125 1590 τράπεζαν
1154 1509 1200 1570 καὶ
1231 1513 1282 1572 ὅσα
1312 1512 1388 1572 ἀλλα

79 1629 214 1710 χρειώδη
237 1628 284 1690 καί
314 1631 507 1712 ἀναγκαῖατῆ
535 1635 605 1712 μονῇ
637 1630 856 1705 ἐποικοδομήσας
877 1629 926 1690 καὶ
946 1631 999 1711 πρδ
1029 1633 1136 1692 πάντων
1166 1630 1260 1711 τειχίῳ
1291 1633 1388 1709 ταύτην

81 1751 301 1830 περικυκλώσας
327 1750 374 1812 καὶ
402 1751 536 1824 παντοίως
565 1749 811 1832 περιποιησάμενος
840 1754 1014 1830 καταγώγιον
1046 1751 1149 1830 ἀνδρῶν
1181 1754 1275 1835 ἁγίων,
1307 1754 1387 1814 εἰνδο-

83 1876 204 1944 κούντος
227 1873 290 1934 θεοῦ
304 1871 351 1932 καί
366 1877 424 1945 ταῖς
440 1877 485 1933 τού
508 1874 580 1934 θείου
597 1873 757 1954 ίίροδρύμου
778 1873 945 1954 πρεσβείαις,
969 1872 1143 1949 ήδυνήθημεν
1166 1873 1388 1951 ἀποκαταστῆσαι

85 1993 147 2072 θεῷ
170 1996 380 2073 καθιερωμένων
403 1993 449 2055 καί
472 1996 519 2071 τὴν
541 1995 716 2071 κοινοβιακὴν
739 1995 880 2075 διαγωγὴν
902 1996 1161 2075 κατασπαζομένων,
1193 1997 1226 2072 ῆν
1250 1994 1296 2056 καὶ
1318 1997 1385 2058 ύπο-

87 2117 197 2176 κεῖσθαι
220 2114 266 2176 καί
289 2119 479 2198 προσηνώσθαι
502 2117 633 2192 διηνεκῶς
655 2117 783 2199 τῆκυρίᾳ
798 2115 844 2176 καί
867 2117 1032 2197 πρωτστύπῳ
1054 2118 1137 2198 ταύτῃ
1153 2125 1224 2198 μονῇ
1248 2117 1385 2194 βούλομαι

85 2236 137 2297 καὶ
161 2237 190 2296 ἐν
214 2243 293 2312 σῶμα
316 2238 425 2310 ἑαυτούς
447 2239 564 2313 νομίζειν
587 2243 632 2298 τού
656 2239 802 2313 μοναδικού
825 2239 916 2298 τούτου
937 2245 991 2298 τῶν
1008 2237 1054 2298 δύο
1077 2245 1167 2314 μονών
1187 2240 1384 2322 πληρώματος,

87 2359 141 2440 μιρῖ
164 2357 284 2440 κεφαλῇ,
315 2358 352 2438 τῷ
384 2361 582 2440 καθηγουμένῳ
605 2360 704 2434 ταύτης
725 2365 775 2434 τῆς
796 2361 890 2440 κυρίας
913 2359 1041 2436 δηλονότι
1064 2366 1160 2440 μονῆς,
1193 2361 1387 2436 ὑποκειμένους

85 2481 135 2539 καί
159 2482 222 2560 παρ’
235 2483 314 2540 αὐτοῦ
336 2481 397 2552 τοὺς
419 2483 537 2554 κανόνας
561 2487 610 2558 τῆς
625 2482 774 2557 μοναδικῆς
797 2483 938 2554 πολιτείας
961 2482 1129 2560 δεχομένους
1143 2480 1191 2542 καί
1214 2481 1386 2558 ἰθυνομένους

87 2601 134 2662 ἐπί
158 2602 192 2662 τὰ
213 2603 353 2682 κρείττονα
374 2602 421 2663 καί
443 2603 482 2682 τῷ
505 2603 577 2683 αύτῷ
585 2602 610 2686 ²)
625 2607 718 2664 κανόνι
740 2602 787 2662 καί
801 2604 874 2684 τύπῳ
896 2606 1015 2681 στοιχεῖν
1038 2603 1205 2683 δρειλοντας.
1245 2605 1323 2665 ἀλλὰ
1344 2607 1385 2678 τίς

87 2722 146 2799 εἰμι
170 2724 237 2804 ἐγώ,
260 2725 345 2806 κύριε,
368 2726 443 2806 κύριέ
463 2747 525 2805 μου,
548 2730 566 2801 ῆ
589 2721 695 2798 δοίκος
717 2727 885 2805 τοῦπατρὸς
908 2747 969 2805 μου,
992 2727 1033 2785 ὅτι
1055 2726 1139 2798 ούτως
1163 2726 1205 2786 ἐπ’
1221 2726 1272 2802 ἐμὲ
1294 2727 1328 2787 τά
1350 2727 1386 2787 σὰ

88 2847 159 2920 ἐλέη
183 2845 300 2926 ἐξέχεας
323 2850 368 2908 τὀν
396 2847 515 2926 ἀνάξιον,
546 2851 585 2920 ώς
615 2849 651 2908 δι’
661 2850 728 2924 ἐμοῦ
750 2853 796 2908 τού
823 2847 944 2928 ἀχρείου,
975 2847 1009 2906 δι’
1022 2849 1089 2922 ἐμού
1118 2852 1165 2908 τού
1195 2847 1309 2928 οἰκτροῦ,
1339 2851 1385 2908 τού

89 2968 178 3044 μηδὲν
202 2969 276 3040 ὄντος
299 2970 332 3028 τά
355 2974 464 3030 τοιαῦτα
485 2977 538 3030 τών
556 2971 602 3032 δύο
625 2976 715 3046 μονῶν
739 2969 963 3050 οἰκονομηθῆναιρ
987 2973 1033 3029 σὀν
1057 2972 1119 3050 ἀρα,
1144 2969 1272 3049 δέσποτα,
1295 2973 1384 3050 τοῦτο,

87 3090 209 3166 καὶτῆς
231 3098 282 3168 σῆς
314 3092 427 3171 ἀρθδνου
453 3090 500 3152 καὶ
529 3092 739 3164 πλουτοδύτιδος
771 3089 862 3164 δεξιοῖς
892 3092 1073 3168 ἀνοιγομένης
1096 3090 1146 3166 μὲν
1177 3085 1383 3170 φιλανθρώπως,

88 3218 142 3272 πᾶν
166 3213 198 3272 δέ
222 3216 291 3284 ζῶον
313 3220 362 3290 τῆς
384 3216 458 3294 παρά
481 3235 527 3274 σου
550 3213 675 3284 εὐδοιιίας
705 3208 961 3288 κατεμπιμπλώσης
983 3211 1029 3272 καί
1060 3211 1240 3288 ἀδιαλώβητα
1262 3209 1383 3272 καὶτῶν

89 3334 270 3411 ὁπωσδήποτε
292 3336 393 3408 τούτοις
416 3336 590 3411 ἐπεμβαίνειν
614 3335 834 3414 ἐπειχειρούντων
850 3333 897 3395 καί
912 3337 995 3414 χεῖρα
1010 3333 1123 3412 ἐπείγειν
1146 3334 1269 3414 ὀλέθριον
1286 3333 1383 3411 διατη-

90 3457 168 3536 ροίης
190 3457 322 3538 ἀνώτερα,
345 3458 389 3518 ἵνα
412 3459 450 3534 μὴ
473 3463 556 3518 ταύτα
579 3459 662 3530 ούτως
685 3457 751 3530 ίσως
775 3457 952 3541 ἐπισυμβαίνη
975 3455 1021 3517 καὶ
1036 3457 1080 3516 ἵνα
1096 3459 1134 3532 μὴ
1149 3457 1182 3516 τά
1207 3456 1385 3532 ἐπικτηθέντα

88 3577 128 3656 τῷ
149 3581 242 3657 χρόνῳ
266 3577 379 3654 ἐξίτηλα
402 3583 571 3640 καταστάντα
586 3580 676 3655 λήθης
692 3579 866 3658 ἀμαυρωθείη
887 3578 988 3660 βυθοῖς,
1012 3577 1129 3659 βρεβείῳ
1143 3578 1178 3638 τά
1192 3581 1280 3640 πάντα
1294 3599 1382 3638 καταη

89 3705 193 3781 γράψαι
216 3702 272 3762 δεῖν
296 3702 396 3780 ἔγνων·
424 3703 473 3775 τάς
494 3703 619 3774 τοιαύτας
641 3702 726 3762 τοίνυν
749 3697 819 3788 [δύο]
842 3701 929 3777 μονὰς
951 3704 1151 3778 συστησάμενος
1173 3700 1221 3760 καί
1243 3698 1380 3785 ἑνώσαςί)

90 3823 130 3884 σοὶ
153 3823 191 3903 τῷ
214 3824 307 3906 δοτῆρι
328 3832 381 3886 τῶν
403 3825 499 3886 καλῶν
521 3824 568 3886 καί
590 3827 699 3910 πλάστῃ
721 3825 776 3904 θεῷ
798 3823 927 3906 προσάγω
951 3823 990 3897 εἰς
1014 3823 1096 3897 δόξαν
1119 3827 1165 3884 τού
1181 3827 1227 3884 σού
1250 3825 1383 3897 ὀνόματος

89 3947 136 4008 καί
158 3950 204 4008 τού
226 3953 275 4022 τῆς
297 3947 431 4022 ἀληθείας
459 3949 578 4028 κήρυκος
603 3948 762 4028 ίίροδρύμσυ
784 3945 830 4006 καί
853 3948 1012 4024 Βαπτιστού,
1037 3943 1083 4004 καί
1107 3943 1146 4014 εἰς
1170 3941 1307 4018 ἐξίλασμα
1328 3948 1382 4002 τῶν

89 4069 230 4149 ἡμετέρων
253 4069 513 4144 πλημμελημάτων.
544 4070 638 4148 δέχοιο
660 4071 754 4146 τοίνυν,
778 4071 841 4128 θεοῦ
862 4069 964 4147 πατρδς
979 4067 1059 4147 λύγε,
1082 4068 1113 4126 τ“ο
1129 4067 1224 4145 μικρένν
1239 4066 1382 4143 ἀριέρωμα

90 4195 166 4252 τούτο
197 4187 227 4264 ἐξ
259 4191 335 4272 ἐμοῦ,
365 4195 411 4251 τού
441 4197 488 4252 σού
518 4191 617 4272 ἱκέτου,
647 4192 690 4252 σοί
718 4193 947 4272 προσφερόμενον,
979 4190 1241 4268 ἐπιδαψιλευέμενος
1271 4186 1314 4248 ἐπὶ
1342 4186 1381 4266 τῷ

91 4315 199 4388 βασιλεῖ
221 4335 273 4388 μου
297 4319 349 4372 τών
371 4311 515 4393 οἰκτιρμῶν
538 4335 585 4374 σου
607 4315 656 4389 τήν
679 4313 806 4392 ἄβυσσον,
831 4310 893 4388 ἐμοί
914 4333 944 4372 τε
966 4311 1013 4372 καὶ
1033 4313 1092 4390 δλῳ
1108 4311 1145 4390 τῷ
1168 4311 1265 4390 κύσμῳ
1287 4331 1379 4384 σωτη-

91 4435 148 4516 ρίαν
178 4436 349 4515 δωρούμενος
379 4433 426 4495 καί
457 4436 506 4510 τὴν
535 4441 588 4494 τών
619 4437 818 4514 ἡμαρτημένων
849 4435 1031 4514 συγχώρησιν,
1061 4432 1218 4514 πρεσβείαις
1239 4437 1289 4508 τῆς
1315 4431 1381 4512 ὑπὲρ

196 4697 215 4762 ¹)
235 4695 312 4746 αὐτῶν
331 4697 356 4746 S.
428 4697 449 4763 ²)
469 4693 541 4745 αὐτοῦ
560 4696 585 4746 S.
656 4695 678 4760 ³)
696 4692 773 4743 τοίνυν
792 4711 861 4748 συστ.
881 4694 921 4748 καὶ
940 4692 1030 4758 ἐνώοας
1049 4691 1169 4763 μονάςὸ.
