3486 5282
321 355 382 420 182

319 551 402 626 αὑτης
426 550 587 626 ἐπιμελείας
613 573 668 632 παρ
670 552 774 626 ’ήμῶν
804 552 955 630 γενομένης
986 553 1075 622 οάτοῖς
1104 552 1172 631 προς
1198 555 1251 610 τῶν
1278 551 1382 630 ἀρετῶν
1408 552 1439 610 τ“ο
1464 553 1603 628 γυμνάσιον
1664 527 1665 644 γ

318 671 365 734 καὶ
388 673 498 747 ουδενδς
520 673 597 744 ὄντος
613 672 741 760 ἐμποδὼν
755 675 823 754 πρδς
838 675 868 732 τ“ο
885 672 1065 752 είιαρηστῆσαι
1088 671 1153 753 θεῷ,
1177 670 1200 731 εἰ
1224 673 1263 748 μὴ
1287 669 1322 732 δι’
1334 671 1437 732 οἰκείαν
1458 673 1607 750 χαυνίιητα
1664 669 1665 728 3

319 816 422 875 καταρρ
408 795 634 874 ραθυμήσαιεν
622 794 666 855 επὶ
694 792 733 872 τῷ
763 794 854 875 καλῷ,
885 791 953 855 ἀλλ’
971 795 1171 870 ἐπιτεταμένως
1201 793 1248 854 καὶ
1277 795 1379 866 δλικῶς
1405 796 1472 874 πρδς
1500 795 1607 869 ἀσκησιν

319 917 413 998 ἴδοιεν,
447 917 532 995 γενεά
566 919 665 978 εδθέων
700 917 875 994 εὐλογημένη
909 916 980 1002 κατὰ
1012 916 1058 976 τδν
1090 917 1260 992 Σολομῶντα
1290 919 1453 995 φανήσονται
1483 915 1527 976 καὶ
1553 923 1608 975 τῶν

277 1029 279 1034 ’
322 1035 428 1098 ἀνωθεν
458 1039 568 1121 δωρεῶν
603 1039 716 1119 ἄφθονον
750 1041 843 1118 σχοῖεν
876 1040 924 1114 τὴν
957 1037 1093 1120 χορηγίαν
1123 1037 1170 1099 καὶ
1199 1039 1302 1100 ἔσοιντο
1332 1039 1367 1098 τά
1396 1041 1497 1115 ταμεῖα
1524 1040 1609 1098 ἀντῶν

320 1161 414 1240 πλήρη
438 1158 640 1242 ἐξερευγόμενα
671 1161 703 1221 ἐκ
732 1161 825 1222 τούτου
855 1159 895 1234 εἰς
925 1165 1002 1221 τοῦτο
1031 1160 1103 1220 κατὰ
1131 1159 1177 1220 τδν
1207 1159 1359 1240 ψαλμῳδδν
1381 1160 1429 1221 καὶ
1450 1161 1612 1241 χεθήσονταε

321 1284 372 1359 μέν
404 1283 432 1343 αί
462 1281 521 1343 ὁδοί
551 1283 638 1342 αὐτῶν
670 1283 789 1362 βουπίρῳ
815 1280 863 1342 καὶ
892 1281 926 1342 τά
956 1283 1005 1364 δρη
1028 1283 1192 1361 χεθήσονται
1214 1283 1351 1361 γάλακτι·
1375 1281 1400 1342 εἰ
1422 1282 1477 1364 γὰρ
1500 1282 1611 1362 φαιδράς

321 1405 370 1476 τὰς
399 1404 551 1480 λαμπάδας
579 1410 628 1480 τῆς
657 1407 746 1483 ψυχῆς
773 1404 818 1466 διὰ
846 1409 896 1482 της
925 1405 1086 1485 ἀκραιφνοῦς
1114 1404 1218 1483 ὑγιείας
1248 1400 1380 1484 ἀνάψαιεν
1402 1403 1450 1465 καῖ
1474 1405 1613 1486 ἀγράιινων

321 1533 375 1588 τῶν
397 1531 447 1605 τῆς
468 1530 557 1606 ψυχῆς
580 1526 728 1606 δφθαλμῶν
750 1525 789 1605 τῷ
812 1526 942 1606 ἀκηράτῳ
964 1526 1067 1606 νυμφίῳ
1087 1525 1195 1608 Χριστῷ
1217 1529 1285 1608 πρδς
1307 1529 1425 1604 ἀπαντὴν
1448 1527 1613 1603 ἑτοιμότατοι

322 1653 462 1728 γένοιντο,
493 1643 549 1710 οἷον
579 1649 726 1730 ἀρραβῶνά
756 1669 815 1710 τινα
844 1647 891 1709 καὶ
929 1655 1062 1731 μνήοτρον
1091 1655 1142 1726 τῆς
1173 1649 1251 1710 ἔνδον
1280 1655 1326 1711 τοῦ
1354 1654 1452 1726 νοητοῦ
1477 1656 1613 1730 νυμφῶνος

324 1771 488 1852 εάθυδρόμου
517 1769 565 1832 καί
594 1772 725 1851 λαμπροῖς
757 1769 937 1842 εἰσελεθσεως
965 1777 1019 1832 τῶν
1050 1769 1094 1832 ἐπί
1123 1779 1177 1850 γῆς
1206 1772 1318 1853 ἀγαθῶν
1343 1774 1392 1848 τήν
1413 1773 1614 1852 πλουσιθδωρσν

323 1895 401 1973 χύσιν
439 1894 513 1974 παρὰ
547 1893 637 1974 κυρίου
672 1893 870 1972 δαψιλεστάτην
904 1895 1058 1971 κτήσαιντο,
1101 1895 1264 1970 ζητήσαντες
1303 1895 1355 1970 μὲν
1389 1894 1439 1970 τήν
1473 1893 1613 1971 βασιλείαν

322 2023 376 2078 τῶν
405 2017 534 2096 οδρανῶν,
564 2014 598 2074 τά
629 2013 654 2074 δ’
670 2013 749 2074 ἀλλα
777 2016 865 2075 πάντα
893 2013 966 2075 κατά
993 2015 1149 2096 προσθήκην
1172 2019 1346 2092 κτησάμενοι.
1386 2016 1454 2078 ἀλλ’
1467 2017 1509 2093 εἴη
1531 2021 1614 2077 ταῦτα

323 2137 371 2200 καὶ
397 2141 514 2219 γένοιτο,
538 2135 645 2218 Χριοτέ,
679 2137 801 2218 βασιλεῦ,
824 2135 872 2197 καὶ
893 2139 925 2197 τδ
947 2135 1019 2218 ἱερδν
1041 2141 1119 2198 τοῖιτο
1141 2136 1188 2198 καὶ
1210 2141 1391 2214 πνευματικόν
1413 2161 1460 2214 μοι
1482 2142 1615 2220 γεώργιον

324 2261 374 2320 ίπδ
397 2257 439 2321 σοὶ
460 2257 578 2339 γεωργῷ
592 2257 639 2320 καὶ
654 2263 741 2338 φυτῶν
764 2259 906 2320 ἀθανάτων
930 2257 1083 2338 μελεδωνῷ
1097 2265 1300 2341 καρποφορῆσαι
1324 2260 1375 2336 μὲν
1399 2259 1439 2334 εἰς
1460 2263 1614 2342 τριάκοντα,

324 2384 528 2463 καρποφορῆσαι
558 2380 590 2440 δὲ
620 2377 659 2452 εἰς
688 2377 822 2456 ἑξήκοντα
843 2379 890 2441 καὶ
912 2381 1069 2441 τελευταῖον
1099 2378 1140 2454 είς
1162 2383 1259 2442 έκατδν
1280 2380 1328 2442 καὶ
1351 2377 1492 2443 ἀνατεῖλαι
1513 2385 1615 2462 στάχυς

326 2503 359 2564 ἑκ
380 2502 459 2563 τοῦδε
481 2502 661 2578 πνευματικὸς
683 2504 784 2584 ἀραῖος
805 2501 852 2564 καί
869 2505 999 2584 πέπειρος
1013 2502 1059 2564 καὶ
1074 2509 1124 2580 τῆς
1140 2503 1168 2564 ἐν
1184 2505 1306 2585 οῖνρανοῖς
1329 2503 1471 2582 ἀποθήκης
1494 2503 1612 2581 ἐποῖξιος,

324 2625 365 2684 δτι
387 2622 435 2685 καὶ
456 2625 507 2684 ἀπδ
529 2623 635 2704 φραυρῷ
657 2627 794 2710 τηρεῖσθαι
816 2627 892 2686 τοῦτο
915 2625 1012 2698 καλῶς
1036 2625 1092 2706 ἐγὼ
1119 2622 1309 2708 κατεφώρασε,
1332 2633 1365 2710 τῇ
1387 2629 1518 2707 πανάγνῳ
1540 2647 1613 2706 παρ-

325 2747 396 2826 θένῳ
425 2746 472 2808 καὶ
500 2747 571 2808 κατὰ
600 2748 698 2828 τρόπον
727 2745 775 2808 καί
803 2748 889 2828 λόγον
917 2749 1031 2829 ἄρρητον
1059 2750 1183 2832 κυησοίση
1206 2769 1238 2808 σε
1259 2747 1306 2810 καὶ
1328 2749 1455 2829 ήγεμὸνα
1476 2747 1521 2809 καὶ
1543 2770 1613 2830 προ-

326 2873 423 2947 οτοῖτην
434 2867 457 2955 ¹)
479 2876 528 2947 της
555 2868 753 2931 νεοσυλλέκτου
775 2871 873 2946 τοάτης
896 2870 1003 2951 ἀγέλης
1024 2873 1178 2951 προτέθηκα
1200 2868 1246 2931 καὶ
1269 2871 1322 2932 ἀπδ
1343 2872 1443 2948 ταίτης
1465 2871 1614 2948 κεκλῆσθαί

325 3013 355 3053 τε
378 2990 425 3054 καὶ
447 2993 693 3074 χαρακτηρίζεσθαι
722 2992 770 3068 τήν
794 2992 867 3074 ίεράν
889 2993 988 3068 τοτἀιην
1011 2993 1132 3074 μάνδραν
1154 2995 1330 3076 ήρετισσίμην,
1357 2993 1402 3053 ἵνα
1428 2993 1475 3054 καὶ
1498 2994 1535 3068 ὡς
1558 3015 1612 3070 μη-

324 3117 414 3197 τρικδν
437 3116 567 3193 ἀνάθημα
589 3115 789 3197 δαψιλεστίρας
803 3122 852 3192 της
868 3121 918 3193 σῆς
933 3115 1047 3196 ἀρωγῆς
1069 3111 1231 3188 ἐπιτεάξοιτο
1253 3113 1300 3176 καὶ
1321 3116 1367 3176 τδν
1390 3117 1498 3176 ἅπαντα
1517 3117 1613 3196 χρόνον

327 3239 355 3299 ἐν
384 3238 446 3320 ἱερᾷ
474 3239 636 3299 καταπάσαι
667 3238 871 3318 διαφυλάττοιτο
896 3237 1078 3317 ,παρακαλῶ
1112 3234 1157 3298 οὖν
1192 3235 1238 3298 καί
1267 3233 1351 3298 πάλιν
1383 3237 1445 3309 τοδς
1479 3237 1548 3314 μετὰ
1580 3235 1612 3312 μὲ

326 3358 494 3439 ἀγιωτοίτους
527 3359 660 3434 δεσπότας
690 3379 741 3436 μου
771 3358 907 3440 ἀδελφοὺς
937 3357 984 3420 καὶ
1015 3357 1249 3440 συλλειτουργοδς,
1284 3359 1449 3440 ἀρκεσθήναι
1483 3362 1552 3442 μόνη
1582 3361 1612 3437 τῇ
1664 3355 1665 3410 ί

317 3483 414 3542 αάτῶν
436 3481 558 3565 ἀναφορᾷ
579 3481 626 3542 καὶ
649 3481 727 3542 οάδὲν
751 3485 842 3562 ἕτερον
866 3479 968 3542 δίκαιον
990 3482 1140 3558 κεκτῆσθαι
1161 3474 1206 3541 ἐπί
1220 3489 1253 3566 τῇ
1269 3480 1417 3559 πολλαχοιῖ
1437 3479 1611 3562 προρρηθείση
1664 3499 1665 3540 ι

326 3608 398 3684 μονῇ
420 3606 439 3678 ή
462 3602 608 3684 σφραγῖδος
629 3606 648 3678 ή
672 3601 807 3682 ἑπιλογής
827 3603 980 3684 ἡγουμένου
1002 3605 1020 3679 ἢ
1042 3604 1234 3684 παραπέμπειν
1249 3603 1280 3663 τδ
1299 3605 1417 3663 τοιοῦτον
1440 3605 1610 3682 μονασιήριον
1664 3571 1665 3640 ί

328 3723 367 3797 εἰς
390 3727 471 3806 ἕτερα
491 3726 622 3806 πρόσωπα
652 3723 827 3806 δωρεαστικῷ
853 3723 932 3806 λόγῳ
953 3729 971 3800 ή
994 3727 1099 3786 τάττειν
1121 3723 1180 3785 τινὰ
1202 3725 1324 3802 μοναχδν
1347 3725 1540 3800 καταπεμπτδν
1549 3720 1575 3807 ²)
1595 3723 1611 3794 ή

327 3847 395 3908 ἴδιον
416 3849 435 3922 ή
459 3845 604 3928 ἀλλότριον
633 3851 651 3922 ἡ
684 3845 760 3919 δλως
791 3844 913 3921 ἐξουσίαν
942 3847 1002 3908 τινά
1031 3848 1105 3926 ἔχειν
1129 3847 1158 3908 ἐν
1182 3841 1263 3927 σιἰιῷ,
1287 3845 1388 3921 ἀλλ’ἢ
1413 3848 1496 3922 μανον
1518 3845 1548 3906 τδ
1567 3848 1611 3919 τῆς
1664 3837 1665 3896 3

327 3969 474 4049 ἀναφοραῖς,
497 3971 536 4042 ὡς
557 3968 714 4052 προείρηται
729 4015 737 4032 .
755 3969 853 4052 ὁρκίζω
883 3963 947 4050 γαῖν
979 3969 1073 4041 αάτοδς
1103 3967 1143 4042 εἰς
1171 3970 1202 4029 τδ
1224 3968 1438 4050 φρικωδέστατον
1461 3968 1548 4046 δνομα
1567 3972 1610 4040 τής

327 4091 408 4170 ἀγῖας
436 4091 554 4172 τριάδος,
585 4093 723 4168 μηδέποτε
752 4093 822 4175 πρδς
853 4092 983 4175 ἐπήρειαν
1012 4095 1030 4168 ή
1061 4092 1160 4169 ζημίαν
1190 4094 1209 4168 ή
1239 4090 1374 4153 δούλωσιν
1396 4091 1552 4168 ἀποβλέψαι
1571 4088 1610 4146 τοῖ
1664 4145 1665 4170 ρ

328 4213 501 4290 δηλωθέντος
523 4215 718 4298 μσνασπηρίου·
743 4215 888 4297 ἐλεάθερον
902 4215 956 4296 γάρ
973 4209 1043 4276 εἶναι
1063 4211 1191 4289 καθάπαξ
1214 4215 1393 4290 διατυποῖμεν
1414 4217 1506 4290 πάσης
1526 4209 1608 4292 χειρδς

330 4339 524 4420 ἀρχιερατικῆς
545 4359 574 4398 τε
597 4337 644 4398 καὶ
666 4338 846 4420 ἀρχοντικῆς·
871 4337 914 4400 ἐπὶ
936 4339 1021 4418 τοίτῳ
1042 4338 1097 4420 γάρ
1119 4336 1166 4399 καί
1188 4339 1218 4398 τδ
1240 4337 1326 4417 παρδν
1347 4337 1428 4412 ήμῶν
1451 4323 1608 4422 [ὑπόμνημα]

328 4463 468 4545 ἀπογραφῇ
499 4461 631 4522 πιοτωθὲν
662 4458 710 4522 καί
738 4467 772 4544 τῇ
805 4461 849 4522 διά
872 4455 1011 4538 μολίβδου
1043 4460 1151 4544 βοθλλῃ
1182 4459 1343 4541 σφραγισθὲν
1372 4459 1459 4542 πῇέν
1482 4457 1521 4519 ἐνὶ
1542 4457 1607 4534 μέρει

434 4725 454 4790 ¹)
473 4725 505 4775 ln
524 4723 580 4775 eod.
600 4739 665 4776 corr.
685 4738 718 4775 ex
730 4717 874 4791 προστάτην.
946 4719 1133 4790 1)κοιταπετιτίν
1147 4720 1205 4772 οοά
