3246 5288
1314 383 1378 447 403

63 573 163 633 αὑτῶν
188 577 278 636 ποίντα
303 575 400 656 ἐχθρδν
422 573 470 635 καί
491 576 640 652 πολέμιον·
672 576 756 657 κύριε,
791 576 939 656 ἑλέησονέί,
971 575 1007 650 ιβ’
1030 575 1077 637 καί
1100 578 1169 638 οὑτω
1191 584 1241 653 τῆς
1265 579 1379 652 ἑωθινῆς

64 693 247 776 δοξολογίας
270 697 423 778 ἀρχόμεθα,
453 701 487 773 ἣν
511 699 579 758 οὑτω
603 697 666 758 δέον
689 700 786 758 ποιεῖν·
818 699 889 773 μετά
911 699 959 773 τὴν
980 703 1027 758 τοῦ
1054 700 1181 778 μεγάλου
1204 701 1379 780 σημαντῆρος

64 817 231 898 διάκρουσιν
264 819 438 898 εὐλογεῖσθαι
460 820 506 879 τδν
529 820 591 880 θεδν
613 819 688 899 παρά
709 824 755 880 τοὺ
777 821 826 895 τὴν
850 817 999 900 ἐφημερίσιν
1028 821 1140 898 ἔχοντος
1163 819 1260 901 ἱερέως
1283 820 1378 880 αὐτίκα

63 941 113 998 τδν
139 940 226 1000 τύπον
249 944 296 1000 τοῦ
317 939 405 1016 τιμίου
428 945 542 1020 σταυρού
565 942 716 1022 ἔμπροσθεν
739 947 788 1016 τῆς
811 941 893 1019 ἀγίας
914 943 1050 1020 τραπέζης
1072 942 1157 1014 οὑτως
1181 921 1377 1022 ἐκᾳωνούντος·

65 1059 169 1138 ,δόξα
190 1067 224 1142 τῇ
248 1062 315 1145 ἁγίᾳ
337 1061 384 1122 καί
406 1060 551 1144 θμοουσίῳ,
580 1062 735 1142 ἀδιαιρέτῳ,
760 1061 884 1142 ζωοποιῷ
906 1055 954 1122 καί
978 1059 1121 1142 ἀσυγχύτῳ
1144 1063 1231 1144 τριάδι
1253 1067 1377 1144 πάντοτε,

65 1191 113 1242 νῦν
139 1183 193 1244 καί
216 1183 329 1244 ἀείκαὶ
353 1183 393 1256 είς
414 1184 476 1258 τοὺς
503 1183 605 1254 αἰῶνας
627 1190 682 1244 τῶν
705 1183 842 1244 αίῶνωνίί.
889 1180 960 1260 με’τά
981 1188 1027 1245 τού
1050 1185 1223 1266 θυμιατηρίου
1247 1187 1377 1266 έπισρρα-

65 1300 209 1386 γίζοντος,
233 1304 278 1385 ἀρ’
292 1301 323 1366 οὑ
337 1309 368 1366 τδ
384 1307 502 1386 ,,ἀμὴν“
518 1307 705 1386 ἐκδεχόμενον
720 1309 766 1366 τόν
782 1327 811 1366 τε
827 1310 1017 1387 προεστῶταῆ
1033 1306 1079 1366 καί
1102 1309 1147 1367 τόν
1171 1308 1378 1388 ἐκκλησιοίρχην

66 1431 131 1486 τοῦ·
169 1427 261 1508 ,δόξα
284 1429 312 1489 ἐν
335 1428 451 1506 ὑψίστοις
474 1428 560 1508 θεῷέέ,
591 1427 639 1488 καί
669 1429 830 1501 ἀκολούθως
851 1434 898 1489 τού
921 1427 1083 1506 έξαψοίλμου
1107 1430 1183 1501 εὐθὺς
1207 1425 1379 1510 ἀπέρχεσθαι

67 1549 219 1627 σχολαίως
228 1549 252 1633 ¹)
273 1570 303 1610 τε
333 1549 380 1610 καί
410 1551 530 1629 ἡσύχως,
562 1552 658 1631 μικρὸν
690 1551 759 1628 ἀγαν
789 1551 993 1630 ὑπορωνούντας
1016 1551 1048 1610 τά
1075 1551 1144 1630 ρητά
1166 1557 1219 1612 τῶν
1249 1551 1379 1630 ψαλμῶν,

67 1671 103 1731 ἶν’
119 1671 250 1732 ἐντεῦθεν
267 1673 357 1750 ἔχοιεν
373 1674 491 1744 ἅπαντες
514 1673 710 1752 ἀπροσκέπτως
725 1672 771 1732 καί
795 1673 928 1746 ἀπλανῶς
948 1673 1015 1732 αὑιά
1038 1671 1226 1754 διεξέρχεσθαι
1249 1669 1296 1733 καί
1312 1676 1380 1734 οὑτω

69 1794 145 1867 μετὰ
168 1794 220 1868 τὴν
242 1797 291 1853 τού
314 1790 478 1872 έξαψοίλμου
501 1795 696 1874 συμπλήρωσιν
719 1791 838 1869 καθεξῆς
860 1793 909 1868 τὴν
924 1799 1013 1853 πᾶσαν
1037 1793 1207 1854 ἐκτελεῖσθαι
1222 1795 1380 1875 τούδρθρου

70 1915 254 1999 ἀκολουθίαν,
277 1915 371 1988 καθὼς
393 1917 423 1975 τ“ο
445 1923 495 1992 τῆς
519 1913 670 1992 ἐκκλησίας
693 1913 804 1988 διέξεισι
827 1917 945 1977 τυπικόν.
990 1919 1068 1976 τοῦτο
1091 1915 1122 1975 δὲ
1144 1920 1241 1995 ποιεῖν,
1265 1918 1310 1976 ότε
1332 1919 1378 1976 τέ’

71 2039 162 2116 ,θεὸς
184 2039 300 2119 κύριοςα
327 2038 491 2116 ψάλλομεν·
515 2040 545 2096 τό
568 2037 622 2117 γὰρ
645 2036 804 2112 ἀλληλούια
826 2043 876 2112 τῆς
897 2039 1004 2117 ἡμέρας
1028 2038 1145 2115 ἐχούσης
1168 2039 1221 2098 ἀπὸ
1244 2043 1290 2099 τού
1304 2061 1379 2118 τρισ-

71 2161 155 2237 αγίου
185 2161 340 2240 ἀρχόμεθα.
386 2160 471 2232 οὑτως
498 2157 544 2218 οὑν
568 2159 642 2219 ἐσται
673 2159 896 2240 ἀπαραλλάκτως
920 2158 949 2218 ἐν
970 2159 1049 2219 παντί
1070 2159 1157 2240 καιρῷ
1180 2160 1226 2220 καί
1248 2163 1381 2242 χρόνᾳὴ

72 2281 138 2363 περὶ
162 2287 215 2357 τῆς
236 2283 421 2361 ἡμερονύκτου
443 2281 608 2352 ἀκολουθίας
629 2283 708 2357 ἡμῶν
731 2281 904 2353 ὑποτύπωσις.

182 2403 209 2464 ι’.
235 2403 325 2464 Ἀλλά
346 2405 401 2484 πρὶν
423 2405 531 2463 πάντων
552 2403 708 2483 παρακαλῶ
731 2402 801 2478 ὑμᾶς
822 2403 885 2474 τοὺς
906 2403 1103 2477 πνευματικούς
1126 2425 1177 2479 μου
1197 2406 1317 2485 πατέρας
1333 2405 1380 2465 καί

72 2526 225 2605 ἀδελφούς,
256 2527 326 2586 ῶστε
357 2527 396 2600 μή
425 2545 484 2584 τινα
512 2530 562 2602 τῖγς
594 2524 823 2600 ἑκκλησιαστικῆς
854 2523 1018 2596 ἀκολουθίας
1049 2525 1286 2599 ἀπολιμπάνεσθαι
1308 2529 1326 2601 ἢ
1351 2526 1380 2585 ἐν

71 2651 134 2720 ταῖς
157 2651 325 2726 νυκτεριναῖς
346 2645 393 2706 καί
415 2647 558 2727 ἡμεριναῖς
580 2643 756 2724 δοξολογίαις
778 2649 796 2721 ἢ
820 2645 849 2704 ἐν
864 2647 924 2718 ταῖς
945 2647 1067 2721 συνήθως
1089 2647 1269 2722 τελουμένοις
1293 2649 1381 2728 ἀγρυ-

75 2769 180 2846 πνίαις,
205 2770 244 2840 ὡς
260 2768 335 2850 είτερ
351 2789 391 2839 τις
406 2769 477 2828 κατά
500 2767 631 2852 ῥᾳθυμίαν
650 2766 697 2827 καί
722 2767 856 2843 ἀμέλειαν
880 2767 1057 2847 ἀπολειφθείη
1073 2767 1120 2828 καί
1136 2769 1174 2844 μὴ
1191 2769 1225 2828 δι’
1239 2765 1381 2829 ἀσθένειαν

74 2893 92 2964 δ,
116 2888 167 2950 καὶ
192 2893 355 2970 συγγνώμην
378 2886 453 2951 οἶδεν
477 2890 650 2970 ἐφέλκεσθαι,
675 2891 743 2950 ἔστω
766 2891 781 2948 δ
803 2894 931 2968 τοιούτος,
955 2891 993 2962 ῶς
1016 2889 1043 2949 εί
1056 2911 1090 2968 γε
1111 2890 1180 2965 μετά
1202 2891 1311 2970 πρώτην
1334 2889 1381 2949 καί

75 3011 210 3092 δευτέραν
232 3010 278 3071 καί
310 3011 401 3093 τρίτην
427 3011 584 3094 παραίνεσιν
615 3011 771 3094 ἑπιμείνῃῖ)
794 3017 845 3099 τῇ,
859 3013 975 3094 ῥαθυμίᾳ
1005 3013 1094 3092 αὑτοῦ,
1126 3012 1231 3072 ένδικον
1258 3013 1380 3072 ἐντεύθεν

76 3131 134 3206 ἕξει
157 3134 191 3193 τδ
215 3133 355 3212 ἐπιτίμιον,
385 3135 434 3208 τἠν
465 3131 632 3214 ξηροφαγίαν
656 3133 737 3208 αὑτὴν
759 3133 806 3192 καὶ
828 3135 858 3194 τό
880 3133 1047 3214 ὑδροποτεῖν,
1076 3135 1185 3210 καθ’ἥν
1207 3135 1314 3215 ἡμέραν
1336 3134 1380 3192 ὑπ’

76 3255 158 3315 αὑτοῦ
182 3259 259 3315 τοῦτο
281 3255 509 3334 πλημμεληθείη,
534 3255 561 3314 εἴ
581 3275 615 3332 γε
635 3253 744 3331 δηλαδὴ
768 3255 794 3315 οί
817 3256 904 3335 έτεροι
927 3253 1041 3334 ἀδελφοί
1065 3255 1193 3315 ἐσθίουσιν
1217 3256 1311 3316 ἔλαιον
1334 3253 1380 3314 καί

76 3377 197 3437 πίνουσιν
225 3372 306 3437 οίνον.
354 3375 377 3436 εἰ
401 3377 431 3438 δέ
454 3379 488 3456 γέ
516 3397 567 3437 που
597 3370 667 3436 οὗτοι
697 3373 735 3455 τῷ
764 3381 814 3451 τῆς
845 3375 948 3453 διαίτης
978 3375 1091 3456 σκληρῷ
1121 3378 1181 3437 κατ’
1196 3376 1301 3454 ἐκείνην
1332 3378 1380 3451 τὴν

76 3499 187 3578 ἡμέραν
209 3501 392 3578 πρόσκεινται,
415 3505 505 3574 νῆστις
527 3498 542 3557 δ
563 3501 683 3569 τοιούτος
706 3496 839 3576 διαμενεῖ,
867 3494 948 3577 ἀχρις
970 3501 1003 3556 ἀν
1025 3497 1041 3556 ό
1064 3499 1202 3578 έοπερινός
1224 3499 1307 3575 ὑμνος
1330 3499 1379 3558 δέ·

78 3617 159 3694 ξηται
190 3621 288 3700 πέρας,
318 3611 465 3695 τηὺικαύτα
493 3619 547 3700 γάρ
570 3623 764 3700 συγχωροῦμεν
794 3621 955 3699 ριλαγάθως
975 3621 1060 3698 τούτῳ
1082 3622 1113 3680 τδ
1136 3619 1310 3701 ξηροφαγεῖν.
1355 3619 1380 3680 οί

79 3743 172 3815 μέντοι
196 3741 346 3813 διακονίαις
375 3739 440 3814 ἴσως
462 3739 528 3802 τισίν
552 3740 793 3819 ἀσχολούμενοιῆ
815 3743 983 3818 σωματικαῖς
1006 3741 1174 3823 ἀρρωστίαις,
1205 3743 1243 3814 ὡς
1266 3741 1380 3823 εἴρηται,

78 3862 316 3942 προσπαλαίοντες
330 3865 348 3936 ἢ
364 3861 411 3922 καί
427 3863 476 3922 ὑπδ
490 3865 576 3922 κόπου
590 3855 637 3923 καί
652 3862 807 3943 ὁδοιπορίας
821 3863 893 3934 τινὀς
916 3861 1086 3934 ἀκλοίσαιτες
1101 3863 1140 3942 τῷ
1154 3865 1266 3944 τοιούτῳ
1287 3863 1381 3942 δεσμῷ

80 3985 130 4062 οὑχ
162 3984 415 4059 ὑποβληθησονται·
446 3986 506 4056 ταῖς
527 3983 581 4064 γὰρ
611 3983 763 4056 ἀσθενείαις
784 3989 837 4043 τῶν
867 3983 1016 4064 ἀνθρώπων
1038 3983 1164 4057 καὶτοῖς
1191 3985 1286 4056 κόποις
1312 4005 1380 4064 συγ-

80 4104 258 4180 καταβαίνειν
279 4108 381 4186 χρεῶν.

186 4225 233 4291 ια’.
258 4229 380 4288 Λεκτέον
398 4227 429 4287 δὲ
446 4227 506 4304 ὑμῖν
523 4227 577 4308 ἀρα
591 4226 638 4288 καί
660 4225 722 4306 περί
744 4233 794 4305 τῆς
817 4229 971 4306 σωσιψὺχου
994 4226 1212 4309 ἑξαγορεύσεως·
1237 4229 1300 4290 δέον
1323 4229 1380 4288 τοί-

81 4371 124 4410 νυν
147 4353 194 4411 τ“ον
225 4354 385 4430 προεστῶτα
407 4349 437 4408 ἐν
469 4345 570 4432 έκοίοτᾳ
601 4348 735 4432 ἀγρυπνίᾳ
764 4347 811 4408 καὶ
842 4350 904 4408 καθ’
917 4351 947 4409 δν
970 4352 1003 4408 ἀν
1031 4350 1110 4422 αὑτδς
1140 4349 1253 4428 αἱρεῖται
1283 4351 1382 4426 ταύτης

82 4473 175 4554 καιρδν
200 4469 372 4562 είσέρχεσθαι
395 4468 436 4542 εἰς
457 4471 488 4530 τδ
518 4469 670 4530 διακονικδν
692 4468 738 4530 καί
760 4472 862 4542 παντός
891 4471 1040 4531 οὑτινοσοῦν
1070 4471 1152 4550 έργσυ
1179 4469 1313 4551 ἀρεμένον
1335 4471 1383 4533 καὶ

188 4732 209 4796 ¹)
229 4727 342 4798 σχολέως
360 4727 392 4778 Ε.
463 4727 484 4790 ²)
504 4727 622 4798 ἐπιμείναι
639 4729 670 4778 Ε.
