3240 5286
256 356 320 420 278
366 368 369 374 '

258 553 337 611 αύτού
360 551 497 632 Γεωργίου
520 551 626 632 ἱερέως,
649 553 683 626 ἢν
706 551 818 612 ἀνέθετο
842 553 871 612 ἐν
895 553 966 633 αύτῷ
988 556 1007 631 ἡ
1030 553 1159 628 βασιλεία
1182 575 1234 630 μου
1250 554 1446 635 δωρεαστικῶς.
1472 556 1549 634 ἐντῷ

256 671 350 752 χωρίῳ
374 674 455 754 Χαρᾶ
483 673 517 731 τὰ
546 673 643 752 γονικά
672 675 809 752 κτήματα,
841 674 918 733 ἅτινα
947 677 1112 755 προκατέχει
1142 677 1159 750 ἡ
1191 678 1272 755 μονή,
1303 674 1351 736 καὶ
1376 678 1486 752 νέμεται
1510 677 1549 736 διδ

256 797 471 874 προσταγμάτων
495 793 656 873 βασιλικῶν,
687 799 733 855 τού
759 815 788 854 τε
816 793 938 871 ἀοιδίμου
966 795 1105 870 βασιλέως
1127 801 1177 878 κύρ
1201 797 1328 860 Ἰωάννου
1350 801 1396 860 τού
1418 799 1549 878 Μεγάλου

257 918 403 992 Κομνηνού
426 917 540 987 ἐκείνου,
565 921 610 976 τού
632 919 796 998 προπάππου
812 939 873 998 μου,
896 917 943 978 καὶ
957 925 1007 996 τῆς
1023 920 1146 997 ἀοιδίμου
1161 920 1306 998 δεσποίνης
1321 927 1371 998 τῆς
1384 923 1549 1003 προμάμμης

258 1059 319 1118 μου,
343 1040 437 1116 κυρίας
460 1037 594 1111 Εύδοκίας
618 1034 846 1122 Παλαιολογίνας
867 1047 916 1116 τῆς
937 1045 1196 1124 πορφυρογεννητου,
1219 1041 1322 1103 καὶτὰ
1346 1044 1434 1103 ἐκεῖσε
1454 1044 1548 1119 συνέβη

258 1159 396 1235 βασιλικά.
443 1159 473 1218 ἐν
502 1158 542 1232 τῷ
575 1159 669 1240 χωρίῳ
699 1161 860 1241 Κιντζικερά
890 1163 938 1238 τὴν
974 1164 1159 1244 ἀγοραστικὴν
1188 1166 1327 1244 γονικείαν
1355 1169 1401 1226 τού
1430 1165 1549 1244 μεγάλου

258 1280 355 1352 δουκδς
372 1281 500 1339 Ἰωάννου
523 1281 627 1340 ἐκείνου
649 1285 695 1342 τού
718 1281 864 1362 Εύνούχου,
887 1286 920 1359 ἦν
944 1284 1129 1365 ἀπεχαρίσοιτο
1151 1287 1169 1360 ἡ
1193 1286 1320 1361 βασιλεία
1343 1307 1396 1362 μου
1417 1289 1483 1366 πρδς
1504 1287 1548 1360 τὴν

258 1403 382 1478 τοιαύτην
405 1404 500 1482 μονήν,
524 1406 644 1480 ψυχικῆς
667 1403 750 1478 αὐτῆς
773 1401 907 1484 σωτηρίας
930 1407 1033 1468 ἕνεκεν.
1067 1406 1095 1466 ἐν
1117 1403 1156 1485 τῷ
1179 1407 1272 1486 βάνδῳ
1288 1408 1424 1487 Γημωράς
1439 1407 1549 1468 Χαλδο·

257 1524 393 1603 γεώργιον
422 1525 469 1582 τὀν
492 1523 606 1604 Βίγκην,
636 1523 783 1585 Βασίλειον
813 1527 859 1585 τδν
883 1527 1031 1608 Καρούχην
1061 1529 1106 1588 σύν
1128 1528 1167 1608 τῷ
1194 1527 1307 1608 ἀδελφῷ
1330 1527 1377 1589 καὶ
1401 1527 1548 1610 ἐξαδέλφῳ,

258 1645 428 1727 ἀπεχαρίσθη
451 1644 499 1705 καὶ
522 1646 574 1705 ἀπδ
597 1651 642 1706 τού
665 1647 803 1707 καπαλίου
825 1654 874 1723 τῆς
896 1649 1035 1729 Δουβερᾱς
1059 1651 1148 1730 ἀσπρα
1172 1649 1305 1726 διακόσια,
1333 1649 1380 1711 καὶ
1402 1651 1485 1711 παλιν
1506 1653 1548 1712 ἀπ’

258 1766 338 1826 αύτού
360 1772 406 1827 τού
428 1767 565 1828 καπαλίου
588 1771 668 1848 ἔτερα
691 1765 781 1851 άσπρα
803 1774 944 1850 τριακόσια
965 1773 1033 1850 πρδς
1054 1771 1103 1848 τὴν
1122 1777 1168 1832 τού
1183 1775 1299 1854 κάστρου
1314 1771 1438 1852 φύλαξιν.
1470 1775 1548 1852 ἐπεγ-

258 1887 402 1948 κελεύεται
433 1889 464 1948 δὲ
494 1891 511 1964 ἡ
536 1889 665 1964 βασίλεια
688 1911 738 1966 μου
762 1891 807 1950 διὰ
829 1897 875 1952 τού
897 1893 1030 1973 παρόντος
1051 1892 1258 1974 χρυσοβούλλου
1280 1893 1368 1973 λόγου
1391 1896 1480 1976 σιύτῆς,
1510 1898 1549 1956 ἵνα

258 2011 309 2070 όσα
331 2009 381 2086 μὲν
396 2011 495 2089 γονικά
510 2013 700 2092 προσηλθοσαν
716 2019 749 2095 τῇ
766 2012 897 2096 εἰρημένη
914 2021 993 2096 μονῇ,
1017 2015 1187 2095 ύδρομυλικά
1202 2015 1379 2097 ἐργαστήρια,
1402 2019 1475 2078 τόποι
1490 2018 1547 2077 ἀκί-

256 2151 341 2212 νητοι,
375 2129 513 2208 οἰκήματά
545 2154 574 2193 τε
608 2133 655 2194 καὶ
688 2135 874 2211 όσπητανάκια
904 2134 950 2194 καί
984 2136 1088 2196 ἀλλοῖα
1121 2140 1230 2197 τοιαῦτα
1264 2138 1429 2198 ύποστατικδι
1460 2139 1491 2199 έκ
1522 2161 1548 2198 τε

257 2253 471 2333 χρυσοβούλλων
501 2254 548 2315 καὶ
575 2256 679 2316 λοιπῶν
702 2259 918 2336 προσταγμάτων
943 2256 1105 2336 βασιλικῶν,
1139 2259 1171 2317 ’έκ
1192 2279 1223 2318 τε
1245 2259 1428 2340 φιλοχρίστων
1450 2260 1548 2342 ἀνδρῶν

257 2379 421 2452 χαριστικῶν
451 2396 481 2434 τε
513 2379 571 2452 ἅμα
598 2376 645 2438 καὶ
674 2378 875 2457 λεγοιτευτικῶν
907 2375 1050 2458 ἐγγράφων
1073 2383 1091 2454 ἢ
1113 2377 1160 2438 καὶ
1184 2376 1215 2452 ἐξ
1242 2378 1316 2440 ἰδίων
1344 2381 1501 2461 ἀγοράσεύν
1520 2402 1547 2440 τε

257 2494 304 2554 καὶ
318 2495 504 2575 προσενέξεων
521 2501 613 2578 αύτης,
636 2497 680 2559 ναὶ
700 2499 753 2575 μὴν
768 2497 815 2558 καὶ
832 2498 876 2558 διδι
897 2499 1086 2580 ἀνοιγραφικῶν
1108 2497 1294 2580 ἐκστοιχείων,
1319 2501 1348 2560 ἐν
1364 2502 1432 2575 οἵοις
1447 2501 1547 2576 βάνδεσι

257 2615 304 2676 καὶ
333 2618 444 2698 χωρίοις
474 2617 521 2680 καὶ
551 2623 659 2680 στάσεσι
690 2619 847 2700 διάκεινται,
878 2625 929 2680 κάν
958 2621 1005 2681 καὶ
1029 2622 1058 2681 ἐν
1085 2621 1123 2702 τῷ
1153 2625 1264 2704 παρόντι
1285 2624 1485 2704 χρυσοβούλλῳ
1504 2631 1547 2701 τῆς

258 2738 401 2812 βασιλείας
432 2759 483 2816 μου
513 2742 601 2822 ῥητῶς
632 2742 680 2802 ούκ
711 2743 876 2822 ἐγράφησαν,
907 2743 974 2803 ἀλλ’
987 2740 1033 2802 σύν
1055 2749 1089 2825 τῇ
1112 2742 1224 2820 δυνάμει
1246 2745 1402 2807 τούτουκαὶ
1427 2747 1547 2828 ἑμφονείρ

256 2871 362 2949 κατέχῃ
385 2862 432 2924 καὶ
454 2868 538 2924 ταύτα
560 2866 577 2938 ἡ
602 2867 683 2940 μονή,
707 2865 745 2936 ὡς
767 2864 823 2924 ἴδια
847 2865 930 2942 αύτῆς
952 2866 1050 2944 γονικόι
1071 2869 1208 2946 κτήματα,
1233 2843 1385 2942 ἀκωλύτως
1406 2872 1491 2946 πάντη
1506 2867 1546 2929 καὶ

257 2988 433 3059 ἀδιασείστως
460 2985 532 3046 κατά
553 2985 602 3058 τάς
625 2985 788 3066 περιληψεις
810 2992 863 3046 τῶν
885 2990 1040 3067 προσόντων
1063 2990 1129 3069 αύτῇ
1151 2982 1270 3068 χαρτίων
1294 2987 1486 3065 δικαιωμάτων
1506 2988 1545 3048 καὶ

256 3110 403 3190 σιγιλλίων
426 3110 502 3186 δμού.
535 3108 594 3168 ἐπεὶ
616 3107 647 3168 δὲ
670 3109 700 3168 τδ
722 3107 824 3189 χωρίον
846 3108 1005 3188 ἡΔουβερόι
1028 3110 1097 3186 μετὰ
1118 3115 1172 3170 τῶν
1193 3111 1222 3170 ἐν
1243 3111 1309 3192 οῶτῇ
1324 3113 1545 3190 προσκαθημένων

255 3233 394 3314 παροίκων
414 3229 461 3292 καὶ
477 3229 648 3312 γονικαρίων,
673 3230 750 3290 ἀλλά
766 3231 800 3305 δὴ
816 3227 863 3290 καὶ
879 3229 905 3290 οἱ
921 3229 959 3301 εἰς
974 3235 1020 3292 τού
1036 3231 1200 3292 Κουσπιδίου
1217 3233 1403 3311 εὑρισκόμενοι
1418 3231 1464 3293 καὶ
1479 3230 1546 3312 πέριξ

256 3357 324 3430 όμού
347 3353 511 3430 ἀνετέθησαν
536 3350 574 3424 είς
601 3352 744 3433 παροικίαν
767 3350 813 3412 καὶ
837 3353 1010 3433 διακράτησιν
1033 3355 1132 3430 ταύτης
1153 3359 1204 3430 τῆς
1227 3359 1314 3432 μονῆς
1337 3361 1387 3430 τῆς
1411 3356 1545 3432 Σουμελάς

256 3476 331 3556 παρὰ
352 3477 399 3562 τού
422 3474 584 3549 ἀειμνήστου
608 3473 756 3550 βασιλέως,
780 3478 826 3534 τού
848 3476 958 3534 πάππου
982 3495 1043 3554 μου,
1066 3479 1115 3555 κύρ
1132 3473 1259 3548 Ἀλεξίου
1280 3480 1326 3536 τού
1343 3477 1480 3554 Μεγάλου
1494 3477 1545 3535 Κο-

257 3601 367 3676 μνηνού,
384 3596 585 3672 ἀκαταζήτητοι
600 3598 687 3671 πάντη
703 3592 749 3654 καὶ
763 3595 903 3677 ἐλεύθεροι
914 3595 957 3656 διὰ
968 3597 1175 3676 χρυσοβούλλου
1187 3603 1371 3678 προσκυνητού
1381 3602 1429 3658 τού
1442 3601 1545 3680 κράτους

256 3719 336 3778 αύτού
359 3716 405 3778 καὶ
429 3717 524 3776 ἔκτοτε
547 3718 630 3796 μέχρι
652 3721 697 3775 τού
719 3719 774 3796 νύν,
798 3717 892 3796 καιρόν
913 3719 981 3798 πρός
994 3719 1097 3799 1καιρόν
1121 3719 1215 3790 ἀδείας
1239 3717 1406 3799 δραξάμενοι
1429 3719 1455 3779 οί
1477 3719 1545 3800 ἐνερ-
1601 3781 1602 3794 ,

1601 3809 1602 3830 ι

256 3844 369 3917 γοῶντες
391 3839 425 3899 τά
447 3845 495 3913 τῆς
517 3841 613 3918 χῶρας
628 3839 817 3908 Ματζουκάων
839 3838 1056 3919 φορολογύματά
1078 3859 1108 3899 τε
1131 3839 1177 3899 καὶ
1197 3840 1281 3900 λοιπά
1297 3839 1455 3917 δημοσισκά
1470 3844 1544 3916 ζττη-

258 3983 341 4042 ματα,
365 3962 399 4020 τά
422 3965 467 4020 τού
486 3959 693 4040 χρυσοβούλλου
708 3961 772 4040 παρ’
782 3960 860 4021 ούδὲν
877 3961 997 4040 θέμενοι,
1021 3959 1148 4037 εἰσῆλθον
1164 3963 1256 4042 ὥσπερ
1271 3959 1342 4033 τινὲς
1357 3963 1442 4043 θῆρες
1458 3963 1544 4042 ἀγριυι,

257 4082 303 4142 καὶ
333 4082 359 4142 οἱ
389 4083 441 4158 μὲν
472 4081 649 4157 ἐλυμαίνοντο
679 4083 787 4154 τούτους
816 4080 863 4141 καὶ
894 4083 1045 4162 ἐπηρέαζον
1076 4085 1145 4142 κατά
1176 4103 1206 4142 τε
1237 4083 1323 4164 κρίσιν
1352 4081 1399 4143 καὶ
1423 4083 1544 4162 ἀγγαρίαν

257 4200 371 4284 έκσιιρον
394 4204 440 4264 καὶ
464 4203 622 4280 δυναστικὴν
645 4207 795 4281 συζήτησιν,
820 4203 844 4264 οί
868 4202 899 4263 δὲ
923 4202 1133 4284 διαχωρίζοντες
1154 4211 1204 4280 τῆς
1226 4204 1371 4284 παροικίας
1393 4204 1542 4284 προεξένουν

256 4326 365 4397 τούτους
387 4325 501 4405 ἄρχουσι
523 4324 569 4384 καὶ
593 4325 735 4396 δυνάσταις
757 4323 804 4384 καὶ
827 4326 934 4396 λοιποῖς
956 4347 1032 4406 τισιν,
1056 4328 1086 4386 ού
1109 4326 1198 4386 καλδν
1218 4327 1311 4404 ἠγβθη
1333 4331 1411 4386 τοῦτο
1427 4333 1460 4408 τῇ
1476 4327 1541 4401 βασι-

254 4447 320 4530 λείᾳ
343 4467 404 4526 μου,
429 4447 486 4508 ούδ’
500 4446 624 4524 εύλογον,
657 4447 699 4506 διδ
721 4445 768 4535 καὶ
791 4447 947 4521 βουλομένη
970 4447 1031 4518 τούς
1054 4447 1227 4526 ἁρπαγέντες
1248 4447 1395 4526 ἀφοσιῶσαι
1418 4447 1465 4507 καί
1480 4445 1540 4518 αὖθις

256 4572 332 4652 αύτῇ,
355 4571 411 4639 τοῖς
433 4589 463 4628 τε
487 4567 594 4638 λοιποῖς
618 4567 788 4645 ἀπαλλαγὴν
813 4567 904 4628 δούναι
927 4567 974 4626 καὶ
991 4567 1147 4646 ἐλευθερίαν
1165 4569 1265 4627 ἐκτῶν
1282 4573 1404 4646 συνεχῶν
1422 4569 1539 4650 ἐπηρειῶν

254 4691 302 4752 καὶ
326 4675 523 4770 ένοχλήσεων,Ι
537 4685 575 4751 ὧν
597 4690 796 4770 κατατρύχοντα
818 4690 889 4771 πρίν,
917 4689 963 4749 καὶ
986 4693 1072 4750 ποιεῖν
1094 4693 1198 4762 πάντας
1221 4691 1290 4766 δμού
1312 4691 1373 4762 τούς
1395 4711 1426 4751 τε
1449 4693 1539 4771 καθορ-
