3486 5282
1263 314 1325 380 195

45 508 226 588 σιγιλλιωδών,
252 509 281 568 ἑν
304 507 383 590 βάρει
405 509 503 588 ἀργίας
525 505 714 587 άσυγγνώστου
736 505 783 568 καί
806 507 953 588 όρορισμοῦ
977 506 1075 570 ἀλῦτου
1097 513 1144 570 τοῦ
1168 509 1243 589 παρὰ
1264 511 1328 570 θεοῦ

43 634 251 712 παντοκράτορος
274 629 323 691 καὶ
344 631 434 711 κυρίου
455 629 535 706 ἡμῶν
558 631 648 705 Ἰησοῦ
669 631 798 709 Χριστοῦ·
827 633 859 689 θν
883 631 914 690 δέ
935 651 975 703 πς
997 636 1050 690 τῶν
1072 633 1180 690 πάντων
1205 629 1329 713 βουληθῇ

43 755 103 813 ποτὲ
130 753 280 830 ἐνοχλῆσαι
303 752 403 832 αὐτοῖς,
431 752 573 832 άρχιερεῦς
595 754 613 826 ῆ
637 751 724 832 ίερεθς
746 755 764 826 ῆ
787 749 906 832 ἰδιώτης,
938 749 986 812 καί
1007 759 1118 829 ποιῆσαι
1143 753 1235 830 παρ’θ
1257 755 1329 833 γρά-

43 896 130 955 φομεν,
157 874 181 934 οἱ
204 874 254 950 μὲν
279 872 359 954 ἀργοί
381 875 537 948 μενέτωσαν
560 874 650 949 πάσης
672 872 866 952 ἀρχιερατικῆς
888 871 935 933 καὶ
959 873 1097 954 ἱερατικῆς
1120 873 1261 952 ἐνεργείας
1282 872 1330 934 καί

41 995 149 1085 τάξεως,
171 996 196 1056 σί
219 994 250 1056 δὲ
272 995 365 1056 λαϊκοὶ
388 995 569 1074 ἀρωρισμένοι
592 995 714 1056 ἔστωσαν
736 994 811 1075 παρὰ
832 995 895 1056 θεοῦ
918 994 964 1055 καὶ
980 997 1167 1076 κατηραμένοι
1180 995 1227 1056 καὶ
1243 997 1329 1075 ἀσυγ-

41 1121 153 1198 χώρητοι
179 1115 226 1178 καὶ
255 1117 350 1178 άλυτσι
377 1117 447 1192 μετὰ
476 1117 591 1178 θάνατον
618 1114 666 1176 καί
694 1113 748 1189 ἔξω
770 1122 819 1191 τῆς
841 1121 887 1178 τοῦ
910 1119 1024 1196 Χριστοῦ
1047 1117 1201 1196 ἐκκλησίας
1223 1117 1331 1197 καὶτῷ

42 1237 137 1320 αἰωνίῳ
158 1241 307 1315 άναθέματι
329 1238 451 1300 ὑπόδικοι
474 1237 520 1299 καὶ
542 1239 602 1311 ταῖς
623 1240 832 1320 πατριαρχικαῐς
854 1237 900 1300 καὶ
923 1239 1076 1314 ουνοθικαῑς
1098 1241 1187 1322 ἀραῖς.
1212 1240 1255 1300 ἐπὶ
1276 1241 1331 1322 γάρ

40 1368 73 1442 τῆ
94 1363 182 1422 τοῦτου
205 1363 399 1442 άμετατρέπτῳ
423 1360 572 1438 βεβαιώσει
592 1361 697 1440 ἐγράφη
712 1363 744 1422 τό
758 1363 844 1442 παρόν
859 1367 907 1440 τῆς
922 1363 1003 1438 ἡμῶν
1018 1365 1193 1443 μετριότητος
1208 1363 1331 1440 βεβαιω-

40 1486 127 1563 τῆριον
152 1482 199 1545 καί
227 1483 407 1563 σιγιλλιώδες
429 1485 547 1565 γράμμα
569 1481 615 1542 καὶ
639 1483 756 1558 ἐπεδόθη
779 1487 836 1556 τοῖς
860 1484 889 1544 ἐν
910 1485 950 1564 τῷ
971 1485 1160 1566 πατρισρχικῷ
1181 1484 1229 1546 καὶ
1250 1487 1332 1559 βασι-

40 1606 110 1684 λικῷ
131 1605 301 1688 μοναστηρίῳ
323 1609 462 1688 πατράσιν.
482 1607 521 1668 ’ἐν
546 1607 614 1666 έτει
637 1607 786 1686 σωτηρίῳ
808 1605 969 1685 χιλιοστῷ
993 1605 1219 1688 ἑξακοσιοστῷ
1239 1629 1332 1688 τρια-

42 1728 142 1808 κοστῷ
165 1729 290 1808 ἑννάτῳ
313 1729 347 1788 ἐν
370 1727 449 1805 μηνί
471 1728 665 1809 δεκεμβρίιρ
690 1728 899 1802 ίνδικτιῶνος
921 1729 1045 1808 ὀγδόης
1068 1736 1095 1807 †.

138 1857 154 1928 †
184 1851 379 1931 Παρθένιος,
407 1851 494 1929 ἐλέῳ
526 1851 604 1912 θεοῦ
634 1850 899 1929 άρχιεπίσκοπος
929 1853 1331 1930 Χωνσταντινουπόλεως,

42 1971 126 2042 Νέας
147 1971 294 2052 Ῥώμης,
317 1971 372 2032 καί
396 1970 630 2047 οίκουμενικδς
652 1975 863 2052 πατριάρχης
886 1977 913 2049 †.

43 2099 57 2169 ῆ
74 2093 277 2173 Ἡρακλείας
300 2093 503 2166 Ἰωαννίκιος
518 2099 542 2170 A.
708 2093 926 2175 ῆΤουρνόβου
950 2095 1136 2174 Παρθένιος
1151 2101 1191 2171 †

740 2215 910 2294 Λαρίσσης
932 2216 1041 2297 Γριιό
1048 2221 1158 2297 ριοςι

741 2337 897 2417 Ἀγκύρας
918 2341 988 2398 Λαυ
994 2339 1164 2418 έρντιοςῆ.

73 2215 229 2291 Χαλκηδό
215 2219 291 2288 όνος
314 2215 537 2294 Παχώμιοςῆ.

74 2336 374 2418 Ἀδριανουπόλεως
398 2338 622 2418 Παρθένιοςῆ.

743 2574 862 2661 Πρῴην
886 2581 1078 2641 Ραιδεστοῦ
1101 2579 1320 2661 θεοφάνηςῆ.

741 2701 823 2762 Χίου
845 2703 891 2762 Kb
898 2703 1061 2782 ριλλοςῆ.

793 2846 835 2884 ων
860 2825 998 2904 Πατρῶν
1020 2825 1200 2902 Ἰωοίσιισγι

708 2219 725 2292 ί

709 2341 725 2412 ί

73 2458 231 2520 Φιλίππων
247 2458 434 2540 καιΔράμας
446 2460 466 2517 Γ
469 2479 615 2538 ερασιμος
629 2463 656 2535 †
709 2463 726 2535 ’γ
740 2460 787 2518 Ba
793 2480 869 2540 ρνας
893 2461 1119 2540 Παρθένιοςῆ.

710 2584 727 2656 †

74 2701 228 2762 Παλαιών
252 2703 389 2783 Πατρών
412 2701 625 2782 Θεοφάνηςῆ.
710 2706 726 2778 †

709 2824 787 2901 ίΝέ

73 2824 346 2898 Λακεδαιμονίας
369 2822 550 2903 Ἰωάσαρῆ.

44 2219 59 2288 ί

44 2341 58 2410 ί

45 2462 59 2532 ί

45 2581 188 2656 ῆΒιζῦης
210 2581 432 2657 Δαμασκηνός
447 2585 472 2656 †.

45 2705 60 2774 †

46 2827 60 2898 ί

46 2949 60 3020 ί

74 2945 264 3022 Μιτυλήνης
287 2946 397 3024 Παρέθ
383 2947 511 3022 έ.νιοςῆ
709 2940 861 3027 ῆΠρῴην
885 2947 1028 3022 Αθηνών
1051 2947 1280 3028 Σ.ωρρόνιοςῆ

142 3066 295 3140 Ἰδόντες
273 3088 304 3128 το
318 3087 405 3148 παρον
419 3069 614 3148 ποτριαρχικόν
630 3065 676 3127 καὶ
693 3067 832 3128 συνσδικόν
848 3087 883 3148 γρ
868 3068 966 3148 ράμμα
982 3067 1110 3142 εῦλαβώς
1123 3073 1336 3148 προσκυνοῦντες

47 3187 232 3268 υπογράρομεν
257 3182 312 3270 ίδίᾳ
334 3188 419 3269 χειρί·

142 3309 340 3386 ῆΤαπεινός
363 3308 613 3390 μητροπολίτης
629 3309 838 3384 Σεβαστείοις
854 3307 1006 3385 Ἄνθιμος
1028 3309 1083 3370 καί
1099 3313 1207 3386 πάσης
1223 3249 1337 3392 Ἀρμε-

48 3431 113 3502 νίας
141 3431 325 3511 ῦπέρτιμος
353 3429 410 3492 καὶ
441 3431 637 3512 ἔξαρχος,
626 3451 659 3492 εν
691 3429 767 3506 μηνὶ
798 3429 907 3510 ίουνίῳ
940 3430 988 3513 ιδ’,
1021 3428 1130 3515 αχςγ’
1163 3434 1256 3504 ἔτους
1282 3437 1339 3493 τοῦ

49 3551 207 3632 σωτηρίου
221 3557 248 3629 †.

199 3819 260 3886 III.
284 3819 511 3906 7182-1674,
535 3841 646 3886 mense
669 3821 851 3906 giumansul
875 3820 955 3904 evel,
981 3821 1061 3908 (ind.
1084 3821 1179 3910 XH.)

54 3975 195 4046 Imperator
215 3977 368 4032 Turcarum
384 3979 516 4032 Μαοίιιηοί
532 3979 551 4032 Ι
556 3977 586 4034 V.
598 3979 746 4049 praecipit,
767 3985 799 4032 ιιί
818 3949 1009 4033 monasterium
1029 3979 1118 4034 solvat
1133 3980 1277 4050 quotannis
1293 3981 1339 4033 tri·

464 4083 557 4136 butum
572 4099 619 4138 οεπ
633 4083 748 4136 millium
763 4101 918 4154 asprorum.

467 4260 620 4321 Σουλτόιν
643 4261 789 4340 Μεχμὲτ
813 4257 839 4346 [ό
862 4255 909 4346 δ’].

233 4380 281 4465 (Τ.
306 4381 520 4458 μονοκονδυλίας
542 4385 588 4442 τοῦ
611 4381 745 4460 όνόματσς
766 4385 812 4442 τοῦ
835 4379 983 4442 σουλτάνου
1004 4383 1023 4456 ἢ
1045 4383 1150 4461 τουρᾶ.)

144 4529 182 4590 Οἱ
203 4529 359 4610 καλόγηροι
385 4533 432 4590 τοῦ
460 4529 488 4590 ἐν
515 4535 549 4612 πῆ
578 4529 698 4612 ἐπαρχίᾳ
719 4535 772 4589 τῶν
795 4528 985 4609 Χαλαβρότων
1012 4530 1140 4604 κειμένου
1162 4528 1340 4610 μοναστηρίου

57 4650 128 4732 Μέγα
153 4651 297 4728 Σπηλαιον
330 4647 459 4732 ἀνέφερον
492 4649 530 4724 εἰς
559 4653 591 4712 τό
620 4654 721 4732 κράτος
751 4670 803 4726 μου
826 4651 861 4712 δι’
879 4652 1016 4733 ἀναφορᾶς
1044 4671 1107 4730 των,
1137 4652 1270 4730 λέγοντες
1300 4652 1341 4710 ότι

1084 4769 1132 4820 13*
