3208 5310
253 370 295 436 68

253 565 286 624 ἐκ
315 565 426 635 πόλεως
450 562 624 644 Ἀχρηθιῦνος
655 563 739 642 ἀκόμι
767 561 815 626 καί
845 563 881 641 μὲ
911 565 959 626 δύο
990 565 1096 638 ἄλλους
1127 565 1274 646 μοναχοθς,
1307 565 1351 628 διὰ
1373 565 1406 627 νθι
1430 567 1548 644 ζητίσσυν

253 683 442 762 ἐλεημοσύνην
474 685 519 744 διὰ
549 687 579 744 τό
610 685 758 766 ἐσκηταρίσ
784 681 898 771 ῆγου[ν]
925 686 970 746 διὰ
991 688 1022 746 τό
1050 689 1230 768 μοναοτῆριον
1256 693 1303 749 τοῦ
1324 689 1549 770 Παντοκράτορος

253 807 383 886 Σωτῆρος
405 807 521 886 Χριστοῦ
551 807 581 866 τό
613 806 849 883 ἐπονομαζόμενον
873 806 1048 890 Ἄσκυταρίῳ,
1077 807 1125 868 καὶ
1152 808 1226 870 εἶδεν
1248 810 1267 886 ἡ
1293 811 1446 886 ταπηνόιης
1472 814 1548 886 ἡμῶν

251 926 298 986 καὶ
322 923 461 1007 ἐξέταξεν,
488 932 547 999 πῶς
570 925 602 1000 ἐξ
624 928 744 1008 ἀρχῆθεν
766 928 816 1004 Ιῆτε
839 928 892 988 ἀπό
914 930 1061 990 παλέωθεν
1083 929 1118 988 νίι
1138 931 1189 1006 ἤτο
1212 930 1410 1012 ἐλευθερομένο
1432 933 1464 992 τό
1488 932 1548 991 αὐτό

234 1026 440 1130 1θσιυμοιτουργό
463 1048 509 1109 καὶ
533 1051 610 1128 ἅγιον
632 1049 716 1130 κελῆ,
744 1049 790 1108 διὰ
811 1051 896 1111 τοθτω
919 1051 1047 1127 θέλωμεν
1070 1049 1111 1123 εἰς
1132 1053 1178 1112 τόν
1201 1051 1341 1132 μέλωντα,
1370 1053 1410 1112 ότι
1432 1053 1463 1112 τό
1488 1054 1547 1112 αῦτέ

252 1172 431 1250 μοναστῆρισν
458 1169 493 1229 νὰ
519 1165 589 1230 είνοιι
616 1169 762 1250 ἐλεύθερον
789 1169 829 1243 εἰς
856 1171 930 1231 ἐώνα
955 1173 1001 1232 τόν
1029 1173 1135 1232 ἅπαντα
1163 1173 1240 1259 ὁμοῦΙ
1253 1171 1300 1232 καὶ
1322 1171 1358 1248 μὲ
1379 1173 1415 1232 τὰ
1438 1177 1547 1252 ψυχικοί,

251 1292 317 1352 ὁποῦ
338 1291 407 1371 έχει,
431 1287 566 1370 ἀμπέλια,
588 1294 716 1372 χωροίρια
735 1289 782 1351 καί
805 1292 906 1352 έλαϊκὰ
929 1291 1038 1374 δένδρη,
1060 1293 1242 1374 καρποθσημα
1264 1293 1312 1354 καὶ
1335 1295 1456 1376 ἄκαρπα,
1480 1293 1547 1368 ξῦλα
1591 1297 1592 1300 ’

251 1411 298 1472 καὶ
328 1413 396 1482 ζῶα.
441 1411 543 1487 ὁμοίως
569 1413 588 1489 ῆ
614 1413 738 1492 ἡμετέρα
766 1408 928 1490 ταττηνώτης
956 1409 1090 1494 ἀριεριθνη
1117 1412 1165 1474 καὶ
1192 1414 1293 1494 χαρίζη
1320 1412 1360 1487 είς
1386 1416 1417 1476 τό
1444 1411 1547 1474 ἄνωθεν

252 1535 431 1613 μοναστήριον
454 1537 500 1592 τοῦ
516 1533 741 1613 Παντοκράτορος
761 1531 809 1593 καὶ
824 1535 954 1614 Σωτῆρος
969 1535 1058 1611 Ἰησοῦ
1073 1535 1188 1615 Χριστοῦ
1210 1537 1256 1595 τόν
1278 1535 1374 1616 μίτλον,
1398 1536 1466 1596 θποῦ
1482 1532 1547 1596 εἶναι

251 1655 304 1714 ἀπό
326 1657 401 1713 κσίτω
425 1654 479 1714 ἀπό
501 1655 531 1713 τό
553 1654 646 1733 χορίον
662 1659 715 1714 τῶν
734 1655 829 1733 Λεφῶν
840 1653 864 1737 ¹)
881 1655 1003 1731 πλησίον
1024 1656 1074 1732 τὴν
1096 1653 1205 1737 στράτα,
1233 1657 1300 1716 ὀποῦ
1321 1656 1412 1736 ὑπσίγη
1437 1656 1478 1729 είς
1501 1659 1547 1733 τῆν

252 1775 335 1853 Ἃηία
358 1774 522 1856 Παρασκευῆ
546 1775 623 1855 όμοῦ,
650 1773 697 1834 καὶ
720 1774 755 1849 μέ
770 1777 801 1834 τό
824 1775 950 1856 διάφορον
973 1777 1053 1836 αῦτοῦ
1075 1776 1123 1836 καὶ
1146 1776 1191 1836 διὰ
1212 1778 1335 1849 κανένως
1356 1779 1457 1858 τρόπου
1481 1775 1547 1838 εἶναι

253 1895 434 1975 ἐγκισμένηῆ
456 1897 522 1971 αῦτη
547 1895 682 1972 ἐκκλησία
703 1899 750 1955 τοῦ
772 1897 901 1976 Σωτῆρος
923 1898 1039 1977 Χριστοῦ
1061 1895 1101 1969 εἰς
1122 1899 1204 1977 κερθν
1225 1899 1328 1957 κανένα
1351 1898 1545 1976 ἐμπσδησμένη

251 2010 311 2078 οὔτε
326 2019 495 2097 πηρασμένει
511 2018 560 2076 ῦπό
576 2037 647 2089 τινος
663 2017 750 2093 μηθὲν
766 2017 816 2078 ὑπό
830 2023 880 2094 τῆς
893 2019 1033 2099 ἡμετέροις
1056 2021 1241 2095 ταττηνότητος
1257 2017 1316 2080 οὔτε
1340 2020 1393 2078 ἀπὸ
1417 2021 1546 2100 ἐκείνους,

250 2139 316 2200 όποῦ
343 2138 453 2198 εἴθελαν
482 2137 649 2211 ἐξουσιάζουν
678 2137 718 2210 εἰς
743 2141 789 2198 τόν
817 2141 911 2220 θρόνον
937 2145 987 2215 τῆς
1013 2141 1168 2218 ἁγιωτάτης
1195 2140 1393 2221 μητροπόλεως
1420 2163 1476 2216 μοις
1499 2149 1547 2217 τῆς

249 2264 320 2319 νισοῦ
347 2260 500 2340 Κερκύρας,
538 2259 595 2334 ἀμὴ
622 2260 710 2319 πλέον
736 2261 929 2342 γλυηορή-τερα
954 2260 989 2320 νθι
1016 2262 1096 2339 ἔχουν
1124 2263 1160 2337 μέ
1186 2263 1235 2337 τῆν
1262 2263 1344 2338 αθτὴν
1370 2265 1473 2343 χάριτα
1501 2263 1546 2324 καὶ

250 2380 392 2461 ἐλευθερία
411 2381 460 2454 τῆν
476 2379 627 2454 ἐκκλησίαν
648 2384 695 2440 τοῦ
711 2381 839 2461 Σωτῆρος
855 2382 971 2462 Χριστοῦ
993 2383 1195 2462 ἀμετατρέπτος
1217 2385 1340 2463 στέρσιον
1361 2382 1409 2444 καὶ
1432 2383 1545 2458 βέβαιον

249 2497 296 2558 καὶ
323 2501 497 2579 ἀνεράνιοτον
525 2499 565 2572 εἰς
592 2507 666 2560 πᾶσα
692 2503 772 2582 κερόν
799 2500 846 2562 καὶ
873 2500 913 2573 εἰς
939 2505 984 2563 τόν
1010 2501 1096 2562 αἰῶνα
1122 2505 1167 2562 τόν
1194 2505 1309 2566 ἅπαντα.
1356 2504 1476 2586 ἐγραῦθη
1500 2505 1546 2565 καὶ

250 2621 341 2694 ἐθιῦθη
375 2623 405 2680 τό
439 2623 525 2702 παρόν
556 2621 758 2702 ἐπισφραγισμα
786 2625 950 2704 προνομικόν
980 2626 1033 2684 ἀπό
1063 2625 1112 2700 τὴν
1142 2627 1265 2705 ἡμετέρα
1294 2628 1470 2702 τατηνότητα
1499 2624 1545 2686 καὶ

251 2742 509 2822 ἐπισρραγιζόμενον
526 2741 561 2819 μέ
577 2745 625 2817 τὴν
644 2745 767 2824 ἡμετέρα
791 2745 925 2824 σφραγίόα
946 2743 993 2804 καὶ
1016 2745 1175 2826 ἀπογραφὴν
1199 2745 1244 2806 διὰ
1265 2750 1346 2828 χάριν
1368 2753 1418 2824 τῆς
1440 2744 1545 2807 ἄνωθεν

252 2861 404 2937 ἐκκλησίας
419 2866 465 2922 τοῦ
480 2864 608 2940 Σωτῆρος
623 2865 702 2940 ἡμῶν
718 2865 809 2938 Ἰησοῦ
824 2865 939 2944 Χριστοῦ
953 2864 999 2925 καὶ
1014 2870 1060 2925 τοῦ
1082 2867 1185 2926 ἄνωθεν
1210 2866 1391 2948 ίερομονάχου
1407 2867 1545 2928 Μεθοδίου

248 2981 295 3042 καὶ
310 2985 356 3042 τόν
380 2990 519 3063 μοναχῶν,
542 2985 608 3044 όποῦ
624 2983 734 3044 είθελαν
756 2985 944 3066 ῆβρῆσκοντας
968 2985 1007 3058 εἰς
1028 2988 1074 3046 τόν
1099 2988 1170 3048 ἐῶνα
1186 2989 1331 3064 μέλωντας
1354 2991 1476 3060 ἅπαντας
1498 2987 1545 3048 καὶ

246 3107 277 3164 τό
301 3105 365 3164 αθτό
389 3107 578 3185 μοναστῆριον.

355 3224 411 3284 Καὶ
440 3225 485 3285 διὰ
506 3227 592 3286 πλέον
614 3229 743 3302 τηστικόν
767 3227 824 3306 ἐγὼ
847 3229 862 3286 ὁ
883 3231 1006 3308 νοτοὶριος
1028 3229 1182 3304 Σίμβαστος
1205 3231 1360 3310 Δημήτριος
1384 3231 1545 3306 Μαλέκκης

248 3347 483 3437 προστασρόμενος
502 3347 576 3426 παρὰ
597 3352 643 3408 τοῦ
667 3349 769 3408 ἄνωθεν
791 3352 951 3424 τιμιωτάτου
972 3348 1020 3409 καί
1042 3353 1242 3432 πανιερωτάτου
1265 3353 1474 3430 μητροπσλῆτου
1496 3361 1545 3426 τῆς

253 3466 334 3543 ἁγίας
361 3465 512 3540 ἐκκλησίας
535 3469 660 3548 Κοριρῶν
687 3466 734 3528 καὶ
760 3470 830 3543 ὅλης
856 3476 906 3545 τῆς
928 3465 1017 3530 νίσσου
1038 3470 1086 3530 καὶ
1108 3471 1283 3546 βασσιλεικός
1305 3473 1544 3551 προτοσῦμθουλος

251 3587 342 3665 κῦριος
371 3587 541 3659 Καστελίνος
572 3589 796 3664 Ῥομανόπουλος
826 3591 934 3670 ἔγραψα
962 3593 993 3650 τό
1022 3594 1109 3672 παρόν
1139 3593 1346 3672 ἐλευθερομένο,
1379 3593 1543 3674 ἐσρραγίστη

253 3708 302 3767 ῦπό
329 3713 379 3783 τῆς
408 3708 474 3784 ἐμοῦ
500 3711 595 3789 χειρός
621 3710 652 3781 ὃς
675 3709 703 3767 ἐν
727 3710 840 3791 ἐκεινός,
872 3713 938 3770 ῦποῦ
968 3712 1026 3788 ἐχω
1057 3711 1102 3772 διὰ
1127 3719 1177 3788 τῆς
1200 3713 1346 3790 βασιλικῆς
1368 3710 1494 3787 ἐξουσίας
1514 3717 1544 3773 τό

255 3826 376 3910 όμῆκιον,
400 3830 440 3888 ὅτι
462 3829 495 3888 νόι
519 3823 580 3904 εἶμε
602 3833 725 3908 νοτοίριος
747 3837 796 3906 τῆς
817 3833 920 3904 πόλεος
943 3831 1078 3913 Χοριρῶν.

354 3949 583 4022 Ἰνόικτιῶνος
605 3949 631 4008 θ’
654 3949 731 4027 μηνὶ
754 3948 925 4033 ἐκτωβρίιρ
950 3949 999 4034 ιβ’,
1024 3953 1080 4031 ἐτη
1103 3951 1165 4014 ἀπὸ
1187 3955 1327 4035 Χριστοῦ
1353 3959 1545 4034 γενῆσσεως

252 4071 351 4152 ,ατοα’
376 4070 565 4148 εθῦοκῆντα
586 4073 627 4132 ἐν.

585 4192 779 4268 Συμβαστός
803 4194 993 4264 Μαλακκός
1015 4195 1213 4276 Δημήτριος.

354 4319 384 4372 κ’
403 4321 505 4374 ουσιαι
522 4320 652 4388 familiae
676 4321 775 4374 Pomm
799 4319 943 4390 Zacynthi.

358 4570 378 4636 ¹)
397 4572 471 4637 Lege
489 4570 605 4640 Νυμφῶν.
