3486 5282
1349 346 1412 412 217

92 547 187 598 κῶν
217 538 392 621 μοναστηρὶῳ
414 543 461 600 τοῦ
483 537 620 619 Μεγάλου
642 538 794 620 Σπηλαίου,
817 541 1006 602 ουνοιινούντων
1031 541 1167 620 ἐντούτῳ
1189 540 1236 600 καὶ
1258 547 1311 602 τῶν
1327 564 1413 622 μαγι-

92 665 216 741 ιόρων
242 663 278 722 ἐκ
297 667 344 722 τοῦ
366 661 503 743 ρουφετὶοιι
525 668 579 722 τῶν
600 662 735 738 καπήλων
757 660 804 722 καί
827 663 879 744 πρδ
900 665 1008 724 πάντων
1031 665 1191 744 στέργοντας
1210 663 1257 724 καὶ
1272 665 1413 744 ἀποδεχο-

92 785 194 843 §vsu
220 786 272 860 τὴν
295 787 389 846 ένωσιν
411 785 509 862 ταύτην
532 789 579 846 τοῦ
602 784 747 863 ἱερωτάτου
771 785 970 864 μητροπολίτσυ
985 785 1177 867 Χαλκηδόνος,
1201 787 1344 866 ύπερτίμου
1366 786 1413 848 καὶ

92 906 235 986 {ip-spu
252 909 343 982 πάσης
357 907 491 990 Βιθυνίας,
512 907 542 966 ἐν
557 907 627 987 ἀγίῳ
642 907 774 982 πνεύματι
789 906 929 986 ἀγαπητοῦ
945 905 991 968 καὶ
1005 909 1185 986 περιποθήτου
1200 909 1278 983 ήμῶν
1295 905 1414 989 ἀδελφοῦ

92 1027 130 1088 πὶ
171 1030 405 1112 συλλειτουργσῦ,
437 1029 528 1109 κυρίου
551 1029 694 1108 Ἱερεμίου,
717 1032 788 1100 ὅστις
811 1027 891 1101 ἰδίαις
913 1028 993 1110 χερσὶ
1015 1031 1102 1110 φέρων
1126 1031 1302 1110 ἀπεκόμισεν,
1326 1029 1414 1114 οἰκείᾳ

92 1153 203 1211 ἱστοῦ
217 1150 310 1234 βουλῇ
331 1151 378 1212 καὶ
401 1153 550 1232 αὐθαιρέτῳ
572 1153 671 1234 γνώμη
693 1150 741 1212 καί
757 1152 876 1231 ἀβιάστῳ
891 1154 1055 1232 προαιρέσει,
1078 1154 1108 1212 τδ
1125 1152 1205 1232 ῥηθὲν
1220 1155 1413 1232 πατριαρχικδν

92 1271 136 1332 αἱ
173 1272 325 1333 συνοδικδν
349 1272 525 1351 σιγιλλιῶδες
544 1275 670 1354 γράμμα,
695 1271 884 1348 ἐξαιτούμενος
899 1275 971 1334 κατὰ
986 1275 1071 1350 ζῆλον
1086 1276 1212 1353 φιλόθεον
1227 1277 1276 1350 την
1290 1277 1413 1352 παντελῆ

92 1395 279 1476 λευθερίαν
301 1401 347 1456 τοῦ
370 1396 498 1476 ῥηθέντος
520 1393 699 1475 μοναστηρὶου
720 1399 766 1456 τοῦ
789 1395 867 1475 α’γὶου
883 1395 1019 1476 Γεωργίσυ
1041 1395 1087 1456 καί
1102 1398 1151 1472 τἠν
1168 1397 1349 1478 έπισφράγισιν
1364 1404 1414 1474 τῆς

92 1517 251 1592 ιέτήσεως
273 1523 327 1577 τῶν
350 1519 502 1578 ὁσιωτάτων
524 1519 659 1596 πατέρων,
682 1519 752 1577 ὥστε
775 1518 1030 1594 ἀποκατασταθῆναι
1054 1521 1116 1578 αύτδ
1131 1521 1264 1600 ἡμέτερον
1279 1541 1413 1600 πατριαρ-

92 1640 189 1717 [ικδν
209 1642 443 1720 σταυροπηγιακδν
460 1640 531 1716 μετὰ
544 1641 651 1700 πάντων
665 1648 719 1700 τῶν
734 1643 888 1720 προσόντων
904 1640 976 1720 αύτῷ
993 1641 1189 1719 ἀφιερωμάτων
1200 1641 1247 1701 καὶ
1258 1645 1413 1723 κτημάτων,

92 1767 231 1838 ιινητῶν
260 1782 290 1820 τε
315 1760 364 1821 καὶ
385 1762 529 1841 ἀκινήτων,
563 1761 731 1842 ἀδούλωτον,
761 1761 889 1822 ἀσύδοτον
911 1761 959 1821 καὶ
980 1761 1199 1842 ἀκαταπάτητον,
1226 1766 1413 1840 συνηνωμένον

92 1883 121 1943 δὲ
154 1882 217 1942 καὶ
240 1883 454 1962 προσηλωμένον
477 1883 515 1963 τῷ
543 1883 608 1963 ἱερῷ
631 1883 803 1963 μοναοπηρὶῳ
824 1888 870 1944 τοῦ
893 1885 1029 1962 Μεγάλου
1053 1885 1193 1961 Σπηλαὶου
1215 1883 1262 1945 καὶ
1285 1887 1413 1964 μετύχιον

92 2007 222 2066 ἐκείνου
243 2005 593 2086 λεγόμενονάναφαὶρετον
615 2005 662 2066 καὶ
679 2005 894 2068 ἀναπάσπαστον.
924 2009 1023 2082 ταύτην
1039 2005 1084 2067 σύν
1099 2008 1148 2083 τήν
1165 2007 1293 2086 ἔνθερμον
1310 2007 1412 2084 αἴτησιν

92 2130 204 2188 ἐντῶν
237 2127 359 2202 εύμενῶς
388 2125 589 2202 ἀποδεξάμενοι
618 2127 665 2188 καὶ
694 2131 753 2200 ταῖς
779 2129 975 2209 προσηκούσαις
1005 2130 1147 2208 εὐφημίαις
1177 2127 1413 2206 καταστεψάμενοι

92 2251 152 2324 τὴν
196 2251 291 2309 οάιτοῦ
306 2249 431 2328 ἱερύτητα
452 2249 498 2310 καὶ
528 2252 573 2310 τὀν
596 2251 709 2330 θεοφιλῆ
733 2253 812 2312 αδτοῦ
835 2252 935 2312 σκοπδν
957 2253 1177 2332 χριοτομιμήτως
1199 2254 1412 2333 προσηκάμενοι,

92 2375 141 2444 ῶς
174 2369 296 2450 εὔλογον
323 2370 370 2432 καὶ
391 2374 506 2448 νόμιμον
528 2371 574 2432 καὶ
596 2373 663 2454 πρδς
686 2373 821 2452 ἀφέλειαν
843 2377 890 2434 τοῦ
913 2375 1041 2454 ῥηθέντος
1062 2373 1136 2455 ἱεροῦ
1159 2372 1337 2455 μσναστηρὶου
1360 2373 1412 2454 ἀφ-

93 2490 233 2574 ορῶντα,
258 2493 383 2572 ἔγνωμεν
405 2497 504 2578 γνῶμη
526 2501 603 2578 κοινή
625 2493 672 2555 καὶ
694 2495 821 2579 συνοδικῇ
845 2495 990 2576 διαγνώσει
1013 2496 1146 2558 ἐπινεῦσαι
1167 2499 1236 2578 πρδς
1256 2499 1287 2558 τδ
1311 2497 1414 2574 αίτημα

98 2619 214 2676 αῦτῶν.
260 2615 353 2676 τούτου
383 2618 464 2696 χάριν
494 2618 644 2696 γράφοντες
670 2618 875 2697 ἀποφαινόμεθα
902 2619 1047 2690 συνσδικῶς
1075 2619 1145 2694 μετὰ
1170 2625 1224 2680 τῶν
1251 2619 1313 2699 περὶ
1339 2622 1413 2696 ἡμᾶς

94 2737 272 2816 ἱερωτάτων
287 2738 437 2818 ἀρχιερέων
452 2737 499 2798 καὶ
515 2739 675 2819 ύπερτὶμων,
691 2745 744 2798 τῶν
761 2741 789 2800 έν
805 2741 875 2819 άγίῳ
890 2741 1021 2816 πνεύματι
1033 2741 1181 2818 ἀγαπητῶν
1192 2743 1272 2816 ἡμῶν
1284 2741 1411 2821 ἀδελφῶν

97 2858 155 2919 κοιὶ
184 2859 412 2942 συλλειτσυργῶν,
434 2859 479 2920 ἱνα
499 2862 531 2920 τδ
553 2860 634 2941 ῥηθὲν
657 2861 729 2942 ἱερὸν
751 2859 798 2921 καὶ
820 2861 966 2938 σεβάσμιον
991 2865 1170 2943 μσναστήρισν
1192 2868 1239 2924 τοῦ
1261 2864 1339 2942 ἁγίου
1363 2863 1408 2924 ἑν-

99 2981 196 3054 δάξου
219 2981 465 3062 μεγαλομάρτυρος
484 2982 505 3040 Γ
507 2980 632 3062 εωργίου,
655 2985 685 3042 τδ
709 2982 737 3040 ἐν
758 2989 792 3065 τῇ
815 2985 889 3063 νήσῳ
907 2981 1068 3066 Ἀντιγόνου,
1091 2984 1201 3067 ὑπάρχῃ
1223 2984 1270 3045 καὶ
1292 2986 1410 3065 λέγηται

100 3103 154 3163 καὶ
189 3104 266 3184 παρὰ
287 3105 394 3164 πάντων
415 3100 582 3184 γινώσκηται
602 3107 738 3186 ἡμέτερον
760 3107 955 3185 πατριαρχικδν
978 3108 1210 3188 στοωροπηγιακδν
1233 3109 1410 3187 μοναο-τήριον

105 3227 185 3300 μετὰ
206 3229 314 3287 πάντων
336 3231 389 3286 τῶν
412 3225 494 3308 ἱερῶν
515 3229 595 3288 αῦτσῦ
617 3233 720 3288 σκευῶν
743 3227 791 3288 καὶ
812 3231 957 3304 κτημάτων
977 3227 1024 3288 καὶ
1040 3229 1234 3310 ἀφιερωμάτων
1250 3236 1365 3306 κινητῶν
1380 3252 1410 3290 τε

103 3349 154 3408 καὶ
190 3349 334 3424 ἀκινήτων,
365 3355 418 3410 τῶν
446 3371 477 3410 τε
498 3350 552 3425 ήδη
577 3350 669 3425 ὄντων,
701 3350 843 3426 ἀμπελὶων
870 3349 918 3410 καὶ
938 3353 1033 3427 κήπων
1057 3351 1265 3436 (μπαχτσέδων)
1288 3351 1335 3414 καὶ
1356 3360 1410 3414 τῶν

107 3469 252 3532 εἰσέπειτα
273 3474 533 3552 προσγενησομένων
557 3475 599 3552 ἀν,
623 3473 838 3554 προσηλωμένον
861 3472 962 3534 δὲκαὶ
985 3475 1126 3551 ἡνωμένον
1142 3476 1356 3549 ἀναποσπάστως
1371 3475 1409 3557 τῷ

108 3595 184 3655 κατὰ
210 3595 259 3670 τὴν
284 3594 493 3669 Πελοπόννησον
519 3596 638 3675 κειμένῳ
665 3595 805 3676 σεβασμίῳ
827 3598 955 3678 ἡμετέρῳ
976 3599 1164 3679 πατριαρχικῲ
1187 3596 1234 3658 καὶ
1257 3619 1409 3679 σταυροπη-

108 3715 201 3797 γιακῷ
220 3714 392 3796 μοναστηρὶῳ
406 3721 453 3778 τοῦ
467 3718 603 3797 Μεγάλου
619 3716 769 3799 Σπηλαὶου,
790 3717 837 3779 καὶ
852 3720 1015 3802 γιωρὶζηται
1032 3722 1159 3799 μετάχιον
1176 3719 1291 3799 ἐκείνου,
1308 3721 1409 3782 δεσπο-

111 3840 226 3914 ζόμενον
254 3836 302 3898 καὶ
330 3837 582 3920 διακυβερνῶμενσν
609 3839 683 3920 παρὰ
710 3845 755 3901 τοῦ
783 3841 855 3902 κατὰ
881 3842 991 3922 καιρούς
1014 3842 1129 3903 ἐνταῦθα
1151 3840 1191 3915 εἰς
1214 3841 1409 3916 βασιλεύουσαν

113 3963 160 4034 τὰς
187 3959 328 4041 διατριβάς
351 3962 511 4036 ποιουμένου
534 3961 679 4022 ὁσιωτάτσυ
701 3964 910 4040 καθηγουμένου
932 3968 978 4024 τοῦ
1001 3963 1084 4042 Βλάχ
1106 3960 1253 4046 Σαραγὶου,
1281 3965 1409 4044 μετσχὶου

113 4087 157 4141 τοῦ
181 4083 319 4162 Μεγάλου
341 4083 491 4164 Σπηλαίου,
522 4081 569 4144 καὶ
598 4089 651 4144 τῶν
682 4087 906 4159 συνασκουμένων
938 4085 1011 4164 αὐτῷ
1039 4088 1164 4166 πατέρων
1190 4086 1237 4148 καὶ
1261 4090 1343 4162 μόνον
1365 4088 1409 4148 ὑπ’

117 4207 200 4266 αδτῶν
221 4202 427 4285 διεξαγύμενσν,
453 4205 598 4286 ἐλεύθερον
614 4205 655 4286 δέ,
679 4205 846 4288 ἀδούλωτον,
868 4207 1005 4288 ἀσύδοτον,
1029 4208 1236 4284 ἀκαταπάιητσν
1251 4207 1298 4268 καὶ
1314 4208 1410 4285 μηδενὶ

117 4328 198 4403 μηδὲν
221 4327 333 4408 ὸφεῦιον
357 4327 460 4388 διδόναι
482 4331 551 4404 μήτε
574 4327 613 4407 τῷ
635 4328 706 4388 κατὰ
727 4329 809 4388 τύπον
832 4329 955 4410 ἀρχιερεῖ
975 4328 1023 4389 καὶ
1045 4333 1179 4412 κυριάρχη
1202 4337 1251 4406 τῆς
1275 4331 1409 4411 ἐπαρχίας

118 4449 229 4528 ἐκείνης,
253 4449 390 4530 ἱερωτάτῳ
413 4449 599 4532 μητροπολὶτη
623 4450 814 4531 Χαλκηδόνος,
839 4453 909 4526 μήτε
933 4451 1015 4532 ἀλλῳ
1038 4450 1087 4512 τινὶ
1109 4455 1244 4533 προσώπῳ
1266 4451 1409 4533 ἱερωμένῳ

118 4571 159 4631 καὶ
184 4570 275 4651 λαϊκῷ
303 4568 401 4650 μεχρὶς
428 4571 539 4651 ὀβολοῦ,
571 4575 810 4650 μνημονευσμὲνσυ
834 4571 863 4631 ἐν
886 4571 958 4653 αύτῷ
981 4577 1027 4633 τοῦ
1048 4579 1191 4634 κανονικοῦ
1213 4580 1409 4655 πατριαρχικοῦ

121 4691 244 4770 ἀκάματος
275 4695 305 4753 ἐν
335 4695 434 4764 πάσαις
463 4696 522 4766 ταῖς
553 4693 639 4774 ἱεραῖς
669 4693 795 4766 τελεταῖς
826 4693 872 4754 καὶ
903 4695 1087 4776 ἀκολουθίαις,
1118 4697 1156 4766 ῶς
1184 4698 1337 4772 νενόμισται
1362 4695 1409 4756 καὶ
