3486 5282
363 269 424 334 188

464 461 501 523 κ’.
526 461 586 522 Διά
606 468 668 522 τῶν
691 462 788 544 ἱερῶν
811 460 949 523 σκευῶν.

464 586 674 666 Δισκσποτήριον
697 585 828 666 ἀργυροῦν
850 583 897 644 καὶ
919 584 1036 660 λαβίδες
1058 587 1150 661 ὅμοιαι
1172 585 1219 645 δύο
1242 583 1351 645 ίστοίντα
1359 583 1383 666 ¹)
1406 587 1548 665 ἀμφότερα
1567 582 1667 663 λίτρας

361 710 504 789 τέσσαρας,
528 705 641 786 ούγγίας
662 709 743 788 τρεῖς,
766 705 907 786 ταυρίτζην
932 705 1065 788 ἀργυροῦν
1088 709 1192 788 μικρόν.

465 825 568 908 Ἕτερα
591 829 783 909 δισκοποτήρια
804 829 901 906 χαλκαῖ
923 826 1002 906 ίυγαί
1024 828 1081 888 δύο.

466 951 615 1026 Μανδήλια
637 951 781 1026 μεταξωτόι
803 952 874 1028 μετὰ
895 949 1065 1033 γραμμάτων
1088 953 1144 1014 δύο.

466 1071 516 1149 ιβ’.
541 1071 622 1154 Περὶ
645 1078 700 1134 τού
723 1073 905 1155 ἐλευθέραν
928 1075 1041 1150 μένειν
1064 1074 1121 1152 τήν
1144 1077 1248 1151 μονὴν
1268 1073 1324 1135 καί
1342 1081 1406 1134 τῶν
1422 1075 1669 1154 κατὰκαιρους

363 1195 594 1270 μνημοσύνων.

468 1316 581 1391 Ἐπειδὴ
609 1319 656 1392 τὴν
679 1315 741 1397 περὶ
762 1323 815 1376 τῶν
838 1317 936 1376 ἄλλων
958 1317 1116 1396 κεραλαίων
1140 1318 1272 1397 διαταγην
1294 1317 1341 1378 καὶ
1363 1320 1528 1378 ὑποτύπωσιν
1551 1312 1667 1398 ᾠκονο-

363 1441 490 1514 μήσαμεν
513 1437 558 1500 ούν
581 1439 636 1518 θεῷ
658 1437 705 1498 καὶ
728 1439 984 1519 ἀπεσκευασσίμεθα,
1007 1441 1072 1520 ρέρε
1095 1438 1141 1499 καὶ
1164 1438 1226 1518 περὶ
1247 1445 1296 1517 τής
1317 1440 1476 1522 ἐλευθερίας
1491 1445 1536 1500 τού
1550 1460 1666 1520 φροντι-

363 1561 470 1641 σιηρίου
498 1562 606 1640 βραχέα
633 1559 827 1636 διαλεξόμεθα.
858 1562 956 1637 ταύτην
984 1563 1032 1636 τὴν
1058 1561 1306 1642 προδιαληρθεῐσαν
1330 1551 1595 1642 μονὴνόύτοιιρατῆ
1620 1559 1667 1620 καὶ

363 1684 457 1743 ἄνετον
487 1681 534 1742 καὶ
561 1683 788 1744 ἁκαταδούλωτον
815 1682 862 1743 καί
889 1683 1031 1758 βασιλεῦσι
1057 1682 1105 1742 καὶ
1126 1686 1308 1764 πατριάρχαις
1329 1683 1377 1744 καὶ
1399 1681 1595 1764 μοναστηρίσις
1618 1683 1665 1742 καὶ

364 1805 577 1884 μητροπολίταις
598 1825 629 1864 τε
648 1803 695 1865 καί
711 1806 930 1882 ἀρχιεπισιόποις
945 1801 993 1864 καὶ
1010 1805 1174 1885 ἐπισκόποις,
1198 1804 1419 1884 ἀρχιμανδρίταις
1435 1805 1481 1865 ’καὶ
1496 1808 1666 1885 ἡγουμένοις

363 1925 410 1987 καὶ
435 1933 515 1986 πᾶσιν
538 1928 635 1998 ἁπλῶς
666 1928 817 2005 ἀνθρώποις
839 1927 1021 2006 διατηρεῖσθαι
1044 1928 1126 2007 μέχρι
1148 1933 1197 2002 τῆς
1219 1927 1390 2006 παγκοσμίου
1410 1926 1569 2000 συντελείας
1594 1927 1665 2002 βού-

363 2049 451 2123 λομαί
472 2069 502 2108 τε
524 2047 571 2108 καὶ
594 2047 721 2128 εύχσμαι,
748 2048 901 2128 ἀρκούντων
924 2049 974 2123 μὲν
998 2049 1063 2130 αύτῇ
1085 2049 1153 2128 πρός
1174 2053 1251 2108 τούτο
1274 2050 1320 2111 καί
1342 2054 1396 2108 τῶν
1417 2052 1569 2126 προσόντων
1595 2051 1665 2128 αύτῄ

363 2172 504 2250 ἡμετέρων
527 2171 739 2248 ύμομνημοίτων,
761 2169 988 2248 παραβοηθούσης
1012 2168 1110 2229 δὲκαὶ
1133 2170 1232 2244 ταύτης
1253 2177 1303 2245 τῆς
1326 2169 1396 2245 ἐμῆς
1419 2171 1544 2248 ἐντολῆς,
1567 2174 1603 2246 ήν
1625 2172 1664 2240 ὡς

363 2294 503 2372 κτήτορες,
532 2289 555 2350 εἰ
582 2289 629 2350 καὶ
652 2291 783 2370 εύτελεῖς,
810 2291 935 2372 ὁρίζομεν
953 2289 1004 2358 ,καὶ
1027 2291 1235 2370 διαταττόμεθα,
1263 2293 1308 2350 τόν
1333 2268 1520 2372 ἐπιχειροῦντα
1544 2293 1575 2352 δὲ
1598 2290 1664 2352 καθ’

364 2405 419 2474 οῖον
442 2414 476 2488 δή
498 2434 557 2474 τινα
579 2415 676 2492 τρόπον
698 2413 863 2490 καθεστήσαι
884 2417 967 2472 ταύτα
989 2411 1036 2472 καί
1060 2421 1179 2492 μερικῶς
1200 2416 1219 2487 ἡ
1242 2414 1364 2474 καθόλου
1386 2414 1548 2494 περιτροπήν
1572 2415 1663 2484 αότοῑς

365 2535 619 2613 ἐπιμηχανήσεσθαι
633 2536 693 2605 ταῖς
707 2533 971 2609 παλαιμναιοτσίταις
985 2531 1125 2613 ύπσῖγομεν
1141 2534 1220 2614 ἀραῖς
1237 2532 1284 2593 καὶ
1300 2535 1449 2610 ἀναθέματι
1461 2535 1659 2610 ἀποβάλλομεν

364 2655 410 2718 καὶ
433 2657 625 2734 κατευχόμεθα
647 2655 738 2714 τούτου
760 2661 849 2715 πᾶσαν
864 2657 1000 2730 θεήλατον
1016 2655 1153 2736 συμροράν
1172 2655 1221 2714 καί
1235 2658 1319 2730 θυμόν
1334 2655 1381 2716 καί
1396 2657 1482 2737 όργὴν
1495 2655 1543 2716 καί
1558 2657 1658 2733 θλίψιν,
1717 2697 1718 2724 3

365 2777 520 2853 ἀποστολὴν
544 2776 579 2836 δι’
592 2777 722 2856 ἀγγέλων
743 2783 879 2856 πονηρῶν,
907 2779 946 2848 ὡς
969 2778 983 2836 ό
1007 2777 1098 2855 μέγας
1121 2776 1199 2855 λέγει
1222 2777 1318 2852 Δαβίδ.
1353 2777 1401 2838 ταί
1421 2799 1466 2858 γε,
1489 2777 1661 2858 ριλσίνθρωπε

365 2900 493 2981 δέσποτα,
516 2899 589 2980 κύριε
606 2899 696 2975 Ἰησού
713 2899 821 2979 Χριατέ,
845 2895 900 2980 ἀνί)
916 2897 1011 2958 καὶτὰ
1027 2899 1141 2977 μεγάλα
1158 2898 1269 2972 ποίμνια
1283 2897 1451 2978 καταρτίζων
1469 2897 1515 2958 καὶ
1530 2899 1565 2958 τὰ
1580 2896 1660 2976 μικρὰ

363 3021 530 3103 καταρτῖζων
552 3019 599 3082 καὶ
615 3021 777 3100 μεγαλύνων
794 3021 838 3080 διά
852 3027 901 3096 τῆς
915 3023 1037 3098 χάριτος,
1060 3019 1140 3091 εἴτις
1154 3027 1208 3078 τῶν
1225 3021 1356 3080 ἁπάντων
1371 3020 1513 3100 πειραθείη
1530 3019 1659 3093 ὁπωσδή-

364 3165 430 3204 ποτε
445 3147 500 3215 τοίς
515 3143 579 3223 παρ’
587 3144 666 3217 ήμῶν
681 3143 879 3217 τετιπωμένοις
892 3140 939 3202 καὶ
956 3143 1142 3222 διωρισμένως
1154 3142 1348 3218 ἐναντιωθῆναι
1363 3145 1435 3202 κατέ
1450 3164 1475 3203 τι
1485 3147 1504 3217 ἢ
1514 3143 1563 3218 τὴν
1577 3143 1659 3218 μονὴν

365 3265 521 3326 ἀδούλωτον
552 3262 598 3324 καί
626 3263 775 3324 ἀδέσποτον
802 3263 848 3322 καὶ
875 3267 962 3337 πάντη
986 3262 1155 3336 αύτεξούσιον
1176 3265 1343 3324 ταπωθεῖσαν
1365 3262 1413 3324 καῖ
1434 3265 1658 3343 καταλειφθεῖσαν

366 3388 451 3466 ἑτέρῳ
473 3384 733 3447 καταδουλώσασθαι
754 3389 773 3459 ἢ
797 3385 885 3463 έαυτῷ
908 3383 947 3456 είς
964 3383 1086 3458 ἐξουσίαν
1106 3389 1258 3466 ύπαγαγεῖν
1273 3390 1291 3461 ἢ
1307 3387 1485 3462 ὁπωσδήποτε
1501 3387 1550 3462 τὴν
1565 3387 1659 3459 ταύτης

367 3507 523 3588 ἐλευθερίαν
543 3512 740 3582 καινοτομῆται
754 3511 773 3581 ή
788 3507 989 3588 ἀκρωτηρισῖσαι
1004 3511 1075 3568 κατοί
1089 3529 1148 3568 τινα
1163 3509 1262 3588 τρόπον
1276 3511 1294 3583 ή
1310 3507 1443 3587 ἀφορμήν,
1466 3511 1519 3567 κᾶν
1536 3507 1658 3583 βασιλεὺς

366 3627 396 3713 ᾖ,
418 3633 469 3690 κάν
483 3630 626 3708 αύγούστα,
647 3631 699 3688 κάν
713 3631 893 3708 πατριάρχης,
909 3633 960 3689 κάν
976 3629 1130 3710 ἀρχιερεύς,
1145 3633 1196 3690 κάν
1213 3630 1368 3708 ἐπίσκοπος,
1382 3633 1433 3690 κᾶν
1450 3631 1657 3710 μητροπολίτης,

366 3755 417 3814 κάν
441 3751 684 3832 ἀρχιμανδρίτηςί)
707 3755 725 3827 ἤ
748 3751 928 3830 μοναοτηρίου
950 3753 1089 3832 προεστὼς
1111 3755 1162 3812 κάν
1186 3751 1275 3824 ἄλλος
1296 3773 1337 3823 τις
1356 3750 1410 3810 τῶν
1427 3751 1657 3828 ἐκκλησιαοτιιιιῐνν

367 3877 384 3948 ή
413 3873 580 3952 ἀρχοντινιῖνν
602 3869 763 3954 προσώπων,
785 3877 837 3932 κᾶν
861 3865 917 3945 οἷος
940 3874 1042 3948 δήποτε
1066 3875 1206 3953 ἅνθρωπος
1229 3871 1259 3946 ἐξ
1275 3873 1404 3954 ἐπηρείας
1419 3875 1528 3944 πάντως
1542 3893 1657 3954 παρακι-

367 3997 497 4070 νούμενος
520 4001 668 4070 οατανικῆς
690 3996 705 4053 ό
726 3999 855 4075 τοιοῦτος,
879 3988 935 4066 οἷος
958 3999 989 4054 ἂν
1012 3993 1058 4054 καί
1078 3994 1130 4068 εἴη,
1155 3996 1185 4054 σύ
1201 3995 1283 4070 μόνον
1299 3995 1338 4066 ὡς
1354 3995 1451 4073 ἔνοχος
1465 3999 1512 4054 τού
1528 3991 1657 4075 ἀχράντσυ
1717 3973 1718 4004 ³

368 4120 494 4193 σώματος
516 4115 630 4177 καὶτοῦ
652 4116 739 4192 τιμίου
761 4115 808 4176 καὶ
831 4118 962 4187 ζωοποισύ
986 4116 1100 4190 αἵματος
1122 4117 1315 4192 λογισθήσεται
1336 4114 1383 4176 καὶ
1404 4122 1454 4190 τῆς
1477 4121 1528 4190 σῆς
1552 4115 1656 4196 μερίδος
1717 4139 1718 4166 1

368 4240 627 4320 ὰλλοτριωθήσεται,
652 4238 729 4298 ἀλλὰ
751 4237 797 4298 καὶ
819 4245 869 4313 τῆς
891 4237 959 4318 ἀραῖς
981 4245 1034 4308 τῶν
1056 4232 1215 4316 τριακοσίων
1239 4239 1307 4298 δέκα
1330 4235 1376 4297 καί
1400 4238 1471 4298 δκτύν
1494 4237 1584 4314 οίγίων
1604 4259 1654 4298 πα·

367 4365 452 4442 πόρων
479 4360 525 4420 καὶ
552 4362 688 4442 θεορόρων
714 4361 834 4439 φανεῖται
856 4360 1041 4440 κληρονόμος,
1068 4358 1114 4418 καὶ
1137 4359 1293 4439 σύγκληρος
1315 4357 1354 4437 τῷ
1375 4359 1495 4442 προδότῃ
1519 4360 1595 4420 ἔσται
1616 4357 1655 4418 καί

474 4625 493 4686 ¹)
512 4623 576 4675 cod.
597 4619 699 4671 ίστύντα.
772 4621 793 4686 ²)
812 4620 876 4672 cod.
897 4617 917 4672 ό.
989 4619 1011 4684 ³)
1030 4619 1094 4670 eod.
1114 4613 1315 4688 ἀρχιμανδρινιῆς.
