3240 5286
489 573 566 637 XII.
592 571 818 653 6873-1364,
842 593 952 636 mense
976 571 1154 656 decembri,
1178 573 1243 638 ind.
1268 573 1328 638 III.

260 738 373 793 Αίσαίαε
388 739 543 806 Com-neuun,
561 741 710 809 imperator
726 739 913 808 Trapezuntis‚
930 737 1061 807 declarat,
1079 740 1271 792 monasterium
1285 737 1403 792 Sanctae
1416 738 1550 806 Deiparae

594 844 624 897 ιἰι
638 850 725 898 monte
742 842 854 898 διανταία
869 859 924 896 esne
940 843 1053 897 ίιθσπιιπι
1070 851 1095 897 et
1109 844 1222 914 τσφίωωι.

364 1031 381 1103 †
404 1028 456 1086 'Ev
479 1029 617 1104 ὀνόματι
639 1032 694 1089 τοῦ
715 1030 838 1108 πατρὸς
861 1027 915 1088 καὶ
939 1032 993 1088 τοῦ
1017 1027 1086 1088 υίοῦ
1107 1027 1163 1088 καί
1185 1032 1239 1088 τοῦ
1262 1027 1359 1107 ἁγίου
1373 1027 1551 1102 πνεύματος
1595 1021 1596 1060 ³

261 1145 347 1224 ἀμην
370 1153 395 1226 †.

365 1275 381 1347 †
405 1267 570 1344 Ἀλέξιος,
596 1271 629 1330 ἐν
645 1270 775 1352 Χριστῷ
797 1271 839 1350 τῷ
863 1268 927 1348 θεῷ
949 1273 1066 1343 πιστύς
1089 1270 1251 1345 βασιλεύς
1272 1269 1328 1331 καί
1345 1273 1551 1350 αὐτοκράτωρ
1595 1259 1596 1336 J

260 1395 367 1467 πάσης
387 1393 581 1472 Ἀνατολῆς,
605 1392 742 1472 Ἰβήρων
765 1391 820 1452 καὶ
843 1392 1040 1473 Περατείας,
1062 1393 1077 1451 θ
1101 1393 1220 1472 Μέγας
1242 1393 1428 1470 Κομνηνύς,
1450 1397 1550 1470 πᾶσιν,
1595 1427 1596 1430 =

261 1507 312 1586 οἷς
334 1515 368 1573 τ“ο
390 1517 492 1594 παρὀν
515 1517 607 1590 ἡμῶν
630 1514 769 1588 εύσεβές
794 1515 1021 1575 ἐπιδείκνυται
1044 1513 1217 1594 σιγίλλιον
1240 1517 1265 1590 †.

366 1641 383 1712 ἀ
405 1635 437 1696 Εἰ
459 1640 552 1714 τεῖχος
569 1638 622 1717 ἀρα
637 1639 742 1708 ἑαυτοῖς
757 1635 782 1697 σί
797 1635 940 1712 πολεμίων
957 1637 1052 1715 ἔφοδον
1069 1637 1255 1711 ἐνωτιζάμενοι
1271 1635 1447 1717 διεγείρουσιν
1463 1637 1551 1714 ἀπερι-

261 1758 404 1838 κλόνητον,
436 1758 482 1820 καί
513 1763 611 1840 τάφρον
642 1760 725 1838 σφίσιν
757 1759 786 1830 ἐς
809 1760 963 1840 ἀποτροπὴν
986 1758 1039 1817 τῶν
1064 1757 1191 1818 ἐναντίων
1215 1759 1321 1818 ἐκεῖθεν
1344 1759 1501 1838 ὀρύττουσιν,
1531 1755 1550 1814 εί

263 1882 338 1940 θπλα
370 1881 435 1940 ἔνιοι
456 1881 649 1960 πολεμητάρια
672 1881 702 1953 ἐς
724 1881 848 1959 φυλακὴν
870 1885 942 1959 σφῶν
964 1883 1180 1962 περιζώννυῖιται,
1210 1878 1257 1940 καί
1278 1879 1350 1940 κατὰ
1371 1881 1466 1940 παθῶν
1487 1899 1551 1949 τινες

262 1999 421 2082 ἀλεξιτάρια
444 2001 603 2062 ἐπιτίθενται
626 2005 766 2084 φάρμακα,
788 2002 836 2062 καί
859 2002 949 2090 ἀλλος
972 2002 1046 2062 ἀλλο
1068 2003 1099 2062 τ“ο
1119 2001 1236 2078 βοηθοῦν
1253 2001 1324 2080 αύτῷ
1341 2001 1374 2061 ἐκ
1387 2005 1441 2060 τῶν
1457 2001 1550 2060 ἐνύλων

264 2123 469 2204 διαχειρίζεται,
500 2123 567 2184 ἀλλ’
581 2125 632 2203 ούχ
659 2127 743 2196 ούτως
765 2125 783 2199 ἡ
808 2123 935 2200 βασιλεία
957 2125 1050 2199 ἡμῶν·
1083 2123 1140 2183 ἀντὶ
1163 2124 1274 2195 ούδενδς
1295 2124 1350 2203 γὰρ
1371 2127 1454 2184 ταῦτα
1475 2121 1550 2201 λογί-

263 2248 347 2325 ζεται,
377 2243 424 2305 καί
447 2245 553 2324 σχολὴν
577 2245 621 2305 ἐπὶ
642 2247 744 2318 τούτοις
766 2248 920 2307 παντάπασι
945 2245 1168 2326 καταψηφίζεται,
1199 2247 1325 2325 φθαρτοῖς
1347 2243 1405 2304 οὖσι
1427 2243 1472 2304 καὶ
1496 2245 1550 2303 ἐπι-

263 2369 367 2447 κήροις,
391 2364 448 2425 ἀντὶ
472 2365 497 2425 δ’
510 2367 689 2446 ὀχυρώματος
712 2367 847 2448 ἀρραγοῦς
869 2366 916 2428 καὶ
939 2367 1033 2427 ὅπλων
1057 2366 1187 2445 μαχίμων
1210 2365 1257 2426 καὶ
1279 2368 1429 2446 φαρμάκων
1446 2363 1551 2440 ίασίμων

262 2486 310 2547 καί
331 2487 460 2558 παντοίας
488 2488 599 2568 ἀρωγῆς
622 2488 790 2569 ἀνθρωπίνης
812 2489 860 2566 τὴν
882 2489 1053 2564 πανύμνητον
1077 2487 1247 2548 ἐπικαλεῖται
1270 2487 1413 2568 θεὴαιδα,
1444 2487 1490 2563 τὴν
1511 2487 1551 2545 τὀν

263 2609 349 2686 λύγον
371 2608 437 2688 ύπέρ
459 2609 545 2688 λόγον
568 2610 691 2690 ἀρρήτως
712 2612 777 2687 ἡμῖν
801 2607 950 2690 ἑνώσασαν,
973 2608 1020 2669 καί
1043 2612 1072 2668 τδ
1094 2615 1144 2684 τῆς
1167 2611 1266 2690 σαρκδς
1282 2609 1391 2689 γεῷδες
1406 2605 1550 2686 ύψιίισασαν,

262 2729 310 2790 καί
339 2732 405 2806 ἡμῖν
435 2730 480 2789 τδν
510 2731 571 2790 θεὸν
603 2729 803 2792 εύδιοίλλακτον
830 2732 923 2812 κριτὴν
946 2727 1145 2804 ἀναδείξασαν·
1176 2731 1243 2806 αὑτὴ
1273 2731 1327 2812 γάρ
1350 2731 1471 2811 φρούριον
1492 2751 1551 2808 τνη-

262 2855 343 2932 χσίνει
378 2849 521 2914 ἀνάλωτον
554 2851 601 2912 καί
633 2855 734 2934 τάφρος
762 2851 810 2912 καί
838 2854 919 2925 πόλις
954 2853 1153 2934 ἀπολιόρκητος
1183 2851 1229 2912 καί
1259 2853 1345 2912 ὅπλον
1375 2853 1436 2912 κατ’
1455 2852 1551 2930 ἐχθρῶν

262 2975 415 3052 πληκτικὸν
447 2976 497 3035 κάν
519 2977 579 3048 ταῖς
607 2975 758 3047 ἀσθενείαις
788 2974 938 3054 ἀνάρρωσις
968 2973 1015 3034 καί
1038 2974 1192 3054 ἀπαλλαγὴ
1214 2975 1348 3034 παντοίων
1372 2974 1507 3052 ἀλγεινῶν
1527 2991 1550 3030 τε

263 3096 311 3158 καὶ
335 3103 476 3178 συμφορῶν
499 3097 546 3156 καί
568 3098 698 3158 κινδύνων
720 3095 767 3156 καὶ
789 3100 980 3176 περιστάσεων,
1025 3094 1072 3156 καί
1095 3097 1124 3155 τ“ο
1149 3096 1182 3170 δὴ
1206 3097 1370 3175 θαυμαστόν,
1401 3097 1441 3156 ὅτι
1462 3095 1508 3155 καί
1529 3094 1551 3152 ἐν

264 3220 346 3302 ταύτῃ
376 3225 410 3302 τῇ
445 3219 565 3298 ἐπικήρων
600 3221 657 3300 ζωῇ
691 3219 849 3290 ἀναζῶωσίς
878 3237 908 3277 τε
938 3215 985 3276 καὶ
1015 3217 1128 3292 βοήθεια
1162 3213 1215 3276 κάν
1244 3222 1278 3299 τῇ
1312 3219 1487 3300 μονιμωτέρα
1513 3214 1552 3276 καί

266 3340 408 3422 μελλούσῃ
431 3339 570 3416 ἀνάδοχος
591 3345 644 3399 τῶν
669 3339 787 3414 εὐσεβῶν
809 3337 855 3398 καὶ
879 3338 1010 3419 μεσίτρια,
1033 3333 1068 3414 ἦς
1086 3338 1136 3410 τάς
1157 3337 1264 3418 δωρεάς
1283 3336 1330 3397 καί
1349 3337 1399 3410 τάς
1414 3338 1552 3407 ἀντιδόσεις

266 3461 392 3539 δαψιλεῖς
420 3461 588 3521 πλουτίσασα
617 3462 635 3535 ἡ
665 3459 792 3535 βασιλεία
825 3481 886 3542 μου,
917 3460 947 3518 ού
971 3459 1106 3520 διαλείπει
1130 3460 1277 3520 ἐπαινοῦσα
1298 3459 1347 3520 καὶ
1369 3461 1552 3540 εύχαριστοῦοα

264 3584 296 3643 τὀ
318 3584 418 3657 ταύτης
441 3579 642 3657 δεδοξασμένον
664 3579 712 3640 καί
734 3584 865 3662 σωτήριον
888 3581 984 3656 ὄνομα.
1018 3580 1042 3640 εί
1058 3580 1150 3641 δὲκαὶ
1167 3582 1334 3664 ἀντιμετρεῖν
1350 3580 1552 3658 βουληθείημεν,

266 3704 326 3763 ἀνθ’
340 3699 377 3764 ὧν
401 3703 468 3779 αῦτη
490 3703 556 3778 ἡμῖν
580 3703 773 3783 ἐπεμέτρησεν,
798 3703 826 3762 ἐν
845 3701 1063 3784 τ’ἐκστρατείαις
1083 3704 1143 3762 κατ’
1151 3703 1262 3784 ἤπειρον
1279 3705 1336 3778 ἅμα
1351 3701 1398 3763 καί
1415 3702 1552 3780 θάλατταν,

267 3826 295 3884 ἔν
317 3845 348 3884 τε
372 3821 519 3904 ξυμφοραῖς
534 3845 564 3884 τε
579 3821 627 3884 καί
641 3827 811 3904 περιστάσεσι
827 3822 874 3884 καί
888 3826 997 3896 λοιπαῖς
1014 3827 1250 3906 συναναστροφαῖς,
1275 3817 1317 3897 αίς
1333 3825 1496 3904 ύπέσταμεν,
1515 3823 1551 3902 ἀφ’

266 3940 297 4007 ού
305 3946 328 4022 ¹)
360 3945 393 4006 ἐκ
421 3949 471 4022 τῆς
494 3945 635 4019 βασιλίδος
657 3939 716 4005 τῶν
734 3947 844 4006 πόλεων
868 3945 1087 4022 διεπλωίσθημεν
1110 3951 1163 4005 τῶν
1186 3939 1253 4026 ὧδε,
1282 3944 1329 4006 καὶ
1351 3947 1400 4021 τὴν
1424 3945 1552 4021 βασίλειον

265 4068 363 4142 ταύτην
394 4065 440 4126 καίΙ
469 4068 669 4148 προπατορικὴν
701 4065 886 4148 είλήφαμενέ)
917 4067 1016 4148 ἀρχήν,
1048 4065 1072 4126 τί
1101 4063 1134 4126 σίν
1162 4089 1200 4139 τις
1223 4065 1294 4128 είποι
1315 4069 1333 4142 ἢ
1357 4065 1551 4141 ἀνταποδοίηίΙ

267 4191 345 4268 λόγῳ
375 4186 536 4268 ξυγρράρειν
567 4188 691 4270 ἱστορικῷ
723 4189 874 4265 δυνήσεται,
905 4191 956 4248 κάν
987 4188 1056 4266 θλην
1088 4189 1170 4263 οάτὴν
1197 4190 1246 4264 τὴν
1273 4189 1335 4248 καθ’
1347 4190 1422 4266 ἡμεῖς
1450 4183 1550 4266 ἀνελίξη

267 4313 388 4390 γραφήν;
418 4310 504 4370 τοίνυν
533 4309 579 4369 καὶ
610 4312 649 4385 μὴ
682 4311 783 4388 ἔχουσα
807 4305 835 4394 [ἡ
860 4309 988 4384 βασιλεία
1011 4305 1105 4394 μσυίύ)
1130 4309 1159 4382 ἐς
1182 4315 1305 4370 τοσοῦτον
1329 4306 1486 4370 ἀνείκαστον
1506 4309 1549 4366 πέ-

267 4433 357 4510 λαγος
380 4437 433 4491 τῶν
455 4433 554 4506 ταύτης
577 4431 734 4506 θαυμασίων
757 4433 832 4510 ὁρᾶν,
856 4435 874 4506 ἡ
898 4432 926 4503 ἐς
948 4431 1061 4507 πηλίκον
1084 4431 1206 4512 ούράνιον
1229 4429 1275 4492 καὶ
1299 4432 1425 4512 ἐναστρον
1440 4431 1549 4505 λειμῶνα

373 4693 392 4756 ²)
411 4683 439 4756 ἧς
458 4693 488 4741 F.
560 4691 581 4756 ²)
601 4687 704 4754 ύπέοτην
725 4719 755 4728 -
775 4687 937 4754 διεπλωίσθην
956 4716 988 4727 -
1008 4680 1103 4756 είληφεν
1122 4690 1151 4740 F.
1224 4691 1244 4755 ³)
1262 4689 1458 4757 supplevimus.
