3166 5298
1266 352 1325 416 127

55 548 75 608 οἱ
94 548 158 624 μετὰ
180 547 213 610 σὲ
236 549 467 628 ἑνααχολοόμενοι
489 549 653 610 τὰτοιαῦτα
674 551 800 622 κτήματα
823 549 981 628 διατηρῶσιν
1004 547 1098 619 αἰτοθς
1118 548 1327 626 σίνενοχλήτους.

55 669 120 746 μηνὶ
141 671 322 746 δκτωβρίου
344 669 368 744 ς’
390 671 419 748 †.

145 800 291 856 Ioamaa
305 800 357 855 Nr.
377 802 425 854 13.

240 1084 400 1150 XXVIII.
425 1081 672 1172 [6853-1353],
695 1106 805 1156 mense
828 1083 960 1168 octobri,
982 1085 1048 1150 ind.
1072 1083 1129 1150 VI.

54 1269 106 1324 Ra
113 1269 264 1340 Stephamoe
276 1269 376 1324 Man
387 1269 526 1339 confirmat
537 1270 697 1324 mmtaateria
708 1271 901 1340 ροεεωείοιιειιι
912 1270 1035 1326 memnii
1045 1268 1162 1326 Sanctae
1173 1269 1327 1326 Barbarae.

54 1468 177 1554 Ἕτερον
204 1474 401 1554 πρόσταγμα
429 1477 487 1548 τῆς
518 1471 695 1546 βασιλείας
724 1472 835 1554 κυρίου
858 1474 1023 1554 Στεφάνου
1050 1471 1125 1554 περὶ
1152 1479 1210 1549 τῆς
1233 1472 1331 1553 ἁγίας

593 1593 779 1674 Βαρβάρας.

146 1772 162 1846 γ
178 1767 256 1828 Ἰθπεὶ
272 1767 297 1829 σί
313 1768 496 1850 εὑρισκόμενοι
506 1765 629 1846 ,μοναχοὶ
645 1767 674 1826 ἐν
689 1773 721 1850 τῇ
737 1767 808 1828 κατὰ
818 1768 848 1828 τό
860 1767 924 1848 όρος
933 1773 979 1828 τοῦ
988 1769 1107 1850 Σερρῶν,
1118 1770 1148 1828 τ“ο
1161 1769 1330 1844 καλεόμενον

54 1888 211 1969 Μενοίκεων,
240 1890 400 1973 διακειμένῃ
422 1887 557 1972 σεβασμίᾳ
580 1895 648 1972 μονῇ
676 1895 725 1964 τῆς
749 1891 928 1969 περιποθήτου
955 1891 1087 1971 θυγατρός
1112 1896 1161 1966 τῆς
1188 1890 1331 1966 βασιλείας

54 2031 106 2089 μου,
127 2019 176 2088 τῆς
196 2012 371 2089 θιβρλστάτρς
393 2011 524 2092 βηγαίνης
540 2010 666 2092 Σερβίας,
688 2016 722 2093 τῇ
747 2009 786 2082 εἰς
806 2011 893 2087 όνομα
907 2013 1048 2095 τιμωμένῃ
1062 2017 1109 2074 τοῦ
1125 2012 1202 2091 ἁγίου
1219 2009 1330 2084 ἐνδόξου

53 2135 177 2212 προφήτου
199 2129 385 2220 [Προδρόμου]
410 2133 457 2194 καὶ
479 2135 627 2194 Βαπτιστοό
650 2133 777 2195 Ἰωάννου
803 2133 938 2215 ᾐτήσαντο
964 2133 1012 2208 τὴν
1041 2132 1181 2207 βασιλείαν
1209 2153 1260 2208 μου
1285 2135 1330 2194 τόν

53 2253 106 2334 περὶ
125 2259 156 2316 τό
178 2256 371 2334 ζευγηλατεῖον
396 2256 477 2331 αθτῆς
491 2257 521 2315 τό
537 2255 707 2331 καλούμενον
722 2255 874 2336 Βερνάρους
889 2257 1079 2336 εὑρισκόμενον
1097 2257 1232 2336 εθκτίγριον
1246 2250 1330 2335 οἶκον,

54 2378 91 2435 τόν
112 2376 151 2450 εἰς
173 2377 259 2454 όνομα
280 2374 432 2454 τιμώμενον
455 2383 504 2453 τῆς
526 2377 607 2456 α’γίας
630 2377 873 2458 μεγαλομάρτυρος
895 2376 1051 2458 Βαρβάρας,
1082 2377 1156 2450 όπως
1178 2376 1331 2458 εὑρίσκηται

56 2497 87 2570 είς
111 2505 238 2578 μετόχιον
265 2507 314 2576 τῆς
335 2501 395 2560 κατ’
409 2499 503 2572 αθτοθς
529 2500 652 2574 τοιαύτης
675 2505 770 2580 μονῆς,
804 2500 852 2574 τὴν
882 2498 985 2576 αἴτησιν
1017 2500 1103 2560 αὐτῶν
1124 2495 1331 2580 προσδεξαμένη

54 2621 69 2696 ἡ
89 2619 212 2696 βασιλεία
234 2643 286 2697 μου
310 2621 452 2703 διορίζεται
476 2621 654 2696 ἐπιλαβέσθαι
676 2620 722 2681 καὶ
744 2623 871 2700 κατέχειν
888 2622 982 2695 αὺτοὶις
996 2623 1041 2682 τόν
1057 2621 1216 2699 δηλωθέντα
1233 2622 1332 2696 εδκτθ-

1 2813 2 2820 γ
55 2762 103 2820 ριον
124 2737 197 2804 αίκαν
220 2744 283 2819 μεθ’
295 2738 332 2804 ὧν
347 2745 491 2820 κε’κτρνται
507 2741 545 2816 εἰς
561 2745 686 2822 μετόχιον
701 2749 751 2820 τῆς
767 2743 959 2822 διαληφθείσιγς
975 2749 1070 2824 μονῆς,
1085 2741 1132 2803 καὶ
1148 2744 1186 2819 μὴ
1202 2742 1332 2824 εὑρίσκειν

1 2879 2 2946 γ
55 2863 91 2923 ἐπὶ
114 2871 147 2947 τῇ
173 2871 281 2946 κατοχῇ
310 2865 404 2938 αθτοθς
425 2867 499 2946 παρά
521 2886 591 2937 τινος
615 2865 768 2940 διασεισμόν
790 2867 808 2939 ἣ
833 2865 1005 2943 θιενόχλησιν
1028 2864 1191 2940 οίανδήτινα.
1240 2865 1332 2924 τούτου

55 2986 100 3066 γαρ
125 2990 203 3068 χάριν
226 2987 349 3064 ἀπελύθη
372 2995 404 3070 τῇ
429 2975 764 3070 θιαληρθείσῃσεβασμίᾳ
787 2994 856 3069 μονῇ
877 2993 923 3048 τοῦ
947 2987 1105 3068 Προδρόμου
1127 2985 1174 3047 καί
1195 2989 1224 3046 τό
1246 2987 1332 3068 παρόν

56 3109 205 3186 πρόσταγμα
227 3116 278 3186 τῆς
301 3108 443 3182 βασιλείας
466 3131 526 3190 μου,
550 3109 658 3188 όρειλον
681 3113 820 3190 προσεῖναι
843 3111 909 3190 αθτῇ
932 3108 967 3167 δι’
980 3111 1128 3189 ἀσφάλειαν
1151 3113 1176 3186 †.

149 3235 165 3307 θ
188 3225 271 3310 Εἶχε
302 3231 498 3312 δι’ἐρυθριῖιν
520 3233 723 3312 γραμμάτων
746 3237 803 3306 τῆς
826 3231 1005 3307 βασιλικῆς
1026 3229 1083 3290 καί
1105 3228 1199 3303 θείας
1219 3230 1333 3309 χειρός

57 3352 97 3408 τό·
137 3353 303 3431 Στέρανος
335 3354 449 3425 πιστός
483 3353 516 3412 ἐν
543 3351 670 3434 Χριστῷ
704 3352 746 3432 τῷ
780 3349 843 3430 θεῷ
873 3353 1002 3434 κράλης
1032 3349 1087 3412 καὶ
1122 3351 1333 3433 αθτοκράτωρ

58 3471 188 3554 Σερβίας
209 3473 266 3536 καὶ
289 3473 490 3552 Ῥωμανίας,
514 3471 591 3549 μηνὶ
613 3473 783 3553 όκτωβρίῳ
807 3471 866 3534 ἰνδ.
891 3495 906 3546 ς
937 3478 963 3550 γ.

149 3603 293 3658 Ιοαιιιιίάεε
308 3602 359 3658 Nr.
379 3603 428 3656 14.
453 3602 515 3658 Ιιιά.
540 3601 586 3656 VI.
604 3608 642 3656 eac
658 3603 738 3656 ea‘am
754 3603 930 3657 anai1338.

365 3947 393 4018 χ
516 3903 646 3970 XXIX.
670 3903 746 3971 sine
768 3927 863 3971 anno.

63 4085 114 4142 Βια
128 4087 278 4161 Stephanus
293 4089 394 4145 Dalan
409 4091 492 4146 donat
509 4093 671 4146 manasterio
687 4089 804 4146 Sanctae
819 4091 984 4146 Αωσεόααόαε
998 4091 1251 4162 Ρίιανπιαοοίρόσίαε
1265 4093 1336 4148 bona

363 4194 482 4260 fratrum
501 4195 692 4266 Ομιόαυίοιαια
705 4197 760 4250 sita
775 4197 804 4250 ιἰι
818 4197 876 4252 vica
895 4197 1019 4252 Castiaa.

157 4398 363 4482 Πρόσταγμα
385 4399 554 4478 Στεράνου
576 4403 632 4458 τοῦ
654 4399 763 4480 κράλη
786 4397 928 4478 Σερβίας
950 4396 1005 4458 καὶ
1028 4397 1224 4474 Ῥωμανίας.

151 4573 224 4650 ’γἨ
251 4573 391 4653 κραλότης
420 4591 471 4648 μου
498 4571 557 4649 ἔχει
585 4571 696 4647 θέλημα
722 4569 768 4632 καὶ
795 4571 936 4652 διορίζεται
963 4571 1008 4632 διὰ
1033 4575 1079 4632 τοῦ
1099 4573 1232 4651 παρόντος
1254 4573 1336 4650 αθτῆς

65 4696 256 4774 προστάγματος
278 4691 326 4772 καί
349 4693 486 4774 εθεργετεῖ
507 4694 573 4773 πρός
594 4693 643 4769 τὴν
659 4691 807 4768 σεβασμίαν
823 4693 908 4768 μονὴν
923 4698 972 4770 τῆς
987 4692 1067 4772 ἁγίας
1083 4689 1192 4766 ἐνδόξου
1208 4693 1335 4773 μεγαλα·
