3240 5286
1339 313 1402 376 247

98 513 213 569 στάσεσι
227 509 277 568 καί
289 515 369 570 πᾶσιν
386 509 495 590 ἀλλοις,
515 507 561 568 καί
577 510 607 570 ἑν
620 508 660 588 τῷ
676 510 770 588 εύκγεῑ
786 509 883 588 κλήρῳ
899 515 949 584 τῆς
964 507 1109 584 βασιλείας
1126 529 1187 584 μου,
1202 509 1296 578 πάσας,
1306 528 1338 567 τε
1353 507 1404 580 τὰς

98 630 240 691 ἀνέκαθεν
261 631 498 712 προσαρμοθείσας
519 628 558 709 τῷ
579 631 690 710 τοιούτῳ
713 630 825 709 όρρικίῳ
848 630 950 709 κρίσεις
972 627 1109 708 διεξάγειν
1124 628 1171 690 καί
1185 634 1324 708 περατοῦν.
1357 627 1404 689 ἐπὶ

97 754 192 834 τούτῳ
212 754 268 832 γὰρ
291 753 416 832 ἐγεγόνει
437 752 483 814 καί
505 755 523 828 η
546 757 668 832 παροῦσα
689 759 738 828 τῆς
761 751 904 827 βασιλείας
927 774 978 828 μου
1000 749 1145 833 πρόσταξις
1161 752 1195 812 δι’
1209 751 1359 832 ἀσφάλειαν
1375 755 1401 824 †.

211 871 334 954 ’γΕίχε
363 878 411 936 τό·
443 875 520 953 μηνί
550 871 873 955 μαίῳίνδικτιῶνος
897 872 936 952 ιγ’
965 874 1017 934 διὰ
1046 879 1105 952 τῆς
1138 873 1318 949 βασιλικῆς
1347 870 1401 932 καί

99 998 202 1070 θείας
222 1000 338 1086 χειρός
356 1003 383 1074 γ.
448 1001 451 1006 ’
475 1001 499 1052 .’

313 1387 315 1390 ¹
364 1309 406 1375 II.
434 1305 683 1398 [6778-1270]‚
705 1329 816 1394 mense
839 1308 934 1390 maio,
956 1307 1021 1376 ind.
1046 1305 1140 1394 XIII.

99 1499 260 1569 Imperator
275 1494 396 1550 Μόσάσόέ
410 1489 589 1564 Ραίασοίομυι
608 1489 704 1548 &exibit
717 1492 893 1562 μαῦιίανοίιυο
907 1489 1017 1562 ἀσπεριά,
1041 1498 1072 1544 ατ
1082 1497 1242 1560 promoveat
1256 1493 1400 1545 άίαοοπυοι

272 1601 439 1660 modorum
455 1597 639 1657 Scutariotam
652 1599 692 1653 ad
706 1597 829 1654 altiorem
844 1598 1003 1668 τίν’μπόίαόοιπ
1018 1597 1234 1662 ecelesiasticam.
1292 1659 1295 1664 ,

97 1803 241 1888 Ἕτερον
270 1776 469 1884 πρόσταγμα
501 1777 620 1864 οεπτδν
653 1807 707 1862 τοῦ
741 1803 996 1878 κοσμοποθήτου
1020 1805 1186 1880 ,κραταιοῦ
1215 1779 1399 1882 καὶὰγίου

96 1931 197 2004 ἡμῶν
225 1929 381 1988 αύθέντου
407 1923 462 1986 καί
480 1924 666 2006 βασιλέως,
698 1917 788 1984 θιόὗ
815 1942 869 2001 μοι
896 1919 951 2004 καὶ
978 1924 1077 2004 τόπος
1104 1901 1249 2004 ἀπεδόθη
1277 1923 1337 1984 κάν
1359 1930 1397 2006 τῇ

97 2052 273 2132 ἁγιωτάτῃ
304 2051 441 2132 μεγάλη
464 2048 630 2130 ἐκκλησίᾳ
652 2051 705 2107 τοῦ
728 2049 803 2107 θεοῦ
827 2046 1005 2126 ἀνάλογος,
1037 2043 1064 2104 εί
1087 2043 1143 2104 καὶ
1166 2045 1220 2124 διό
1242 2047 1281 2104 τά
1304 2065 1401 2127 τινων
1427 2041 1429 2047 ’

96 2173 233 2253 ἀπρεπῆ
257 2171 430 2236 σκάνδαλα
452 2169 508 2232 καί
531 2171 586 2246 τὴν
610 2171 643 2230 έν
665 2168 708 2248 τῷ
730 2167 820 2249 χορῷ
842 2174 904 2227 τῶν
922 2167 1210 2242 ὲκκληοιαστικῶν
1227 2166 1398 2247 ἀρχόντων

97 2295 222 2374 ἀριλον
246 2295 357 2354 στάσιν
380 2293 555 2372 ἀπέκλινα,
579 2291 635 2368 τὴν
659 2290 793 2372 εἰρήνην
816 2289 1086 2370 αἱρετισοίμενος·
1116 2289 1184 2363 μετ’
1198 2290 1231 2348 ού
1253 2289 1400 2368 πσλὶιδὲ.

95 2413 160 2476 καὶ
186 2415 371 2476 σακελλίσυ
394 2413 626 2495 ἑσρραγίσθην,
653 2412 709 2474 καὶ
730 2414 785 2472 τόν
807 2414 907 2472 τόπον
929 2414 984 2471 τοῦ
1007 2410 1191 2471 σακελλίσυ
1208 2409 1395 2492 ἀπέλαβον.

207 2585 389 2669 ’[Ἀγιώτατέ
412 2611 463 2666 μου
487 2591 605 2651 δέσποτα
626 2587 672 2649 καί
689 2587 859 2663 οίκσυμενικὲ
873 2590 1040 2668 πατριάρχα·
1065 2582 1139 2646 οίδεν
1154 2589 1171 2662 η
1189 2589 1322 2665 ἁγιωσύνη
1339 2609 1397 2668 σου,

97 2715 144 2785 ῶς
171 2710 319 2790 ἀνεδέξατο
346 2714 364 2789 ἡ
391 2711 520 2788 βασιλεία
547 2733 598 2790 μου
624 2713 670 2772 τόν
699 2713 858 2788 τιμιώτατον
886 2710 1085 2789 δικαιορύλακα
1113 2714 1162 2790 κῦρ
1185 2708 1330 2790 Θεόδωρον
1352 2712 1397 2771 τὀν

97 2835 318 2916 Σκοντοιριῶτην,
341 2833 388 2894 καὶ
411 2834 469 2906 σίας
491 2833 538 2894 καί
561 2831 658 2916 όοηςί)
682 2833 760 2893 αύιόν
784 2829 855 2905 ἀξιοῖ
877 2831 1059 2913 προοπαθείας
1081 2829 1129 2892 καί
1151 2829 1324 2911 οἰκειῶοεως,
1347 2838 1397 2909 τῆς

96 2969 132 3017 τε
163 2955 225 3037 περὶ
254 2957 289 3015 τὰ
317 2957 379 3016 θεία
407 2953 537 3036 γνώσεως
567 2957 646 3016 οάτοῦ
675 2957 765 3035 χάριν,
796 2953 842 3014 καί
864 2960 914 3032 τῆς
935 2953 997 3034 περὶ
1019 2954 1052 3013 τὰ
1073 2956 1223 3035 πράγματα
1244 2931 1413 3036 προσούσης

97 3081 187 3160 τούτῳ
215 3077 396 3156 είόημσούνης
417 3077 464 3138 καί
488 3075 596 3158 ἀρετῆς.
630 3077 690 3138 ἐπεί
713 3075 757 3138 σύν
781 3078 865 3147 ούτως
889 3077 967 3136 αύτόν
990 3073 1138 3150 ἀνεδέξατο
1160 3075 1207 3136 καί
1230 3079 1314 3151 ούτως
1338 3080 1396 3157 ἔχει

98 3209 194 3262 τοῦτον
216 3203 235 3276 ἡ
263 3195 392 3277 βασιλεία
419 3223 470 3276 μου
496 3199 543 3261 καί
564 3202 674 3278 τοιούτῳ
697 3197 830 3276 ἀξιῶματι
853 3201 1068 3278 κατεκόσμησεν,
1100 3201 1130 3260 οῦ
1153 3201 1214 3262 δέον
1237 3203 1344 3273 πάντως
1366 3201 1396 3259 τό

100 3326 142 3400 μὴ
164 3322 212 3383 καὶ
234 3323 308 3403 παρὰ
330 3328 379 3399 τῆς
402 3324 552 3400 ἁγιωσύνης
574 3344 621 3383 σου
644 3321 690 3382 καὶ
712 3329 762 3399 τῆς
781 3327 833 3382 τῶν
850 3323 1038 3401 συγκλητικῶν
1054 3318 1215 3407 [ἀρχόντων]
1232 3325 1310 3384 αῦτόν
1327 3325 1396 3383 ἀνα-

75 3447 197 3525 ιλόγως
220 3446 347 3523 μετέχειν
374 3451 454 3521 τιμῆς
476 3465 506 3504 τε
529 3441 574 3504 καὶ
597 3440 702 3516 τάξεως
725 3444 754 3504 έν
776 3463 806 3503 τε
828 3443 867 3522 τῷ
890 3443 1109 3523 ἐκκλησιαστικαξι
1131 3445 1242 3525 δρρικίῳ
1264 3445 1315 3504 κάν
1337 3448 1397 3520 ταῖς

98 3565 249 3647 κοθέδροιις
272 3564 318 3626 καὶ
341 3567 460 3626 στάσεσι·
483 3563 575 3646 χρεῶν
596 3565 650 3646 γάρ
673 3567 728 3645 τόν,
751 3566 780 3624 δν
802 3568 820 3640 ἡ
845 3565 971 3641 βασιλεία
995 3587 1046 3642 μου
1064 3566 1135 3626 κατὰ
1150 3567 1235 3647 λόγον
1250 3569 1327 3650 τιμᾷ,
1349 3567 1396 3628 καὶ

99 3687 176 3768 παρὰ
198 3692 248 3764 τῆς
271 3687 423 3765 ἁγιωσύνης
446 3707 493 3747 σου
515 3685 577 3747 κατ’
586 3681 646 3746 ίσον
668 3687 795 3762 τιμᾶσθαι
816 3685 862 3748 καὶ
884 3688 930 3747 τόν
954 3688 982 3748 ἐν
1004 3695 1038 3770 τῇ
1061 3688 1189 3772 βασιλείᾳ
1210 3689 1261 3749 κάν
1277 3695 1309 3771 τῇ
1326 3711 1395 3768 συγ-

99 3811 198 3889 κλήτῳ
220 3809 307 3884 τίμιον
328 3807 375 3868 καί
396 3809 471 3889 παρὰ
492 3815 526 3890 τῇ
550 3807 685 3892 ἐκκλησίᾳ
706 3827 753 3869 σου
774 3807 822 3868 καὶ
844 3808 882 3886 τῷ
904 3811 1001 3890 κλήρῳ
1024 3815 1073 3886 τῆς
1095 3812 1248 3889 ἁγιωτάτης
1267 3816 1313 3872 τοῦ
1332 3812 1395 3872 θεοῦ

100 3933 234 4011 μεγάλης
257 3931 406 4006 ἐκκλησίας
421 3937 501 4007 τιμῆς
513 3928 705 4004 ααταξισῦοθαι
720 3937 769 4006 τῆς
784 3931 949 4011 κρείττονος·
973 3931 1000 3992 εί
1012 3953 1064 4013 περ
1079 3931 1324 4015 ἐπιστημονὰρχης,
1348 3935 1395 3995 σὺν

100 4054 158 4134 θεῷ
186 4056 278 4134 ράναι,
308 4059 357 4130 τῆς
388 4053 538 4131 ἐκκλησίας
568 4075 615 4114 σου
642 4055 659 4128 ἡ
683 4051 810 4127 βασιλεία
834 4075 885 4130 μου
907 4054 953 4115 καὶ
976 4056 1046 4114 κατὰ
1068 4057 1153 4138 κρίσιν
1176 4055 1314 4142 οἰκονομεῖ
1334 4058 1395 4132 τούς

100 4178 205 4252 λόγους
227 4177 324 4251 σίντης·
366 4177 432 4256 πρός
454 4176 534 4235 τύπον
558 4175 589 4235 δὲ
611 4181 665 4234 τῶν
688 4175 837 4251 βασιλικῶν
860 4175 907 4237 καί
928 4177 963 4236 πά
983 4183 1037 4238 τῶν
1061 4179 1293 4254 ἐκκλησιαστικῶν
1316 4181 1394 4261 όρρι-

101 4297 169 4362 κίων
191 4298 266 4377 παρὰ
283 4303 340 4357 τῶν
364 4296 494 4374 ἀοιδίμων
517 4296 563 4358 καί
579 4299 746 4378 ριλευοεβῶν
763 4299 900 4374 βασιλέων
917 4300 1079 4380 ἐτάχθησαν,
1103 4302 1195 4374 καθὼς
1210 4303 1260 4362 κάν
1275 4303 1314 4382 τῷ
1330 4303 1394 4384 θείῳ
1453 4307 1456 4314 ’

101 4418 161 4498 ἰδίῳ
190 4423 237 4478 τοῦ
258 4415 365 4498 πρώτου
386 4426 439 4478 τῶν
463 4421 627 4499 Χριστιανῶν
650 4419 796 4495 βασιλέως,
820 4421 945 4500 μεγάλου
967 4420 1014 4480 καί
1037 4423 1113 4502 ἁγίου
1136 4423 1348 4504 Κωνοταντίνου,
1379 4429 1394 4485 ό

207 4679 226 4745 ¹)
244 4677 319 4742 πόσης
338 4681 365 4730 Z.
414 4693 417 4707 ’
