3486 5282
1283 262 1346 328 215

58 459 195 538 είρημένου
210 459 389 540 μοναστηρίου
403 463 450 522 τοῦ
462 459 598 538 Μεγάλου
610 458 751 536 Σπηλαίου
762 457 895 540 αίρεῑσθαι
906 457 952 520 καί
966 459 1094 538 ἐκλέγειν
1105 456 1153 518 καὶ
1164 453 1346 520 ἀποκαθιστᾶν

55 587 133 663 κοινῇ
155 583 251 664 γνώμῃ
279 582 365 642 οἰστῶν
391 583 438 642 τδν
464 583 627 660 σεμνότερον
653 579 700 641 καὶ
728 579 874 662 ἀξιώτερον
902 581 1080 661 άναρανέντα.
1111 580 1182 654 ὅστις
1206 580 1230 640 δ’
1244 583 1277 640 ἂν
1299 579 1347 641 καί

55 707 147 776 θπσῑος
167 703 327 786 ἐπιχειρήσῃ
350 701 396 764 καί
418 703 546 788 τολμήσῃ
569 700 747 780 μετακινῆσαί
767 725 827 776 πως
848 703 895 764 καί
918 703 1067 785 ἀνατρέψαι
1086 703 1121 762 τὰ
1136 702 1165 762 ἐν
1180 700 1220 782 τῷ
1233 705 1346 784 παρόντι

56 828 197 900 συνοδικώς
223 825 423 906 ἐπικυρωθέντα
444 824 506 907 περὶ
528 829 574 888 τοῦ
597 823 740 908 εἰρημένου
763 825 952 907 μοναστηρίου,
980 824 1109 903 μετσχίσυ
1131 825 1278 904 γεγονότος
1299 827 1346 886 τοῦ

53 950 184 1028 ἡμετέρου
209 951 405 1030 πατριαρχικοῦ
430 946 477 1008 καὶ
506 953 742 1028 σταυροπηγνσικοῦ
766 947 944 1030 μοναοτηρίσυ
966 951 1011 1008 τοῦ
1034 947 1105 1008 κατὰ
1127 947 1175 1025 τὴν
1198 947 1345 1008 Πελοπόν-

53 1083 135 1146 νησον
155 1068 290 1149 Μεγάλου
313 1070 464 1150 ὺτηλαίου,
492 1072 657 1150 ῦτοιαῦτος,
688 1070 782 1143 ὁποίας
810 1074 842 1130 άν
864 1067 884 1152 ᾖ
905 1068 1010 1144 τάξεως
1032 1068 1079 1130 καὶ
1102 1067 1218 1149 βαθμοῦ,
1242 1069 1344 1150 ἀρωρι-

53 1193 153 1266 σμένος
175 1191 216 1267 είη
239 1191 293 1252 άπδ
316 1193 379 1252 θεοῦ
400 1191 491 1272 κυρίου
512 1194 731 1274 παντοκράτορος
753 1191 799 1252 καὶ
822 1194 1011 1272 κατηραμένος
1026 1191 1074 1252 καὶ
1089 1192 1283 1272 άσνγχώρητος
1298 1190 1346 1251 καὶ

54 1315 126 1388 μετὰ
149 1315 262 1374 θάνατον
289 1313 390 1386 άλντος
416 1313 463 1374 καὶ
490 1315 666 1390 τυμπανιαῖος
688 1313 735 1375 καὶ
757 1317 857 1386 πάσαις
878 1317 938 1386 ταῖς
960 1317 1103 1396 πατρικαῖς
1125 1311 1173 1374 καί
1195 1314 1346 1384 συνοδικσῑς

54 1436 132 1516 ἀραῖς
160 1435 303 1507 ῦποῦθυνος
331 1433 378 1496 καὶ
408 1435 544 1508 ὑπόδικος.
596 1438 658 1498 ὅθεν
689 1435 731 1508 εἰς
762 1434 876 1508 ἔνδειξιν
905 1434 953 1496 καί
980 1436 1091 1512 διηνεκῆ
1118 1435 1167 1512 τὴν
1195 1435 1346 1516 ἀσφάλειαν

54 1557 163 1636 ἐγένετο
184 1556 231 1618 καὶ
252 1557 284 1617 τδ
305 1558 392 1638 παρδν
415 1559 550 1638 ἡμέτερον
571 1559 766 1640 πατριαρχικδν
781 1555 829 1617 καί
843 1557 982 1618 συνοδικδν
998 1557 1027 1617 ἑν
1043 1556 1215 1637 μεμβράναις
1230 1560 1346 1638 γράμμα

53 1678 99 1739 καὶ
130 1679 373 1762 σταυροιτηγιαοθὲν
402 1678 449 1740 καὶ
479 1681 669 1761 καταοτρωθὲν
700 1681 728 1741 ἐν
758 1680 796 1760 τῷ
826 1679 892 1762 ίερῷ
920 1677 1026 1757 κώδηκι
1053 1683 1103 1758 τῆς
1129 1677 1192 1740 καθ’
1203 1681 1278 1756 ἡμᾶς
1300 1685 1346 1740 τοῦ

54 1803 167 1881 Χριστοῦ
188 1802 318 1882 μεγάλης
341 1802 501 1879 ἐκκλησίας.
527 1803 609 1878 ἐδόθη
632 1801 671 1881 τῷ
694 1803 801 1883 ῥηθέντι
823 1804 979 1882 ἡγουμένῳ,
1003 1801 1085 1882 κυρίῳ
1105 1801 1283 1882 Βησσαρίωνι,
1311 1802 1346 1862 ἐν

54 1925 121 1984 ἔτει
146 1925 296 2004 σωτηρίῳ
322 1923 486 2005 χιλιοστῷ
513 1923 762 2003 ἑπτακοσιοστῷ
789 1923 1010 2003 ὀγδοηκοστῷ
1039 1927 1122 2002 ἕκτῳ
1148 1923 1233 1984 κατὰ
1259 1929 1345 2000 μῆνα

55 2045 183 2106 ίοῦλιον
207 2047 439 2122 ἐπινεμήσεως
461 2045 486 2105 δ’
509 2053 533 2125 θ.

155 2173 171 2244 θ
201 2169 399 2248 Πρσκθπισς,
432 2168 518 2248 ἐλέῳ
548 2169 624 2230 θεοῦ
651 2167 917 2248 ἀρχιεπίσκοπος
945 2169 1344 2246 Κωνσταντινουπθλεως,

55 2291 140 2363 >stag
163 2291 301 2371 Ρώμης,
323 2289 380 2352 καὶ
402 2289 635 2367 οἰκουμενικδς
656 2294 869 2372 πατριάρχης
890 2296 915 2366 θ.

83 2415 217 2494 Ερέσου
241 2414 398 2490 Σαμουήλ
413 2419 437 2492 θ.
723 2413 898 2490 θΚυίίκου
920 2414 1116 2490 λγάπισςθ.

86 2535 290 2618 Ἡρακλείας
312 2535 522 2614 Μεθόδιοςθ.
755 2534 976 2610 Χαλκηδόνος
999 2535 1048 2595 ssa
1053 2537 1223 2615 ρθένιοςθ.

82 2781 213 2860 Δέρκων
237 2779 427 2854 ’.λνανίαςθ

753 2779 890 2860 Δράμας
912 2779 954 2858 Γρ
940 2799 1002 2858 ρηγ
1007 2780 1138 2860 δ.ριοςθ

55 2419 68 2486 ί

55 2541 69 2608 θ
722 2540 739 2610 ί

55 2658 313 2734 θΝικομηδείας
336 2659 531 2728 λθανασιος
546 2662 572 2734 θ
722 2661 739 2733 θ
754 2653 1011 2732 Θεσσαλονικης
1034 2654 1192 2733 ίακωβος
1208 2663 1234 2736 θ

54 2784 69 2852 ί
722 2783 738 2856 ί

54 2902 111 2972 θλ
721 2905 738 2978 θ
753 2900 924 2962 Ναυπλισυ
947 2901 1116 2974 Μελετιος
1130 2904 1156 2978 θ

118 2901 387 2982 δριανουπὸλεως
410 2900 622 2973 Καλλίνικος
642 2905 667 2977 θ

308 3245 369 3310 ΧΙ.
391 3244 615 3322 7300-1792,
638 3266 749 3310 mense
771 3247 927 3328 ianuario,
951 3243 1016 3310 ind.
1041 3245 1084 3310 X.

56 3427 216 3484 Ραίσίαποίια
227 3429 385 3499 Νοορλμίιιε
396 3429 544 3499 οοκάσσιαί,
562 3431 751 3484 monasterium
764 3427 862 3483 Sancti
875 3429 995 3500 Georyii,
1009 3429 1076 3482 dicti
1089 3429 1198 3499 Oarypt',
1213 3432 1242 3482 in
1253 3431 1345 3485 imula

98 3533 234 3607 Δπίίραπί,
251 3551 306 3588 εσσε
321 3535 539 3605 είαυτορεῳώυικ
555 3541 580 3588 ει
594 3535 701 3586 unitum
716 3551 776 3587 oum
790 3535 953 3588 monasterio
969 3535 1039 3590 άίοίυ
1054 3531 1137 3606 Μερα
1154 3533 1295 3604 Spelaeon.

152 3763 169 3830 θ
201 3757 378 3836 Νεόρυτος,
413 3756 500 3836 ἐλέῳ
534 3757 609 3816 θεοῦ
642 3753 912 3836 ἀρχιεπίσκοπος
946 3756 1344 3834 Κωνσταντινουπάλεως,

58 3875 137 3952 Νέας
161 3880 302 3958 Ῥώμης,
324 3878 380 3940 καί
403 3877 639 3954 σίκουμενικδς
661 3881 878 3958 πατριάρχης
900 3882 925 3954 θ.

151 4006 169 4078 †
192 4001 228 4060 ‘H
257 3999 409 4076 κηδεμονία
438 3999 486 4092 καί
514 4001 626 4080 πρόνοια
653 4006 707 4060 τών
739 3999 824 4080 άγίων
855 3999 1009 4075 ἐκκλησιῶν
1036 3999 1083 4060 καί
1110 4005 1165 4060 τών
1191 3999 1271 4079 ίεριῦν
1298 3999 1345 4060 καί

60 4119 206 4198 σεβασμίων
235 4121 431 4202 μοναστηρίων,
461 4127 514 4182 τών
543 4120 582 4192 εἰς
605 4119 687 4195 δόξαν
709 4123 772 4182 θεοῦ
794 4120 841 4182 καὶ
864 4123 1034 4197 μνημόσυνον
1057 4120 1164 4182 αἰώνιον
1186 4121 1239 4182 τῶν
1262 4122 1343 4201 θρθο·

60 4239 136 4314 δόξων
166 4245 239 4304 κατὰ
268 4243 378 4323 καιροθς
407 4245 638 4324 άνεγηγερμένων
667 4245 742 4326 παρὰ
771 4243 905 4322 ριλοθέων
934 4243 981 4304 καί
1011 4244 1130 4320 εῦσεβών
1156 4244 1262 4324 ἀνδρῶν
1290 4249 1344 4304 τών

61 4363 234 4444 ἠγαπηκθτων
258 4364 406 4448 ἐξαιρέτως
422 4368 471 4441 τὴν
488 4369 647 4448 εὐπρέπειαν
662 4373 716 4427 τών
731 4371 777 4428 τοῦ
792 4368 855 4426 θεοῦ
869 4368 1066 4446 σκηνωμάτων,
1089 4367 1119 4426 οῦ
1135 4367 1216 4441 μόνον
1232 4366 1343 4444 θρειλο-

62 4487 120 4566 μὲνη
142 4487 199 4550 ἐστὶ
220 4487 268 4550 καί
289 4489 428 4569 χρειώδης
450 4493 508 4562 τοῖς
529 4492 593 4569 παρ’
606 4493 685 4550 αῦτσῦ
708 4487 872 4565 ἠξιωμένοις
894 4489 942 4564 τὴν
964 4488 1126 4570 προστασίαν
1148 4487 1195 4548 καί
1211 4491 1343 4570 μέριμναν

62 4607 100 4666 ναὶ
126 4611 256 4689 διοίκησιν
287 4617 340 4672 τών
369 4613 494 4672 τοιοῦτων
522 4614 627 4690 εῦαγών
656 4612 748 4692 οίκων,
780 4612 857 4672 ἀλλὰ
884 4609 931 4671 καί
953 4612 1004 4690 πρδ
1030 4613 1138 4671 πάντων
1165 4617 1220 4670 τῶν
1247 4610 1343 4670 ἄλλων
