3240 5286
1325 329 1387 393 247

95 528 199 586 στάσεσι
212 523 260 584 καί
273 530 353 584 πᾶσιν
371 525 480 606 ἄλλοις,
499 523 547 584 καὶ
562 525 645 604 ἐντῷ
661 526 755 604 εὐκγεῑ
771 525 868 605 κλήρῳ
884 516 934 600 τῆς
950 523 1094 600 βασιλείας
1110 545 1172 601 μου,
1188 526 1278 595 πάσας
1291 545 1323 583 τε
1339 524 1389 596 τάς

95 648 223 706 ἀνέκαθεν
245 646 484 728 προσαρμοθείσας
503 644 543 724 τῷ
564 647 675 726 τοιούτῳ
698 646 810 724 δρρικίῳ
833 647 935 726 κρίσεις
957 643 1093 724 διεξάγειν
1109 645 1155 705 καὶ
1170 651 1309 724 περατοῦν.
1342 643 1389 705 ἐπὶ

93 770 177 848 τούτῳ
197 769 252 848 γάρ
274 768 401 848 ἑγεγάνει
421 769 468 829 καί
490 771 509 844 ἡ
531 773 653 848 παροῦσα
674 774 723 843 τῆς
746 767 889 843 βασιλείας
912 789 963 842 μου
985 765 1130 848 πρόσταξις
1146 768 1180 828 δι’
1195 767 1344 847 ἀσφάλειαν
1360 771 1386 842 †.

194 887 317 970 ίΕίχε
347 893 396 951 τύ·
427 890 505 968 μηνί
535 887 858 971 μαίῳίνδικτιῶνος
881 888 921 967 ιγ’
949 890 1002 950 διά
1031 896 1090 967 τῆς
1123 889 1303 965 βασιλικῆς
1332 886 1386 948 καί

94 1013 185 1086 θείας
205 1015 322 1094 χειρός
341 1018 367 1090 †.

348 1325 391 1390 11.
417 1321 668 1413 [aaa-1270]²
690 1283 801 1388 mse
824 1323 918 1406 maso,
941 1321 1006 1388 ιιι.
1031 1321 1125 1388 xm.

91 1513 243 1583 Imperator
259 1509 380 1564 Μίοίιαὲί
394 1505 574 1580 Ραίαωίορωι
593 1505 689 1562 acribia
701 1507 878 1578 patriarchae
891 1505 1002 1576 άοοεμίι,
1026 1513 1056 1560 at
1067 1513 1227 1576 ρτοτιιοιιεαί
1241 1508 1385 1561 diaconam

254 1615 424 1675 ssadem
440 1613 624 1673 Saarioaeam
635 1614 677 1667 ad
691 1613 814 1668 οίίάιτοινι
829 1613 987 1683 άίρινίίαίοπτ
1003 1612 1231 1668 acclamantium.-

89 1818 224 1902 Ἕτερον
253 1822 453 1901 πρόσταγμα
486 1821 604 1879 σεπτδν
638 1821 692 1878 τοῦ
725 1818 981 1896 κοσμοποθήτου
1011 1820 1171 1896 κραταιοῦ
1200 1815 1256 1875 καί
1287 1817 1383 1898 ἁγίου

88 1945 180 2018 ἡμῶν
208 1944 365 2002 αῦθέντου
391 1937 447 2001 καὶ
475 1939 651 2020 βασιλέως,
677 1931 773 1999 ,διὀὖ
800 1957 854 2015 μοι
881 1935 1061 2016 καί-τάπος
1089 1917 1234 2014 ἀπεδόθη
1262 1939 1322 1998 κάν
1345 1946 1382 2022 τῇ

90 2065 256 2146 ἁγιωτάτῃ
288 2065 426 2147 μεγάλῃ
449 2063 615 2145 ἐκκλησίᾳ
636 2066 690 2122 τοῦ
712 2063 788 2122 θεοῦ
812 2061 990 2142 ἀνάλογος,
1022 2057 1128 2140 εἶκαὶ
1151 2059 1205 2119 διὰ
1226 2063 1265 2119 τά
1289 2081 1386 2143 τινων,
1411 2056 1415 2062 ’

89 2186 216 2266 ἀπρεπῆ
240 2185 415 2250 σκάνδαλα
437 2183 493 2246 καὶ
516 2185 571 2260 τὴν
595 2185 628 2244 έν
650 2183 693 2263 τῷ
715 2181 805 2264 χορῷ
827 2189 889 2242 τῶν
906 2182 1195 2258 ἐκκλησιαστικῶν
1211 2161 1383 2262 ἀρχάντων

90 2308 205 2388 ἀριλον
229 2310 341 2368 στάσιν
365 2308 540 2386 ἀπέκλινα,
564 2306 620 2380 τὴν
644 2305 777 2386 εἰρήνην
801 2305 1070 2384 αίρετισάμενος’
1101 2305 1215 2378 μετόὺ
1237 2305 1385 2386 πολύδὲ

89 2427 144 2491 καί
169 2430 355 2490 σακελλίου
378 2428 611 2508 ἑσρραγίσθην,
638 2427 693 2488 καὶ
715 2429 770 2488 τδν
791 2429 892 2486 τόπον
914 2429 969 2506 τοῦ
992 2425 1175 2486 σακελλίου
1198 2425 1380 2500 ἀπέλαβον.

191 2599 374 2684 γἋγιώτατέ
397 2625 448 2680 μου
472 2604 590 2664 δέσποτα
611 2600 657 2664 καί
673 2601 844 2677 οίκουμενικὲ
858 2605 1025 2682 πατριάρχα·
1050 2597 1123 2662 οἶδεν
1138 2604 1156 2676 ἡ
1173 2603 1307 2680 ἀγιωσύνη
1324 2625 1381 2684 σου,

90 2729 128 2799 ῶς
154 2723 303 2804 ἀνεδέξατο
330 2727 348 2803 ἠ
376 2725 505 2802 βασιλεία
532 2746 583 2804 μου
609 2727 654 2786 τδν
683 2727 843 2802 τιμιώτατον
870 2724 1070 2804 δικαιοφύλακα
1098 2727 1147 2805 κύρ
1170 2723 1314 2805 Θείδωρον
1337 2728 1382 2786 τὀν

90 2849 302 2930 Σκουταριῶτην,
325 2847 372 2908 καὶ
395 2847 454 2920 οἵοις
476 2846 522 2908 καί
546 2846 643 2930 ἀσηςί)
667 2848 746 2907 αύτδν
769 2844 840 2919 ἀξιοῖ
862 2846 1044 2926 προοπαθείας
1066 2843 1114 2906 καὶ
1136 2844 1309 2926 οἰκειῶσεως,
1332 2853 1382 2924 τῆς

90 2988 118 3030 τε
146 2969 208 3050 περὶ
238 2970 272 3030 τά
302 2971 363 3030 θεῖα
392 2967 522 3049 γνώσεως
552 2971 631 3030 αὑτοῦ
659 2971 750 3048 χάριν,
780 2967 826 3028 καί
849 2973 899 3046 τῆς
920 2967 982 3049 περί
1003 2968 1037 3028 τὰ
1058 2971 1207 3050 πράγματα
1229 2947 1398 3050 προσούσηςΙ

89 3095 170 3173 τούτῳ
198 3092 380 3170 είδημοσύνης
402 3090 448 3152 καί
472 3089 581 3172 ἀρετῆς.
615 3089 675 3152 ἐπεὶ
697 3089 742 3152 οὖν
766 3092 850 3161 οθτως
874 3091 951 3150 οιύτδν
975 3089 1123 3164 ἀνεδέξατο
1145 3089 1192 3151 καὶ
1214 3094 1299 3166 σίντως
1323 3095 1381 3173 ἔχει

90 3223 177 3277 τοῦτον
200 3217 218 3290 ἠ
248 3209 377 3290 βασιλεία
403 3235 454 3288 μου
481 3212 528 3274 καὶ
549 3215 659 3292 τοιούτῳ
682 3211 815 3289 ἀξιώματι
837 3215 1053 3293 κατεκόσμησεν,
1085 3216 1114 3274 οῦ
1138 3216 1199 3276 δέον
1222 3219 1330 3289 πάντως
1351 3218 1381 3275 τδ

92 3339 127 3414 μὴ
148 3337 195 3398 καί
217 3337 293 3416 παρὰ
314 3342 363 3412 τῆς
386 3337 537 3414 ἁγιωσύνης
559 3357 606 3396 σου
628 3334 675 3395 καὶ
697 3341 746 3412 τῆς
765 3340 818 3394 τῶν
834 3336 1022 3414 συγκλητικῶν
1039 3331 1200 3422 [ἀρχάντων]
1217 3341 1295 3399 αῦτάν
1312 3341 1380 3399 ἀνα-

72 3459 180 3538 -λάγως
203 3460 332 3536 μετέχειν
358 3465 439 3534 τιμῆς
460 3477 491 3518 τε
513 3455 559 3517 καί
581 3453 687 3529 τάξεως
710 3457 738 3516 έν
760 3477 790 3516 τε
812 3456 851 3536 τῷ
875 3457 1093 3537 ἐκκλησιαστικῷ
1115 3461 1227 3540 ἀρρικίῳ
1249 3461 1300 3522 κάν
1322 3465 1382 3536 ταῖς

91 3579 233 3661 κοθέδραις
256 3577 302 3638 καὶ
325 3581 445 3638 στάσεσι·
468 3577 559 3658 χρεῶν
581 3577 635 3658 γάρ
657 3579 713 3656 τάν,
736 3579 765 3636 δν
787 3580 804 3653 ἡ
829 3579 956 3653 βασιλεία
979 3601 1030 3656 μου
1049 3579 1220 3662 κατὰλόγον
1235 3585 1312 3666 τιμᾷ,
1334 3583 1381 3644 καὶ

91 3701 159 3780 παρὰ
181 3705 232 3776 τῆς
255 3701 408 3778 ἁγιωσύνης
431 3719 477 3759 σου
499 3697 561 3758 κατ’
571 3693 631 3758 ἴσον
653 3700 779 3773 τιμᾶσθαι
800 3697 847 3759 καί
869 3701 914 3759 τδν
938 3701 967 3762 ἐν
988 3707 1022 3783 τῇ
1046 3701 1174 3786 βασιλείᾳ
1195 3703 1246 3763 κάν
1262 3711 1294 3786 τῇ
1311 3725 1380 3785 συγ-

9 3853 13 3862 ·
92 3824 180 3903 κλητῳ
203 3821 291 3896 τίμιον
313 3819 359 3880 καί
381 3821 456 3901 παρὰ
477 3827 510 3902 τῇ
535 3819 669 3903 ἐκκλησίᾳ
690 3839 738 3880 σου
759 3819 806 3880 καὶ
828 3821 867 3899 τῷ
888 3823 985 3902 κλήρῳ
1008 3828 1057 3899 τῆς
1079 3825 1233 3902 ἁγιωτάτης
1252 3831 1298 3887 τοῦ
1317 3829 1380 3888 θεοῦ

93 3947 217 4026 μεγάλης
240 3943 390 4018 ἐκκλησίας
405 3949 486 4019 τιμῆς
498 3939 689 4015 καταξιοῦσθαι
704 3949 754 4018 τῆς
768 3943 933 4023 κρείττονος·
958 3944 1048 4026 εἴπερ
1064 3945 1309 4030 ἐπιστημονάρχης,
1333 3951 1379 4011 σὺν

93 4067 142 4146 θεῷ
170 4069 262 4146 φάναι,
293 4071 342 4142 τῆς
373 4065 523 4142 ἐκκλησίας
552 4085 600 4126 σου
626 4067 643 4140 ἠ
668 4063 795 4139 βασιλεία
818 4087 869 4142 μου
891 4067 938 4128 καὶ
960 4068 1031 4128 κατά
1053 4071 1137 4150 κρίσιν
1161 4069 1298 4158 οἰκονομεῖ
1319 4073 1380 4147 τούς

93 4189 188 4268 λόγους
211 4188 308 4262 αὐτῆς·
350 4189 416 4268 πρδς
439 4187 519 4247 τύπον
543 4186 574 4246 δὲ
595 4193 650 4246 τῶν
673 4187 822 4262 βασιλικῶν
844 4187 891 4248 καί
913 4189 947 4249 τὰ
968 4197 1022 4250 τῶν
1046 4192 1277 4268 έκκλησιαστικῶν
1301 4195 1379 4275 ἀρρι-

95 4311 154 4372 κίων
174 4310 251 4390 παρά
267 4315 325 4369 τῶν
349 4308 479 4385 ἀοιδίμων
502 4307 548 4368 καί
563 4311 731 4388 ριλευσεβῶν
747 4311 884 4385 βασιλέων
901 4311 1064 4393 ἐτάχθησαν,
1088 4316 1180 4388 καθὼς
1195 4316 1245 4376 κάν
1260 4316 1298 4396 τῷ
1314 4318 1379 4398 θείῳ
1438 4325 1441 4330 ’

95 4431 147 4512 ἰδίῳ
174 4435 220 4491 τοῦ
241 4426 350 4510 πρώτου
370 4437 424 4489 τῶν
447 4432 611 4510 Χριστιανῶν
634 4429 781 4506 βασιλέως,
805 4433 929 4510 μεγάλου
952 4433 999 4492 καί
1021 4437 1097 4514 άγίου
1122 4437 1332 4517 Κωνσταντίνου,
1364 4443 1379 4500 δ

192 4691 210 4756 ¹)
228 4689 304 4753 πίστι
322 4691 350 4741 Z·
399 4704 402 4716 ·
