<?xml version="1.0" encoding="UTF-8"?>
<!DOCTYPE html PUBLIC "-//W3C//DTD XHTML 1.0 Transitional//EN"
    "http://www.w3.org/TR/xhtml1/DTD/xhtml1-transitional.dtd">
<html xmlns="http://www.w3.org/1999/xhtml" xml:lang="en" lang="en">
 <head>
  <title>
</title>
<meta http-equiv="Content-Type" content="text/html;charset=utf-8" />
  <meta name='ocr-system' content='tesseract 3.04.00' />
  <meta name='ocr-capabilities' content='ocr_page ocr_carea ocr_par ocr_line ocrx_word'/>
</head>
<body>
  <div class='ocr_page' id='page_1' title='image "./actaetdiplomata00miklgoog_0553.png"; bbox 0 0 3222 5284; ppageno 0'>
   <div class='ocr_carea' id='block_1_1' title="bbox 232 329 297 394">
    <p class='ocr_par' dir='ltr' id='par_1_1' title="bbox 232 329 297 394">
     <span class='ocr_line' id='line_1_1' title="bbox 232 329 297 394; baseline 0 0"><span class='ocrx_word' id='word_1_1' title='bbox 232 329 297 394; x_wconf 76' lang='lat'>372</span> 
     </span>
    </p>
   </div>
   <div class='ocr_carea' id='block_1_2' title="bbox 165 524 1604 4150">
    <p class='ocr_par' dir='ltr' id='par_1_2' title="bbox 230 524 1541 1341">
     <span class='ocr_line' id='line_1_2' title="bbox 233 524 1541 608; baseline 0.005 -24"><span class='ocrx_word' id='word_1_2' title='bbox 233 526 319 599; x_wconf 85' lang='grc' dir='ltr'>μένης</span> <span class='ocrx_word' id='word_1_3' title='bbox 343 545 394 600; x_wconf 85' lang='grc' dir='ltr'>μου</span> <span class='ocrx_word' id='word_1_4' title='bbox 421 525 550 585; x_wconf 84' lang='grc' dir='ltr'>θεοτάκου</span> <span class='ocrx_word' id='word_1_5' title='bbox 573 527 612 605; x_wconf 85' lang='grc' dir='ltr'>ἓν,</span> <span class='ocrx_word' id='word_1_6' title='bbox 644 525 781 604; x_wconf 84' lang='grc' dir='ltr'>δφειλσυσι</span> <span class='ocrx_word' id='word_1_7' title='bbox 804 527 892 586; x_wconf 81' lang='grc' dir='ltr'>δὲτὰ</span> <span class='ocrx_word' id='word_1_8' title='bbox 915 524 1111 608; x_wconf 85' lang='grc' dir='ltr'>δωδεκαφιύτια</span> <span class='ocrx_word' id='word_1_9' title='bbox 1134 527 1258 590; x_wconf 80' lang='grc' dir='ltr'>ἵστασθαι</span> <span class='ocrx_word' id='word_1_10' title='bbox 1280 530 1310 589; x_wconf 93' lang='grc' dir='ltr'>ἐν</span> <span class='ocrx_word' id='word_1_11' title='bbox 1332 532 1394 603; x_wconf 87' lang='grc' dir='ltr'>ταῖς</span> <span class='ocrx_word' id='word_1_12' title='bbox 1416 551 1541 608; x_wconf 82' lang='grc' dir='ltr'>προσκυ-</span> 
     </span>
     <span class='ocr_line' id='line_1_3' title="bbox 233 640 1540 734; baseline 0.005 -29"><span class='ocrx_word' id='word_1_13' title='bbox 233 648 327 722; x_wconf 73' lang='grc' dir='ltr'>νήσεσι</span> <span class='ocrx_word' id='word_1_14' title='bbox 350 645 394 706; x_wconf 81' lang='grc' dir='ltr'>διὰ</span> <span class='ocrx_word' id='word_1_15' title='bbox 416 648 527 727; x_wconf 78' lang='grc' dir='ltr'>παντός,</span> <span class='ocrx_word' id='word_1_16' title='bbox 552 643 583 720; x_wconf 76' lang='grc' dir='ltr'>ἐξ</span> <span class='ocrx_word' id='word_1_17' title='bbox 598 640 636 706; x_wconf 77' lang='grc' dir='ltr'>ὧν</span> <span class='ocrx_word' id='word_1_18' title='bbox 660 647 763 727; x_wconf 85' lang='grc' dir='ltr'>δφειλει</span> <span class='ocrx_word' id='word_1_19' title='bbox 787 649 918 710; x_wconf 76' lang='grc' dir='ltr'>ἅπτεσθαι</span> <span class='ocrx_word' id='word_1_20' title='bbox 942 649 1018 733; x_wconf 87' lang='grc' dir='ltr'>ἐντῇ</span> <span class='ocrx_word' id='word_1_21' title='bbox 1042 650 1196 734; x_wconf 83' lang='grc' dir='ltr'>ψαλμωδίφι</span> <span class='ocrx_word' id='word_1_22' title='bbox 1217 651 1279 712; x_wconf 85' lang='grc' dir='ltr'>καθ’</span> <span class='ocrx_word' id='word_1_23' title='bbox 1293 652 1413 728; x_wconf 86' lang='grc' dir='ltr'>ἑκάστην</span> <span class='ocrx_word' id='word_1_24' title='bbox 1428 653 1540 732; x_wconf 81' lang='grc' dir='ltr'>ἡμέραν</span> 
     </span>
     <span class='ocr_line' id='line_1_4' title="bbox 231 766 1540 856; baseline 0.005 -28"><span class='ocrx_word' id='word_1_25' title='bbox 231 771 262 828; x_wconf 84' lang='grc' dir='ltr'>ἓν</span> <span class='ocrx_word' id='word_1_26' title='bbox 288 769 335 829; x_wconf 88' lang='grc' dir='ltr'>καὶ</span> <span class='ocrx_word' id='word_1_27' title='bbox 359 769 388 829; x_wconf 91' lang='grc' dir='ltr'>ἐν</span> <span class='ocrx_word' id='word_1_28' title='bbox 414 766 453 847; x_wconf 83' lang='grc' dir='ltr'>τῷ</span> <span class='ocrx_word' id='word_1_29' title='bbox 483 771 599 850; x_wconf 89' lang='grc' dir='ltr'>τέμπλῳ</span> <span class='ocrx_word' id='word_1_30' title='bbox 628 773 666 851; x_wconf 85' lang='grc' dir='ltr'>έν,</span> <span class='ocrx_word' id='word_1_31' title='bbox 697 771 854 846; x_wconf 82' lang='grc' dir='ltr'>σβέννυσθαι</span> <span class='ocrx_word' id='word_1_32' title='bbox 878 771 909 831; x_wconf 87' lang='grc' dir='ltr'>δέ</span> <span class='ocrx_word' id='word_1_33' title='bbox 933 772 1017 855; x_wconf 82' lang='grc' dir='ltr'>ἐντῄ</span> <span class='ocrx_word' id='word_1_34' title='bbox 1049 773 1190 834; x_wconf 85' lang='grc' dir='ltr'>ἀπολύσει.</span> <span class='ocrx_word' id='word_1_35' title='bbox 1232 774 1261 834; x_wconf 88' lang='grc' dir='ltr'>ἐν</span> <span class='ocrx_word' id='word_1_36' title='bbox 1284 773 1316 834; x_wconf 85' lang='grc' dir='ltr'>δέ</span> <span class='ocrx_word' id='word_1_37' title='bbox 1343 777 1405 846; x_wconf 87' lang='grc' dir='ltr'>ταῖς</span> <span class='ocrx_word' id='word_1_38' title='bbox 1428 775 1540 856; x_wconf 83' lang='grc' dir='ltr'>ἑορταῖς</span> 
     </span>
     <span class='ocr_line' id='line_1_5' title="bbox 231 891 1538 975; baseline 0.004 -24"><span class='ocrx_word' id='word_1_39' title='bbox 231 895 291 964; x_wconf 89' lang='grc' dir='ltr'>ταῖς</span> <span class='ocrx_word' id='word_1_40' title='bbox 315 893 353 967; x_wconf 84' lang='grc' dir='ltr'>μὴ</span> <span class='ocrx_word' id='word_1_41' title='bbox 382 891 643 972; x_wconf 83' lang='grc' dir='ltr'>ἀναγεγραμμένοις</span> <span class='ocrx_word' id='word_1_42' title='bbox 666 891 756 971; x_wconf 81' lang='grc' dir='ltr'>ἐντῷ</span> <span class='ocrx_word' id='word_1_43' title='bbox 783 891 885 972; x_wconf 84' lang='grc' dir='ltr'>τυπικῷ</span> <span class='ocrx_word' id='word_1_44' title='bbox 912 891 980 972; x_wconf 89' lang='grc' dir='ltr'>τρία.</span> <span class='ocrx_word' id='word_1_45' title='bbox 1027 895 1155 967; x_wconf 82' lang='grc' dir='ltr'>ὡσαύτως</span> <span class='ocrx_word' id='word_1_46' title='bbox 1178 894 1278 956; x_wconf 83' lang='grc' dir='ltr'>δὲκαὶ</span> <span class='ocrx_word' id='word_1_47' title='bbox 1302 896 1331 954; x_wconf 93' lang='grc' dir='ltr'>έν</span> <span class='ocrx_word' id='word_1_48' title='bbox 1354 895 1395 975; x_wconf 81' lang='grc' dir='ltr'>τῷ</span> <span class='ocrx_word' id='word_1_49' title='bbox 1416 897 1538 974; x_wconf 85' lang='grc' dir='ltr'>τέμπλῳ</span> 
     </span>
     <span class='ocr_line' id='line_1_6' title="bbox 230 999 1538 1095; baseline 0.002 -21"><span class='ocrx_word' id='word_1_50' title='bbox 230 1015 299 1094; x_wconf 90' lang='grc' dir='ltr'>τρία,</span> <span class='ocrx_word' id='word_1_51' title='bbox 333 1014 407 1089; x_wconf 82' lang='grc' dir='ltr'>πλὴν</span> <span class='ocrx_word' id='word_1_52' title='bbox 431 1014 460 1074; x_wconf 87' lang='grc' dir='ltr'>ἐν</span> <span class='ocrx_word' id='word_1_53' title='bbox 490 1016 550 1086; x_wconf 91' lang='grc' dir='ltr'>ταῖς</span> <span class='ocrx_word' id='word_1_54' title='bbox 571 1014 626 1089; x_wconf 85' lang='grc' dir='ltr'>ἤδη</span> <span class='ocrx_word' id='word_1_55' title='bbox 656 1015 794 1095; x_wconf 76' lang='grc' dir='ltr'>ῥηθείσαις</span> <span class='ocrx_word' id='word_1_56' title='bbox 824 999 966 1094; x_wconf 79' lang='grc' dir='ltr'>μεγίσταις</span> <span class='ocrx_word' id='word_1_57' title='bbox 996 1017 1103 1094; x_wconf 80' lang='grc' dir='ltr'>ἑορταῖς</span> <span class='ocrx_word' id='word_1_58' title='bbox 1126 1015 1184 1077; x_wconf 88' lang='grc' dir='ltr'>ἀντὶ</span> <span class='ocrx_word' id='word_1_59' title='bbox 1214 1023 1269 1077; x_wconf 87' lang='grc' dir='ltr'>τῶν</span> <span class='ocrx_word' id='word_1_60' title='bbox 1299 1018 1538 1094; x_wconf 86' lang='grc' dir='ltr'>ἀπσκεκαυμένων</span> 
     </span>
     <span class='ocr_line' id='line_1_7' title="bbox 230 1136 1537 1221; baseline 0 -23"><span class='ocrx_word' id='word_1_61' title='bbox 230 1136 332 1218; x_wconf 89' lang='grc' dir='ltr'>κηρίων</span> <span class='ocrx_word' id='word_1_62' title='bbox 354 1138 499 1218; x_wconf 79' lang='grc' dir='ltr'>ὁλόκληρα</span> <span class='ocrx_word' id='word_1_63' title='bbox 529 1138 735 1216; x_wconf 78' lang='grc' dir='ltr'>πηγνῦσθωσαν,</span> <span class='ocrx_word' id='word_1_64' title='bbox 769 1137 853 1198; x_wconf 86' lang='grc' dir='ltr'>άδεῖ</span> <span class='ocrx_word' id='word_1_65' title='bbox 881 1139 965 1198; x_wconf 87' lang='grc' dir='ltr'>πάλιν</span> <span class='ocrx_word' id='word_1_66' title='bbox 994 1137 1185 1218; x_wconf 88' lang='grc' dir='ltr'>φυλάττεσθαι,</span> <span class='ocrx_word' id='word_1_67' title='bbox 1217 1141 1255 1212; x_wconf 82' lang='grc' dir='ltr'>ὡς</span> <span class='ocrx_word' id='word_1_68' title='bbox 1278 1143 1311 1199; x_wconf 82' lang='grc' dir='ltr'>άν</span> <span class='ocrx_word' id='word_1_69' title='bbox 1342 1140 1537 1221; x_wconf 78' lang='grc' dir='ltr'>ίιπουργησωσι</span> 
     </span>
     <span class='ocr_line' id='line_1_8' title="bbox 231 1259 956 1341; baseline 0.004 -23"><span class='ocrx_word' id='word_1_70' title='bbox 231 1261 314 1341; x_wconf 84' lang='grc' dir='ltr'>μέχρι</span> <span class='ocrx_word' id='word_1_71' title='bbox 337 1259 449 1331; x_wconf 91' lang='grc' dir='ltr'>τελείας</span> <span class='ocrx_word' id='word_1_72' title='bbox 470 1261 594 1333; x_wconf 82' lang='grc' dir='ltr'>καύσεως</span> <span class='ocrx_word' id='word_1_73' title='bbox 617 1259 646 1320; x_wconf 89' lang='grc' dir='ltr'>ἐν</span> <span class='ocrx_word' id='word_1_74' title='bbox 668 1263 727 1331; x_wconf 89' lang='grc' dir='ltr'>ταῖς</span> <span class='ocrx_word' id='word_1_75' title='bbox 749 1262 956 1341; x_wconf 84' lang='grc' dir='ltr'>καθημερινοιῖς.</span> 
     </span>
    </p>

    <p class='ocr_par' dir='ltr' id='par_1_3' title="bbox 227 1381 1535 2811">
     <span class='ocr_line' id='line_1_9' title="bbox 334 1381 1535 1464; baseline 0 -20"><span class='ocrx_word' id='word_1_76' title='bbox 334 1385 412 1463; x_wconf 88' lang='grc' dir='ltr'>Κεφ.</span> <span class='ocrx_word' id='word_1_77' title='bbox 435 1381 490 1456; x_wconf 84' lang='grc' dir='ltr'>ξθ.</span> <span class='ocrx_word' id='word_1_78' title='bbox 523 1381 604 1464; x_wconf 85' lang='grc' dir='ltr'>Περὶ</span> <span class='ocrx_word' id='word_1_79' title='bbox 625 1387 680 1444; x_wconf 91' lang='grc' dir='ltr'>τοῦ</span> <span class='ocrx_word' id='word_1_80' title='bbox 701 1384 831 1456; x_wconf 79' lang='grc' dir='ltr'>ὓδατος.</span> <span class='ocrx_word' id='word_1_81' title='bbox 878 1381 957 1444; x_wconf 87' lang='grc' dir='ltr'>Ἐπεὶ</span> <span class='ocrx_word' id='word_1_82' title='bbox 980 1383 1011 1444; x_wconf 89' lang='grc' dir='ltr'>δέ</span> <span class='ocrx_word' id='word_1_83' title='bbox 1040 1383 1136 1445; x_wconf 83' lang='grc' dir='ltr'>πολλὰ</span> <span class='ocrx_word' id='word_1_84' title='bbox 1167 1383 1370 1462; x_wconf 79' lang='grc' dir='ltr'>μσχθήσασαὴ</span> <span class='ocrx_word' id='word_1_85' title='bbox 1402 1383 1535 1460; x_wconf 85' lang='grc' dir='ltr'>βασιλεία</span> 
     </span>
     <span class='ocr_line' id='line_1_10' title="bbox 231 1504 1533 1589; baseline -0.002 -23"><span class='ocrx_word' id='word_1_86' title='bbox 231 1527 282 1582; x_wconf 90' lang='grc' dir='ltr'>μου</span> <span class='ocrx_word' id='word_1_87' title='bbox 305 1512 338 1587; x_wconf 85' lang='grc' dir='ltr'>τῇ</span> <span class='ocrx_word' id='word_1_88' title='bbox 361 1513 407 1566; x_wconf 87' lang='grc' dir='ltr'>τοῦ</span> <span class='ocrx_word' id='word_1_89' title='bbox 430 1508 492 1566; x_wconf 90' lang='grc' dir='ltr'>θεοῦ</span> <span class='ocrx_word' id='word_1_90' title='bbox 515 1506 641 1589; x_wconf 79' lang='grc' dir='ltr'>συνεργίᾳ</span> <span class='ocrx_word' id='word_1_91' title='bbox 669 1506 791 1582; x_wconf 78' lang='grc' dir='ltr'>ἠδυνήθη</span> <span class='ocrx_word' id='word_1_92' title='bbox 814 1504 861 1566; x_wconf 91' lang='grc' dir='ltr'>καί</span> <span class='ocrx_word' id='word_1_93' title='bbox 883 1505 955 1584; x_wconf 82' lang='grc' dir='ltr'>ύδωρ</span> <span class='ocrx_word' id='word_1_94' title='bbox 978 1505 1091 1566; x_wconf 88' lang='grc' dir='ltr'>ἀένναον</span> <span class='ocrx_word' id='word_1_95' title='bbox 1118 1505 1284 1582; x_wconf 88' lang='grc' dir='ltr'>ἀποκομίσαι</span> <span class='ocrx_word' id='word_1_96' title='bbox 1308 1507 1337 1566; x_wconf 86' lang='grc' dir='ltr'>ἐν</span> <span class='ocrx_word' id='word_1_97' title='bbox 1360 1510 1418 1578; x_wconf 88' lang='grc' dir='ltr'>τοῖς</span> <span class='ocrx_word' id='word_1_98' title='bbox 1441 1527 1533 1582; x_wconf 88' lang='grc' dir='ltr'>μονοι-</span> 
     </span>
     <span class='ocr_line' id='line_1_11' title="bbox 229 1626 1534 1710; baseline 0 -22"><span class='ocrx_word' id='word_1_99' title='bbox 229 1629 347 1709; x_wconf 85' lang='grc' dir='ltr'>σιηρίοις</span> <span class='ocrx_word' id='word_1_100' title='bbox 371 1631 462 1710; x_wconf 83' lang='grc' dir='ltr'>αῦτῆς,</span> <span class='ocrx_word' id='word_1_101' title='bbox 485 1631 614 1708; x_wconf 75' lang='grc' dir='ltr'>γεγόνασι</span> <span class='ocrx_word' id='word_1_102' title='bbox 638 1627 669 1688; x_wconf 84' lang='grc' dir='ltr'>δέ</span> <span class='ocrx_word' id='word_1_103' title='bbox 691 1629 738 1688; x_wconf 88' lang='grc' dir='ltr'>καί</span> <span class='ocrx_word' id='word_1_104' title='bbox 761 1627 901 1708; x_wconf 89' lang='grc' dir='ltr'>μερίστραι</span> <span class='ocrx_word' id='word_1_105' title='bbox 924 1627 971 1688; x_wconf 87' lang='grc' dir='ltr'>δύο</span> <span class='ocrx_word' id='word_1_106' title='bbox 996 1626 1143 1710; x_wconf 83' lang='grc' dir='ltr'>ἰσόμετροι,</span> <span class='ocrx_word' id='word_1_107' title='bbox 1167 1627 1317 1708; x_wconf 81' lang='grc' dir='ltr'>διορίζομαι</span> <span class='ocrx_word' id='word_1_108' title='bbox 1340 1627 1394 1688; x_wconf 85' lang='grc' dir='ltr'>ἀπδ</span> <span class='ocrx_word' id='word_1_109' title='bbox 1415 1629 1468 1702; x_wconf 84' lang='grc' dir='ltr'>μέν</span> <span class='ocrx_word' id='word_1_110' title='bbox 1484 1634 1534 1702; x_wconf 75' lang='grc' dir='ltr'>τῆς</span> 
     </span>
     <span class='ocr_line' id='line_1_12' title="bbox 229 1723 1533 1832; baseline 0 -22"><span class='ocrx_word' id='word_1_111' title='bbox 229 1757 294 1826; x_wconf 86' lang='grc' dir='ltr'>μιᾶς</span> <span class='ocrx_word' id='word_1_112' title='bbox 325 1723 484 1831; x_wconf 72' lang='grc' dir='ltr'>ἀρδεύεσθαι</span> <span class='ocrx_word' id='word_1_113' title='bbox 511 1753 540 1811; x_wconf 82' lang='grc' dir='ltr'>τῦ</span> <span class='ocrx_word' id='word_1_114' title='bbox 570 1754 723 1830; x_wconf 89' lang='grc' dir='ltr'>γυναικεῖον</span> <span class='ocrx_word' id='word_1_115' title='bbox 754 1753 933 1832; x_wconf 75' lang='grc' dir='ltr'>μοναστήριον</span> <span class='ocrx_word' id='word_1_116' title='bbox 962 1749 1010 1811; x_wconf 88' lang='grc' dir='ltr'>καί</span> <span class='ocrx_word' id='word_1_117' title='bbox 1039 1753 1074 1810; x_wconf 86' lang='grc' dir='ltr'>τὰ</span> <span class='ocrx_word' id='word_1_118' title='bbox 1104 1750 1251 1812; x_wconf 75' lang='grc' dir='ltr'>δεσποτικὰ</span> <span class='ocrx_word' id='word_1_119' title='bbox 1280 1749 1430 1830; x_wconf 83' lang='grc' dir='ltr'>οἰκήματα,</span> <span class='ocrx_word' id='word_1_120' title='bbox 1461 1754 1533 1830; x_wconf 79' lang='grc' dir='ltr'>ἅπερ</span> 
     </span>
     <span class='ocr_line' id='line_1_13' title="bbox 229 1868 1534 1954; baseline -0.001 -20"><span class='ocrx_word' id='word_1_121' title='bbox 229 1868 356 1950; x_wconf 88' lang='grc' dir='ltr'>ἐποίησεν</span> <span class='ocrx_word' id='word_1_122' title='bbox 382 1875 400 1947; x_wconf 84' lang='grc' dir='ltr'>ἡ</span> <span class='ocrx_word' id='word_1_123' title='bbox 432 1872 559 1948; x_wconf 87' lang='grc' dir='ltr'>βασιλεία</span> <span class='ocrx_word' id='word_1_124' title='bbox 588 1895 649 1950; x_wconf 84' lang='grc' dir='ltr'>μου,</span> <span class='ocrx_word' id='word_1_125' title='bbox 681 1873 734 1933; x_wconf 83' lang='grc' dir='ltr'>ἀπδ</span> <span class='ocrx_word' id='word_1_126' title='bbox 757 1873 789 1933; x_wconf 90' lang='grc' dir='ltr'>δὲ</span> <span class='ocrx_word' id='word_1_127' title='bbox 815 1879 865 1948; x_wconf 86' lang='grc' dir='ltr'>τῆς</span> <span class='ocrx_word' id='word_1_128' title='bbox 897 1874 992 1954; x_wconf 86' lang='grc' dir='ltr'>ἐτέρας</span> <span class='ocrx_word' id='word_1_129' title='bbox 1014 1875 1045 1933; x_wconf 84' lang='grc' dir='ltr'>τδ</span> <span class='ocrx_word' id='word_1_130' title='bbox 1074 1872 1206 1954; x_wconf 83' lang='grc' dir='ltr'>ἀνδρῷον.</span> <span class='ocrx_word' id='word_1_131' title='bbox 1253 1872 1327 1953; x_wconf 85' lang='grc' dir='ltr'>εἴπερ</span> <span class='ocrx_word' id='word_1_132' title='bbox 1356 1873 1386 1932; x_wconf 84' lang='grc' dir='ltr'>δὲ</span> <span class='ocrx_word' id='word_1_133' title='bbox 1416 1876 1534 1952; x_wconf 85' lang='grc' dir='ltr'>γένηται</span> 
     </span>
     <span class='ocr_line' id='line_1_14' title="bbox 229 1993 1532 2077; baseline 0.002 -23"><span class='ocrx_word' id='word_1_134' title='bbox 229 1998 345 2070; x_wconf 82' lang='grc' dir='ltr'>κλάσμα</span> <span class='ocrx_word' id='word_1_135' title='bbox 373 1996 401 2055; x_wconf 91' lang='grc' dir='ltr'>ἐν</span> <span class='ocrx_word' id='word_1_136' title='bbox 428 1999 485 2069; x_wconf 87' lang='grc' dir='ltr'>τοῖς</span> <span class='ocrx_word' id='word_1_137' title='bbox 516 1997 642 2068; x_wconf 79' lang='grc' dir='ltr'>τοιούτοις</span> <span class='ocrx_word' id='word_1_138' title='bbox 672 1996 843 2077; x_wconf 90' lang='grc' dir='ltr'>παρολκίοις,</span> <span class='ocrx_word' id='word_1_139' title='bbox 874 1994 980 2076; x_wconf 81' lang='grc' dir='ltr'>ὀφείλει</span> <span class='ocrx_word' id='word_1_140' title='bbox 1011 1995 1221 2076; x_wconf 83' lang='grc' dir='ltr'>ἐπανορθοῦσθαι</span> <span class='ocrx_word' id='word_1_141' title='bbox 1250 1993 1304 2057; x_wconf 86' lang='grc' dir='ltr'>ἀπδ</span> <span class='ocrx_word' id='word_1_142' title='bbox 1326 2003 1380 2056; x_wconf 85' lang='grc' dir='ltr'>τῶν</span> <span class='ocrx_word' id='word_1_143' title='bbox 1411 1996 1532 2074; x_wconf 81' lang='grc' dir='ltr'>λαμβα-</span> 
     </span>
     <span class='ocr_line' id='line_1_15' title="bbox 228 2113 1531 2200; baseline 0.002 -24"><span class='ocrx_word' id='word_1_144' title='bbox 228 2119 327 2177; x_wconf 81' lang='grc' dir='ltr'>νύντων</span> <span class='ocrx_word' id='word_1_145' title='bbox 350 2120 380 2178; x_wconf 82' lang='grc' dir='ltr'>τδ</span> <span class='ocrx_word' id='word_1_146' title='bbox 402 2123 520 2179; x_wconf 87' lang='grc' dir='ltr'>τοιοῦτον</span> <span class='ocrx_word' id='word_1_147' title='bbox 543 2119 624 2200; x_wconf 86' lang='grc' dir='ltr'>ύδωρ.</span> <span class='ocrx_word' id='word_1_148' title='bbox 672 2116 731 2178; x_wconf 84' lang='grc' dir='ltr'>ἐπεὶ</span> <span class='ocrx_word' id='word_1_149' title='bbox 755 2118 786 2178; x_wconf 90' lang='grc' dir='ltr'>δέ</span> <span class='ocrx_word' id='word_1_150' title='bbox 809 2119 932 2196; x_wconf 83' lang='grc' dir='ltr'>ἐτυπὼθη</span> <span class='ocrx_word' id='word_1_151' title='bbox 955 2119 1030 2199; x_wconf 83' lang='grc' dir='ltr'>παρὰ</span> <span class='ocrx_word' id='word_1_152' title='bbox 1051 2126 1101 2195; x_wconf 79' lang='grc' dir='ltr'>τῆς</span> <span class='ocrx_word' id='word_1_153' title='bbox 1124 2119 1268 2195; x_wconf 82' lang='grc' dir='ltr'>βασιλείας</span> <span class='ocrx_word' id='word_1_154' title='bbox 1290 2141 1341 2194; x_wconf 91' lang='grc' dir='ltr'>μου</span> <span class='ocrx_word' id='word_1_155' title='bbox 1357 2113 1426 2179; x_wconf 86' lang='grc' dir='ltr'>εῖναι</span> <span class='ocrx_word' id='word_1_156' title='bbox 1443 2119 1531 2198; x_wconf 89' lang='grc' dir='ltr'>ῦδρα-</span> 
     </span>
     <span class='ocr_line' id='line_1_16' title="bbox 229 2241 1530 2322; baseline -0.001 -22"><span class='ocrx_word' id='word_1_157' title='bbox 229 2241 338 2320; x_wconf 86' lang='grc' dir='ltr'>γωγοίις</span> <span class='ocrx_word' id='word_1_158' title='bbox 361 2241 407 2301; x_wconf 90' lang='grc' dir='ltr'>δύο</span> <span class='ocrx_word' id='word_1_159' title='bbox 430 2244 510 2321; x_wconf 82' lang='grc' dir='ltr'>χάριν</span> <span class='ocrx_word' id='word_1_160' title='bbox 532 2246 578 2302; x_wconf 93' lang='grc' dir='ltr'>τοῦ</span> <span class='ocrx_word' id='word_1_161' title='bbox 601 2241 712 2322; x_wconf 83' lang='grc' dir='ltr'>ἀγωγοῦ</span> <span class='ocrx_word' id='word_1_162' title='bbox 733 2246 780 2301; x_wconf 89' lang='grc' dir='ltr'>τοῦ</span> <span class='ocrx_word' id='word_1_163' title='bbox 802 2243 920 2302; x_wconf 87' lang='grc' dir='ltr'>τοιούτου</span> <span class='ocrx_word' id='word_1_164' title='bbox 942 2241 1051 2320; x_wconf 87' lang='grc' dir='ltr'>ύδατος,</span> <span class='ocrx_word' id='word_1_165' title='bbox 1082 2241 1219 2320; x_wconf 78' lang='grc' dir='ltr'>ὀφείλουσι</span> <span class='ocrx_word' id='word_1_166' title='bbox 1240 2243 1415 2322; x_wconf 81' lang='grc' dir='ltr'>προνοεῖσθαι</span> <span class='ocrx_word' id='word_1_167' title='bbox 1438 2243 1453 2302; x_wconf 85' lang='grc' dir='ltr'>δ</span> <span class='ocrx_word' id='word_1_168' title='bbox 1477 2243 1530 2317; x_wconf 84' lang='grc' dir='ltr'>μὲν</span> 
     </span>
     <span class='ocr_line' id='line_1_17' title="bbox 229 2353 1530 2444; baseline 0.003 -24"><span class='ocrx_word' id='word_1_169' title='bbox 229 2353 269 2434; x_wconf 77' lang='grc' dir='ltr'>εἷς</span> <span class='ocrx_word' id='word_1_170' title='bbox 291 2361 344 2422; x_wconf 79' lang='grc' dir='ltr'>ἀπο</span> <span class='ocrx_word' id='word_1_171' title='bbox 366 2367 412 2422; x_wconf 90' lang='grc' dir='ltr'>τοῦ</span> <span class='ocrx_word' id='word_1_172' title='bbox 435 2363 496 2436; x_wconf 82' lang='grc' dir='ltr'>ἑνδς</span> <span class='ocrx_word' id='word_1_173' title='bbox 518 2363 707 2443; x_wconf 82' lang='grc' dir='ltr'>μσναστηρίσυ,</span> <span class='ocrx_word' id='word_1_174' title='bbox 730 2363 746 2421; x_wconf 84' lang='grc' dir='ltr'>δ</span> <span class='ocrx_word' id='word_1_175' title='bbox 769 2363 800 2423; x_wconf 91' lang='grc' dir='ltr'>δὲ</span> <span class='ocrx_word' id='word_1_176' title='bbox 823 2365 916 2444; x_wconf 82' lang='grc' dir='ltr'>ἕτερος</span> <span class='ocrx_word' id='word_1_177' title='bbox 939 2363 991 2424; x_wconf 87' lang='grc' dir='ltr'>ἀτδ</span> <span class='ocrx_word' id='word_1_178' title='bbox 1014 2368 1060 2424; x_wconf 89' lang='grc' dir='ltr'>τοῦ</span> <span class='ocrx_word' id='word_1_179' title='bbox 1083 2365 1184 2444; x_wconf 87' lang='grc' dir='ltr'>ἑτέρου.</span> <span class='ocrx_word' id='word_1_180' title='bbox 1223 2363 1251 2424; x_wconf 88' lang='grc' dir='ltr'>εί</span> <span class='ocrx_word' id='word_1_181' title='bbox 1269 2385 1335 2424; x_wconf 92' lang='grc' dir='ltr'>ποτε</span> <span class='ocrx_word' id='word_1_182' title='bbox 1359 2365 1390 2424; x_wconf 89' lang='grc' dir='ltr'>δέ</span> <span class='ocrx_word' id='word_1_183' title='bbox 1414 2366 1530 2443; x_wconf 85' lang='grc' dir='ltr'>γένηται</span> 
     </span>
     <span class='ocr_line' id='line_1_18' title="bbox 227 2481 1529 2568; baseline 0.002 -26"><span class='ocrx_word' id='word_1_184' title='bbox 227 2481 342 2559; x_wconf 81' lang='grc' dir='ltr'>κλάσμα</span> <span class='ocrx_word' id='word_1_185' title='bbox 366 2484 394 2542; x_wconf 90' lang='grc' dir='ltr'>ἐν</span> <span class='ocrx_word' id='word_1_186' title='bbox 416 2484 455 2564; x_wconf 82' lang='grc' dir='ltr'>τῷ</span> <span class='ocrx_word' id='word_1_187' title='bbox 478 2483 581 2564; x_wconf 80' lang='grc' dir='ltr'>ἀγωγῷ</span> <span class='ocrx_word' id='word_1_188' title='bbox 604 2485 642 2564; x_wconf 79' lang='grc' dir='ltr'>τῷ</span> <span class='ocrx_word' id='word_1_189' title='bbox 666 2485 800 2566; x_wconf 90' lang='grc' dir='ltr'>είσάγοντι</span> <span class='ocrx_word' id='word_1_190' title='bbox 823 2489 853 2546; x_wconf 85' lang='grc' dir='ltr'>τδ</span> <span class='ocrx_word' id='word_1_191' title='bbox 868 2492 987 2548; x_wconf 90' lang='grc' dir='ltr'>τοιοῦτον</span> <span class='ocrx_word' id='word_1_192' title='bbox 1008 2485 1091 2568; x_wconf 90' lang='grc' dir='ltr'>ύδωρ,</span> <span class='ocrx_word' id='word_1_193' title='bbox 1115 2487 1218 2566; x_wconf 80' lang='grc' dir='ltr'>ὀφείλει</span> <span class='ocrx_word' id='word_1_194' title='bbox 1238 2487 1361 2565; x_wconf 81' lang='grc' dir='ltr'>γίνεσθαι</span> <span class='ocrx_word' id='word_1_195' title='bbox 1375 2489 1529 2567; x_wconf 76' lang='grc' dir='ltr'>πρακτικέν</span> 
     </span>
     <span class='ocr_line' id='line_1_19' title="bbox 227 2606 1528 2690; baseline 0.002 -24"><span class='ocrx_word' id='word_1_196' title='bbox 227 2607 301 2683; x_wconf 87' lang='grc' dir='ltr'>παρά</span> <span class='ocrx_word' id='word_1_197' title='bbox 323 2626 395 2678; x_wconf 88' lang='grc' dir='ltr'>τινος</span> <span class='ocrx_word' id='word_1_198' title='bbox 417 2611 470 2666; x_wconf 83' lang='grc' dir='ltr'>τῶν</span> <span class='ocrx_word' id='word_1_199' title='bbox 492 2607 637 2686; x_wconf 89' lang='grc' dir='ltr'>τριβούνων</span> <span class='ocrx_word' id='word_1_200' title='bbox 660 2607 707 2668; x_wconf 89' lang='grc' dir='ltr'>καί</span> <span class='ocrx_word' id='word_1_201' title='bbox 731 2608 851 2669; x_wconf 84' lang='grc' dir='ltr'>δίδοσθαι</span> <span class='ocrx_word' id='word_1_202' title='bbox 873 2609 921 2686; x_wconf 77' lang='grc' dir='ltr'>τὴν</span> <span class='ocrx_word' id='word_1_203' title='bbox 946 2606 1041 2682; x_wconf 82' lang='grc' dir='ltr'>ἔξοδον</span> <span class='ocrx_word' id='word_1_204' title='bbox 1065 2609 1111 2669; x_wconf 83' lang='grc' dir='ltr'>ἀπ’</span> <span class='ocrx_word' id='word_1_205' title='bbox 1125 2609 1284 2690; x_wconf 80' lang='grc' dir='ltr'>ἀμφοτέρων</span> <span class='ocrx_word' id='word_1_206' title='bbox 1305 2615 1359 2668; x_wconf 86' lang='grc' dir='ltr'>τῶν</span> <span class='ocrx_word' id='word_1_207' title='bbox 1383 2629 1528 2684; x_wconf 87' lang='grc' dir='ltr'>μοναστη-</span> 
     </span>
     <span class='ocr_line' id='line_1_20' title="bbox 227 2725 1304 2811; baseline 0.003 -25"><span class='ocrx_word' id='word_1_208' title='bbox 227 2727 291 2807; x_wconf 91' lang='grc' dir='ltr'>ρίων</span> <span class='ocrx_word' id='word_1_209' title='bbox 315 2725 346 2800; x_wconf 84' lang='grc' dir='ltr'>ἐξ</span> <span class='ocrx_word' id='word_1_210' title='bbox 368 2726 434 2803; x_wconf 82' lang='grc' dir='ltr'>ἴσον,</span> <span class='ocrx_word' id='word_1_211' title='bbox 459 2727 506 2788; x_wconf 89' lang='grc' dir='ltr'>καί</span> <span class='ocrx_word' id='word_1_212' title='bbox 531 2729 739 2810; x_wconf 81' lang='grc' dir='ltr'>ἐπανορθοῦσθαι</span> <span class='ocrx_word' id='word_1_213' title='bbox 762 2731 842 2790; x_wconf 84' lang='grc' dir='ltr'>αύτδν</span> <span class='ocrx_word' id='word_1_214' title='bbox 863 2729 910 2790; x_wconf 91' lang='grc' dir='ltr'>καί</span> <span class='ocrx_word' id='word_1_215' title='bbox 935 2731 1009 2809; x_wconf 84' lang='grc' dir='ltr'>ἔχειν</span> <span class='ocrx_word' id='word_1_216' title='bbox 1031 2733 1062 2790; x_wconf 85' lang='grc' dir='ltr'>τδ</span> <span class='ocrx_word' id='word_1_217' title='bbox 1084 2731 1156 2811; x_wconf 89' lang='grc' dir='ltr'>ύδωρ</span> <span class='ocrx_word' id='word_1_218' title='bbox 1180 2731 1304 2796; x_wconf 87' lang='grc' dir='ltr'>ἀέννασν.</span> 
     </span>
    </p>

    <p class='ocr_par' dir='ltr' id='par_1_4' title="bbox 165 2849 1604 4150">
     <span class='ocr_line' id='line_1_21' title="bbox 330 2849 1604 2932; baseline 0.002 -23"><span class='ocrx_word' id='word_1_219' title='bbox 330 2851 408 2930; x_wconf 86' lang='grc' dir='ltr'>Κεφ,</span> <span class='ocrx_word' id='word_1_220' title='bbox 434 2849 467 2911; x_wconf 82' lang='grc' dir='ltr'>α’.</span> <span class='ocrx_word' id='word_1_221' title='bbox 493 2850 573 2932; x_wconf 87' lang='grc' dir='ltr'>Περί</span> <span class='ocrx_word' id='word_1_222' title='bbox 596 2857 650 2912; x_wconf 88' lang='grc' dir='ltr'>τοῦ</span> <span class='ocrx_word' id='word_1_223' title='bbox 673 2853 810 2932; x_wconf 87' lang='grc' dir='ltr'>ταφείου</span> <span class='ocrx_word' id='word_1_224' title='bbox 832 2859 894 2912; x_wconf 86' lang='grc' dir='ltr'>τῶν</span> <span class='ocrx_word' id='word_1_225' title='bbox 917 2854 1143 2927; x_wconf 79' lang='grc' dir='ltr'>μοναζουσῶν,</span> <span class='ocrx_word' id='word_1_226' title='bbox 1189 2853 1283 2913; x_wconf 87' lang='grc' dir='ltr'>Ταῦτα</span> <span class='ocrx_word' id='word_1_227' title='bbox 1307 2851 1358 2928; x_wconf 87' lang='grc' dir='ltr'>μέν</span> <span class='ocrx_word' id='word_1_228' title='bbox 1382 2852 1416 2927; x_wconf 84' lang='grc' dir='ltr'>δὴ</span> <span class='ocrx_word' id='word_1_229' title='bbox 1442 2853 1527 2925; x_wconf 85' lang='grc' dir='ltr'>ούτως</span> <span class='ocrx_word' id='word_1_230' title='bbox 1603 2853 1604 2867; x_wconf 72' lang='grc'>’</span> 
     </span>
     <span class='ocr_line' id='line_1_22' title="bbox 226 2965 1525 3054; baseline 0.002 -22"><span class='ocrx_word' id='word_1_231' title='bbox 226 2965 401 3050; x_wconf 79' lang='grc' dir='ltr'>ᾠκονόμηταί</span> <span class='ocrx_word' id='word_1_232' title='bbox 421 2993 451 3033; x_wconf 91' lang='grc' dir='ltr'>τε</span> <span class='ocrx_word' id='word_1_233' title='bbox 474 2971 520 3033; x_wconf 90' lang='grc' dir='ltr'>καί</span> <span class='ocrx_word' id='word_1_234' title='bbox 551 2972 732 3034; x_wconf 84' lang='grc' dir='ltr'>διατέτακται.</span> <span class='ocrx_word' id='word_1_235' title='bbox 780 2973 838 3034; x_wconf 87' lang='grc' dir='ltr'>ἐπεὶ</span> <span class='ocrx_word' id='word_1_236' title='bbox 862 2974 894 3034; x_wconf 83' lang='grc' dir='ltr'>δέ</span> <span class='ocrx_word' id='word_1_237' title='bbox 918 2973 965 3034; x_wconf 85' lang='grc' dir='ltr'>καί</span> <span class='ocrx_word' id='word_1_238' title='bbox 987 2976 1096 3054; x_wconf 86' lang='grc' dir='ltr'>ταφεῖον</span> <span class='ocrx_word' id='word_1_239' title='bbox 1119 2974 1269 3053; x_wconf 86' lang='grc' dir='ltr'>ἀναγκαῖον</span> <span class='ocrx_word' id='word_1_240' title='bbox 1292 2971 1326 3051; x_wconf 81' lang='grc' dir='ltr'>ἦν</span> <span class='ocrx_word' id='word_1_241' title='bbox 1348 2995 1525 3034; x_wconf 85' lang='grc' dir='ltr'>κατασκευα-</span> 
     </span>
     <span class='ocr_line' id='line_1_23' title="bbox 225 3083 1603 3178; baseline 0.001 -24"><span class='ocrx_word' id='word_1_242' title='bbox 225 3095 320 3170; x_wconf 78' lang='grc' dir='ltr'>σθῆναι</span> <span class='ocrx_word' id='word_1_243' title='bbox 343 3093 386 3155; x_wconf 89' lang='grc' dir='ltr'>ἐπὶ</span> <span class='ocrx_word' id='word_1_244' title='bbox 409 3101 442 3178; x_wconf 82' lang='grc' dir='ltr'>τῇ</span> <span class='ocrx_word' id='word_1_245' title='bbox 466 3097 593 3156; x_wconf 85' lang='grc' dir='ltr'>ἀποθέσει</span> <span class='ocrx_word' id='word_1_246' title='bbox 614 3103 668 3157; x_wconf 83' lang='grc' dir='ltr'>τῶν</span> <span class='ocrx_word' id='word_1_247' title='bbox 690 3097 830 3174; x_wconf 83' lang='grc' dir='ltr'>λειψάνων</span> <span class='ocrx_word' id='word_1_248' title='bbox 852 3102 906 3156; x_wconf 86' lang='grc' dir='ltr'>τῶν</span> <span class='ocrx_word' id='word_1_249' title='bbox 928 3097 995 3177; x_wconf 85' lang='grc' dir='ltr'>πρδς</span> <span class='ocrx_word' id='word_1_250' title='bbox 1017 3097 1108 3175; x_wconf 92' lang='grc' dir='ltr'>κύριον</span> <span class='ocrx_word' id='word_1_251' title='bbox 1137 3093 1313 3172; x_wconf 83' lang='grc' dir='ltr'>ἐκδημουσῶν</span> <span class='ocrx_word' id='word_1_252' title='bbox 1337 3098 1524 3170; x_wconf 83' lang='grc' dir='ltr'>μοναζουσῶν,</span> <span class='ocrx_word' id='word_1_253' title='bbox 1602 3083 1603 3110; x_wconf 72' lang='lat'>³</span> 
     </span>
     <span class='ocr_line' id='line_1_24' title="bbox 223 3213 1602 3304; baseline -0.001 -28"><span class='ocrx_word' id='word_1_254' title='bbox 223 3217 254 3276; x_wconf 83' lang='grc' dir='ltr'>τ“ο</span> <span class='ocrx_word' id='word_1_255' title='bbox 277 3217 308 3277; x_wconf 86' lang='grc' dir='ltr'>δέ</span> <span class='ocrx_word' id='word_1_256' title='bbox 332 3219 500 3298; x_wconf 79' lang='grc' dir='ltr'>στενάχωρον</span> <span class='ocrx_word' id='word_1_257' title='bbox 524 3224 573 3295; x_wconf 74' lang='grc' dir='ltr'>τῆς</span> <span class='ocrx_word' id='word_1_258' title='bbox 603 3225 690 3294; x_wconf 81' lang='grc' dir='ltr'>μονῆς</span> <span class='ocrx_word' id='word_1_259' title='bbox 713 3220 743 3278; x_wconf 89' lang='grc' dir='ltr'>οῦ</span> <span class='ocrx_word' id='word_1_260' title='bbox 765 3221 881 3298; x_wconf 87' lang='grc' dir='ltr'>παρεῖχε</span> <span class='ocrx_word' id='word_1_261' title='bbox 910 3213 1005 3298; x_wconf 82' lang='grc' dir='ltr'>χώραν</span> <span class='ocrx_word' id='word_1_262' title='bbox 1029 3215 1068 3288; x_wconf 88' lang='grc' dir='ltr'>είς</span> <span class='ocrx_word' id='word_1_263' title='bbox 1089 3219 1138 3292; x_wconf 74' lang='grc' dir='ltr'>’τήν</span> <span class='ocrx_word' id='word_1_264' title='bbox 1160 3221 1206 3277; x_wconf 88' lang='grc' dir='ltr'>τοῦ</span> <span class='ocrx_word' id='word_1_265' title='bbox 1228 3218 1347 3277; x_wconf 84' lang='grc' dir='ltr'>τοιούτου</span> <span class='ocrx_word' id='word_1_266' title='bbox 1370 3217 1523 3296; x_wconf 81' lang='grc' dir='ltr'>ἀνέγερσιν,</span> <span class='ocrx_word' id='word_1_267' title='bbox 1601 3267 1602 3304; x_wconf 55' lang='lat'>3</span> 
     </span>
     <span class='ocr_line' id='line_1_25' title="bbox 165 3315 1602 3416; baseline 0.001 -19"><span class='ocrx_word' id='word_1_268' title='bbox 165 3365 168 3371; x_wconf 93' lang='lat'>·</span> <span class='ocrx_word' id='word_1_269' title='bbox 225 3337 378 3413; x_wconf 87' lang='grc' dir='ltr'>ἀνελάβετο</span> <span class='ocrx_word' id='word_1_270' title='bbox 401 3341 419 3413; x_wconf 82' lang='grc' dir='ltr'><strong>ἠ</strong></span> <span class='ocrx_word' id='word_1_271' title='bbox 443 3339 571 3412; x_wconf 86' lang='grc' dir='ltr'>βασιλεία</span> <span class='ocrx_word' id='word_1_272' title='bbox 595 3361 647 3416; x_wconf 91' lang='grc' dir='ltr'>μου</span> <span class='ocrx_word' id='word_1_273' title='bbox 670 3339 723 3399; x_wconf 86' lang='grc' dir='ltr'>ἀπδ</span> <span class='ocrx_word' id='word_1_274' title='bbox 746 3346 795 3416; x_wconf 80' lang='grc' dir='ltr'>τῆς</span> <span class='ocrx_word' id='word_1_275' title='bbox 817 3343 863 3399; x_wconf 92' lang='grc' dir='ltr'>τοῦ</span> <span class='ocrx_word' id='word_1_276' title='bbox 886 3341 948 3400; x_wconf 89' lang='grc' dir='ltr'>θεοῦ</span> <span class='ocrx_word' id='word_1_277' title='bbox 978 3340 1107 3416; x_wconf 84' lang='grc' dir='ltr'>μεγάλης</span> <span class='ocrx_word' id='word_1_278' title='bbox 1138 3337 1289 3413; x_wconf 86' lang='grc' dir='ltr'>ἐκκλησίας</span> <span class='ocrx_word' id='word_1_279' title='bbox 1311 3339 1360 3414; x_wconf 82' lang='grc' dir='ltr'>τὴν</span> <span class='ocrx_word' id='word_1_280' title='bbox 1384 3339 1472 3414; x_wconf 81' lang='grc' dir='ltr'>μονὴν</span> <span class='ocrx_word' id='word_1_281' title='bbox 1491 3335 1523 3398; x_wconf 85' lang='grc' dir='ltr'>τά</span> <span class='ocrx_word' id='word_1_282' title='bbox 1601 3315 1602 3357; x_wconf 55' lang='lat'>³</span> 
     </span>
     <span class='ocr_line' id='line_1_26' title="bbox 223 3458 1521 3543; baseline -0.002 -21"><span class='ocrx_word' id='word_1_283' title='bbox 223 3461 414 3543; x_wconf 86' lang='grc' dir='ltr'>Κελλαραίας,</span> <span class='ocrx_word' id='word_1_284' title='bbox 445 3463 644 3542; x_wconf 84' lang='grc' dir='ltr'>πατριαρχικὴν</span> <span class='ocrx_word' id='word_1_285' title='bbox 668 3462 719 3537; x_wconf 86' lang='grc' dir='ltr'>μὲν</span> <span class='ocrx_word' id='word_1_286' title='bbox 743 3458 835 3540; x_wconf 84' lang='grc' dir='ltr'>οὖσαν,</span> <span class='ocrx_word' id='word_1_287' title='bbox 864 3461 1057 3540; x_wconf 87' lang='grc' dir='ltr'>ἀφιερωθεῖσαν</span> <span class='ocrx_word' id='word_1_288' title='bbox 1080 3459 1111 3520; x_wconf 83' lang='grc' dir='ltr'>δέ</span> <span class='ocrx_word' id='word_1_289' title='bbox 1132 3467 1165 3543; x_wconf 78' lang='grc' dir='ltr'>τῇ</span> <span class='ocrx_word' id='word_1_290' title='bbox 1189 3467 1259 3542; x_wconf 82' lang='grc' dir='ltr'>μονῇ</span> <span class='ocrx_word' id='word_1_291' title='bbox 1281 3465 1331 3535; x_wconf 77' lang='grc' dir='ltr'>τῆς</span> <span class='ocrx_word' id='word_1_292' title='bbox 1353 3460 1521 3540; x_wconf 86' lang='grc' dir='ltr'>Κεχαριτω-</span> 
     </span>
     <span class='ocr_line' id='line_1_27' title="bbox 223 3569 1601 3664; baseline 0 -22"><span class='ocrx_word' id='word_1_293' title='bbox 223 3585 309 3662; x_wconf 89' lang='grc' dir='ltr'>μένης</span> <span class='ocrx_word' id='word_1_294' title='bbox 332 3605 384 3660; x_wconf 91' lang='grc' dir='ltr'>μου</span> <span class='ocrx_word' id='word_1_295' title='bbox 413 3585 541 3644; x_wconf 85' lang='grc' dir='ltr'>θεοτύκου</span> <span class='ocrx_word' id='word_1_296' title='bbox 564 3579 644 3663; x_wconf 82' lang='grc' dir='ltr'>χάριν</span> <span class='ocrx_word' id='word_1_297' title='bbox 667 3582 774 3662; x_wconf 89' lang='grc' dir='ltr'>ταφείου</span> <span class='ocrx_word' id='word_1_298' title='bbox 797 3588 849 3642; x_wconf 83' lang='grc' dir='ltr'>τῶν</span> <span class='ocrx_word' id='word_1_299' title='bbox 873 3583 902 3642; x_wconf 90' lang='grc' dir='ltr'>ἐν</span> <span class='ocrx_word' id='word_1_300' title='bbox 932 3584 998 3664; x_wconf 82' lang='grc' dir='ltr'>αύτῇ</span> <span class='ocrx_word' id='word_1_301' title='bbox 1030 3582 1204 3658; x_wconf 84' lang='grc' dir='ltr'>ἀσκουμένων</span> <span class='ocrx_word' id='word_1_302' title='bbox 1235 3584 1420 3661; x_wconf 83' lang='grc' dir='ltr'>μοναζουσῶν,</span> <span class='ocrx_word' id='word_1_303' title='bbox 1451 3583 1520 3642; x_wconf 76' lang='grc' dir='ltr'>καθδ</span> <span class='ocrx_word' id='word_1_304' title='bbox 1600 3569 1601 3574; x_wconf 23' lang='lat'>¹</span> 
     </span>
     <span class='ocr_line' id='line_1_28' title="bbox 222 3703 1521 3786; baseline 0 -22"><span class='ocrx_word' id='word_1_305' title='bbox 222 3703 269 3764; x_wconf 90' lang='grc' dir='ltr'>καί</span> <span class='ocrx_word' id='word_1_306' title='bbox 291 3705 321 3765; x_wconf 85' lang='grc' dir='ltr'>τδ</span> <span class='ocrx_word' id='word_1_307' title='bbox 336 3705 410 3786; x_wconf 80' lang='grc' dir='ltr'>παρὰ</span> <span class='ocrx_word' id='word_1_308' title='bbox 424 3709 471 3765; x_wconf 91' lang='grc' dir='ltr'>τοῦ</span> <span class='ocrx_word' id='word_1_309' title='bbox 490 3705 641 3783; x_wconf 87' lang='grc' dir='ltr'>οίγιωτάτου</span> <span class='ocrx_word' id='word_1_310' title='bbox 656 3703 703 3764; x_wconf 89' lang='grc' dir='ltr'>καί</span> <span class='ocrx_word' id='word_1_311' title='bbox 726 3703 913 3782; x_wconf 84' lang='grc' dir='ltr'>οίκουμενικοῦ</span> <span class='ocrx_word' id='word_1_312' title='bbox 933 3706 1110 3784; x_wconf 80' lang='grc' dir='ltr'>πατριάρχου,</span> <span class='ocrx_word' id='word_1_313' title='bbox 1133 3707 1214 3784; x_wconf 90' lang='grc' dir='ltr'>κυροῦ</span> <span class='ocrx_word' id='word_1_314' title='bbox 1229 3703 1380 3782; x_wconf 82' lang='grc' dir='ltr'>Νικολάου,</span> <span class='ocrx_word' id='word_1_315' title='bbox 1404 3705 1521 3783; x_wconf 74' lang='grc' dir='ltr'>γεγονδς</span> 
     </span>
     <span class='ocr_line' id='line_1_29' title="bbox 223 3821 1518 3908; baseline 0 -23"><span class='ocrx_word' id='word_1_316' title='bbox 223 3825 365 3887; x_wconf 81' lang='grc' dir='ltr'>ἐπὶτοῦτο</span> <span class='ocrx_word' id='word_1_317' title='bbox 388 3825 526 3906; x_wconf 88' lang='grc' dir='ltr'>διατρανοί</span> <span class='ocrx_word' id='word_1_318' title='bbox 547 3826 704 3902; x_wconf 79' lang='grc' dir='ltr'>ὑπόμνημα.</span> <span class='ocrx_word' id='word_1_319' title='bbox 748 3824 796 3886; x_wconf 88' lang='grc' dir='ltr'>καί</span> <span class='ocrx_word' id='word_1_320' title='bbox 819 3823 853 3901; x_wconf 84' lang='grc' dir='ltr'>δὴ</span> <span class='ocrx_word' id='word_1_321' title='bbox 877 3829 1011 3901; x_wconf 87' lang='grc' dir='ltr'>τυποῦμεν</span> <span class='ocrx_word' id='word_1_322' title='bbox 1034 3821 1103 3885; x_wconf 83' lang='grc' dir='ltr'>εῖναι</span> <span class='ocrx_word' id='word_1_323' title='bbox 1128 3825 1156 3884; x_wconf 91' lang='grc' dir='ltr'>ἐν</span> <span class='ocrx_word' id='word_1_324' title='bbox 1180 3827 1246 3908; x_wconf 74' lang='grc' dir='ltr'>αῦτῇ</span> <span class='ocrx_word' id='word_1_325' title='bbox 1270 3825 1441 3900; x_wconf 80' lang='grc' dir='ltr'>μοναζούσας</span> <span class='ocrx_word' id='word_1_326' title='bbox 1456 3827 1518 3886; x_wconf 88' lang='grc' dir='ltr'>τέσ-</span> 
     </span>
     <span class='ocr_line' id='line_1_30' title="bbox 222 3946 1518 4028; baseline -0.002 -20"><span class='ocrx_word' id='word_1_327' title='bbox 222 3969 317 4028; x_wconf 87' lang='grc' dir='ltr'>σαρας,</span> <span class='ocrx_word' id='word_1_328' title='bbox 348 3947 544 4024; x_wconf 83' lang='grc' dir='ltr'>λαμβανούσας</span> <span class='ocrx_word' id='word_1_329' title='bbox 574 3949 681 4028; x_wconf 85' lang='grc' dir='ltr'>ἑκάστῳ</span> <span class='ocrx_word' id='word_1_330' title='bbox 712 3947 824 4027; x_wconf 84' lang='grc' dir='ltr'>ἐνιαυτῷ</span> <span class='ocrx_word' id='word_1_331' title='bbox 855 3947 908 4006; x_wconf 78' lang='grc' dir='ltr'>ἀπο</span> <span class='ocrx_word' id='word_1_332' title='bbox 938 3953 988 4024; x_wconf 78' lang='grc' dir='ltr'>τῆς</span> <span class='ocrx_word' id='word_1_333' title='bbox 1018 3952 1104 4022; x_wconf 82' lang='grc' dir='ltr'>μονῆς</span> <span class='ocrx_word' id='word_1_334' title='bbox 1131 3953 1180 4022; x_wconf 80' lang='grc' dir='ltr'>τῆς</span> <span class='ocrx_word' id='word_1_335' title='bbox 1203 3946 1441 4026; x_wconf 85' lang='grc' dir='ltr'>Κεχαριτωμένης</span> <span class='ocrx_word' id='word_1_336' title='bbox 1469 3969 1518 4022; x_wconf 81' lang='grc' dir='ltr'>μου</span> 
     </span>
     <span class='ocr_line' id='line_1_31' title="bbox 221 4064 1518 4150; baseline -0.001 -21"><span class='ocrx_word' id='word_1_337' title='bbox 221 4071 349 4129; x_wconf 83' lang='grc' dir='ltr'>θεοτόκου</span> <span class='ocrx_word' id='word_1_338' title='bbox 380 4069 496 4146; x_wconf 87' lang='grc' dir='ltr'>ἑκάστην</span> <span class='ocrx_word' id='word_1_339' title='bbox 520 4071 606 4129; x_wconf 84' lang='grc' dir='ltr'>αῦτῶν</span> <span class='ocrx_word' id='word_1_340' title='bbox 629 4069 701 4129; x_wconf 90' lang='grc' dir='ltr'>σίτου</span> <span class='ocrx_word' id='word_1_341' title='bbox 725 4065 776 4128; x_wconf 77' lang='grc' dir='ltr'>ἀνὰ</span> <span class='ocrx_word' id='word_1_342' title='bbox 807 4068 889 4144; x_wconf 78' lang='grc' dir='ltr'>μέδια</span> <span class='ocrx_word' id='word_1_343' title='bbox 919 4069 1056 4128; x_wconf 87' lang='grc' dir='ltr'>θαλάσσια</span> <span class='ocrx_word' id='word_1_344' title='bbox 1079 4068 1231 4146; x_wconf 85' lang='grc' dir='ltr'>δεκαοκτώ,</span> <span class='ocrx_word' id='word_1_345' title='bbox 1262 4067 1334 4128; x_wconf 90' lang='grc' dir='ltr'>οίνου</span> <span class='ocrx_word' id='word_1_346' title='bbox 1357 4064 1409 4127; x_wconf 87' lang='grc' dir='ltr'>ἀνά</span> <span class='ocrx_word' id='word_1_347' title='bbox 1432 4071 1518 4150; x_wconf 85' lang='grc' dir='ltr'>μέτρα</span> 
     </span>
    </p>
   </div>
   <div class='ocr_carea' id='block_1_3' title="bbox 220 4187 1517 4272">
    <p class='ocr_par' dir='ltr' id='par_1_5' title="bbox 220 4187 1517 4272">
     <span class='ocr_line' id='line_1_32' title="bbox 220 4187 1517 4272; baseline -0.002 -22"><span class='ocrx_word' id='word_1_348' title='bbox 220 4191 358 4252; x_wconf 90' lang='grc' dir='ltr'>θαλάσσια</span> <span class='ocrx_word' id='word_1_349' title='bbox 381 4191 500 4272; x_wconf 82' lang='grc' dir='ltr'>δώδεκα,</span> <span class='ocrx_word' id='word_1_350' title='bbox 522 4195 601 4271; x_wconf 87' lang='grc' dir='ltr'>τυροῦ</span> <span class='ocrx_word' id='word_1_351' title='bbox 624 4191 675 4250; x_wconf 84' lang='grc' dir='ltr'>ἀνά</span> <span class='ocrx_word' id='word_1_352' title='bbox 690 4189 787 4270; x_wconf 89' lang='grc' dir='ltr'>λίτρας</span> <span class='ocrx_word' id='word_1_353' title='bbox 809 4192 988 4270; x_wconf 81' lang='grc' dir='ltr'>πεντήκοντα,</span> <span class='ocrx_word' id='word_1_354' title='bbox 1012 4187 1122 4270; x_wconf 80' lang='grc' dir='ltr'>ἐσπρίου</span> <span class='ocrx_word' id='word_1_355' title='bbox 1138 4189 1189 4248; x_wconf 82' lang='grc' dir='ltr'>ἀνά</span> <span class='ocrx_word' id='word_1_356' title='bbox 1205 4187 1300 4264; x_wconf 88' lang='grc' dir='ltr'>μόδιον</span> <span class='ocrx_word' id='word_1_357' title='bbox 1324 4189 1373 4248; x_wconf 82' lang='grc' dir='ltr'>ἕνα</span> <span class='ocrx_word' id='word_1_358' title='bbox 1389 4187 1437 4248; x_wconf 82' lang='grc' dir='ltr'>καί</span> <span class='ocrx_word' id='word_1_359' title='bbox 1453 4188 1517 4268; x_wconf 87' lang='grc' dir='ltr'>ύτέρ</span> 
     </span>
    </p>
   </div>
   <div class='ocr_carea' id='block_1_4' title="bbox 220 4281 1516 4394">
    <p class='ocr_par' dir='ltr' id='par_1_6' title="bbox 220 4281 1516 4394">
     <span class='ocr_line' id='line_1_33' title="bbox 220 4281 1516 4394; baseline -0.002 -21"><span class='ocrx_word' id='word_1_360' title='bbox 220 4312 305 4394; x_wconf 77' lang='grc' dir='ltr'>ῥύγοις</span> <span class='ocrx_word' id='word_1_361' title='bbox 329 4314 415 4373; x_wconf 85' lang='grc' dir='ltr'>αύτῦν</span> <span class='ocrx_word' id='word_1_362' title='bbox 438 4313 490 4372; x_wconf 81' lang='grc' dir='ltr'>ἀνὰ</span> <span class='ocrx_word' id='word_1_363' title='bbox 512 4313 665 4388; x_wconf 88' lang='grc' dir='ltr'>νομίσματα</span> <span class='ocrx_word' id='word_1_364' title='bbox 687 4311 793 4392; x_wconf 83' lang='grc' dir='ltr'>τραχέα</span> <span class='ocrx_word' id='word_1_365' title='bbox 816 4311 901 4372; x_wconf 85' lang='grc' dir='ltr'>εἴκοσι</span> <span class='ocrx_word' id='word_1_366' title='bbox 923 4313 1041 4392; x_wconf 91' lang='grc' dir='ltr'>τέσσαρα</span> <span class='ocrx_word' id='word_1_367' title='bbox 1063 4309 1110 4370; x_wconf 92' lang='grc' dir='ltr'>καί</span> <span class='ocrx_word' id='word_1_368' title='bbox 1133 4308 1191 4370; x_wconf 89' lang='grc' dir='ltr'>ἀντὶ</span> <span class='ocrx_word' id='word_1_369' title='bbox 1215 4281 1377 4386; x_wconf 80' lang='grc' dir='ltr'>ἐνδυμασίας</span> <span class='ocrx_word' id='word_1_370' title='bbox 1399 4311 1516 4386; x_wconf 75' lang='grc' dir='ltr'>νόμισμα</span> 
     </span>
    </p>
   </div>
   <div class='ocr_carea' id='block_1_5' title="bbox 218 4431 1515 4636">
    <p class='ocr_par' dir='ltr' id='par_1_7' title="bbox 218 4431 1515 4636">
     <span class='ocr_line' id='line_1_34' title="bbox 219 4431 1515 4515; baseline -0.002 -22"><span class='ocrx_word' id='word_1_371' title='bbox 219 4435 249 4493; x_wconf 86' lang='grc' dir='ltr'>έν</span> <span class='ocrx_word' id='word_1_372' title='bbox 272 4435 430 4515; x_wconf 86' lang='grc' dir='ltr'>ῦπέρπυρον.</span> <span class='ocrx_word' id='word_1_373' title='bbox 476 4435 514 4494; x_wconf 83' lang='grc' dir='ltr'>ἔτι</span> <span class='ocrx_word' id='word_1_374' title='bbox 537 4455 571 4514; x_wconf 85' lang='grc' dir='ltr'>γε</span> <span class='ocrx_word' id='word_1_375' title='bbox 594 4434 648 4510; x_wconf 82' lang='grc' dir='ltr'>μὴν</span> <span class='ocrx_word' id='word_1_376' title='bbox 671 4432 719 4494; x_wconf 87' lang='grc' dir='ltr'>καὶ</span> <span class='ocrx_word' id='word_1_377' title='bbox 741 4433 817 4515; x_wconf 82' lang='grc' dir='ltr'>ἱερέα</span> <span class='ocrx_word' id='word_1_378' title='bbox 838 4434 897 4494; x_wconf 88' lang='grc' dir='ltr'>τινὰ</span> <span class='ocrx_word' id='word_1_379' title='bbox 920 4433 1050 4510; x_wconf 84' lang='grc' dir='ltr'>κοσμικδν</span> <span class='ocrx_word' id='word_1_380' title='bbox 1073 4437 1206 4508; x_wconf 83' lang='grc' dir='ltr'>τσποῦμεν</span> <span class='ocrx_word' id='word_1_381' title='bbox 1229 4431 1404 4513; x_wconf 72' lang='grc' dir='ltr'>ἀφορισθῆναι</span> <span class='ocrx_word' id='word_1_382' title='bbox 1428 4431 1515 4492; x_wconf 84' lang='grc' dir='ltr'>ἐκεῖσε</span> 
     </span>
     <span class='ocr_line' id='line_1_35' title="bbox 218 4552 1514 4636; baseline -0.002 -21"><span class='ocrx_word' id='word_1_383' title='bbox 218 4553 266 4615; x_wconf 89' lang='grc' dir='ltr'>καί</span> <span class='ocrx_word' id='word_1_384' title='bbox 288 4555 429 4635; x_wconf 85' lang='grc' dir='ltr'>ύπηρετεῖν</span> <span class='ocrx_word' id='word_1_385' title='bbox 453 4555 542 4635; x_wconf 78' lang='grc' dir='ltr'>ἐντῷ</span> <span class='ocrx_word' id='word_1_386' title='bbox 569 4555 680 4634; x_wconf 89' lang='grc' dir='ltr'>τοιούτῳ</span> <span class='ocrx_word' id='word_1_387' title='bbox 708 4554 881 4636; x_wconf 83' lang='grc' dir='ltr'>μοναστηρίιρ</span> <span class='ocrx_word' id='word_1_388' title='bbox 904 4555 948 4615; x_wconf 91' lang='grc' dir='ltr'>έπί</span> <span class='ocrx_word' id='word_1_389' title='bbox 970 4576 1000 4614; x_wconf 93' lang='grc' dir='ltr'>τε</span> <span class='ocrx_word' id='word_1_390' title='bbox 1021 4561 1054 4636; x_wconf 81' lang='grc' dir='ltr'>τῇ</span> <span class='ocrx_word' id='word_1_391' title='bbox 1078 4554 1230 4636; x_wconf 82' lang='grc' dir='ltr'>ψαλμῳδίφι</span> <span class='ocrx_word' id='word_1_392' title='bbox 1252 4552 1298 4613; x_wconf 87' lang='grc' dir='ltr'>καί</span> <span class='ocrx_word' id='word_1_393' title='bbox 1325 4553 1450 4635; x_wconf 84' lang='grc' dir='ltr'>φωταψίᾳ</span> <span class='ocrx_word' id='word_1_394' title='bbox 1471 4553 1514 4613; x_wconf 88' lang='grc' dir='ltr'>καί</span> 
     </span>
    </p>
   </div>
   <div class='ocr_carea' id='block_1_6' title="bbox 218 4675 1514 4760">
    <p class='ocr_par' dir='ltr' id='par_1_8' title="bbox 218 4675 1514 4760">
     <span class='ocr_line' id='line_1_36' title="bbox 218 4675 1514 4760; baseline -0.003 -25"><span class='ocrx_word' id='word_1_395' title='bbox 218 4679 292 4760; x_wconf 78' lang='grc' dir='ltr'>πάσῃ</span> <span class='ocrx_word' id='word_1_396' title='bbox 315 4685 348 4760; x_wconf 79' lang='grc' dir='ltr'>τῇ</span> <span class='ocrx_word' id='word_1_397' title='bbox 371 4679 544 4760; x_wconf 80' lang='grc' dir='ltr'>προσηκούσῃ</span> <span class='ocrx_word' id='word_1_398' title='bbox 575 4677 733 4758; x_wconf 76' lang='grc' dir='ltr'>ἐπιμελείᾳ,</span> <span class='ocrx_word' id='word_1_399' title='bbox 763 4676 971 4758; x_wconf 35' lang='grc' dir='ltr'>τυπωθῆναιιδέ</span> <span class='ocrx_word' id='word_1_400' title='bbox 994 4675 1148 4750; x_wconf 84' lang='grc' dir='ltr'>λαμβάνειν</span> <span class='ocrx_word' id='word_1_401' title='bbox 1179 4677 1258 4735; x_wconf 79' lang='grc' dir='ltr'>αύτέν</span> <span class='ocrx_word' id='word_1_402' title='bbox 1279 4677 1310 4734; x_wconf 85' lang='grc' dir='ltr'>τδ</span> <span class='ocrx_word' id='word_1_403' title='bbox 1334 4675 1514 4754; x_wconf 79' lang='grc' dir='ltr'>ἐνδεχόμενον</span> 
     </span>
    </p>
   </div>
   <div class='ocr_carea' id='block_1_7' title="bbox 0 0 1616 5284">
    <p class='ocr_par' dir='ltr' id='par_1_9' title="bbox 0 0 1616 5284">
     <span class='ocr_line' id='line_1_37' title="bbox 0 0 1616 5284; baseline 0 5"><span class='ocrx_word' id='word_1_404' title='bbox 0 0 1616 5284; x_wconf 95' lang='lat' dir='ltr'> </span> 
     </span>
    </p>
   </div>
  </div>
 </body>
</html>
