<?xml version="1.0" encoding="UTF-8"?>
<!DOCTYPE html PUBLIC "-//W3C//DTD XHTML 1.0 Transitional//EN"
    "http://www.w3.org/TR/xhtml1/DTD/xhtml1-transitional.dtd">
<html xmlns="http://www.w3.org/1999/xhtml" xml:lang="en" lang="en">
 <head>
  <title>
</title>
<meta http-equiv="Content-Type" content="text/html;charset=utf-8" />
  <meta name='ocr-system' content='tesseract 3.04.00' />
  <meta name='ocr-capabilities' content='ocr_page ocr_carea ocr_par ocr_line ocrx_word'/>
</head>
<body>
  <div class='ocr_page' id='page_1' title='image "./actaetdiplomata00miklgoog_0525.png"; bbox 0 0 3222 5284; ppageno 0'>
   <div class='ocr_carea' id='block_1_1' title="bbox 227 347 292 410">
    <p class='ocr_par' dir='ltr' id='par_1_1' title="bbox 227 347 292 410">
     <span class='ocr_line' id='line_1_1' title="bbox 227 347 292 410; baseline 0 0"><span class='ocrx_word' id='word_1_1' title='bbox 227 347 292 410; x_wconf 83' lang='lat'>344</span> 
     </span>
    </p>
   </div>
   <div class='ocr_carea' id='block_1_2' title="bbox 225 533 1604 3905">
    <p class='ocr_par' dir='ltr' id='par_1_2' title="bbox 225 533 1538 3416">
     <span class='ocr_line' id='line_1_2' title="bbox 227 533 1536 637; baseline -0.007 -38"><span class='ocrx_word' id='word_1_2' title='bbox 227 541 260 600; x_wconf 88' lang='grc' dir='ltr'>τὰ</span> <span class='ocrx_word' id='word_1_3' title='bbox 281 539 387 617; x_wconf 89' lang='grc' dir='ltr'>πολλοί,</span> <span class='ocrx_word' id='word_1_4' title='bbox 411 541 449 610; x_wconf 86' lang='grc' dir='ltr'>ι’σς</span> <span class='ocrx_word' id='word_1_5' title='bbox 472 538 602 618; x_wconf 82' lang='grc' dir='ltr'>φιλούσης</span> <span class='ocrx_word' id='word_1_6' title='bbox 610 542 673 637; x_wconf 44' lang='grc' dir='ltr'>,τῆς</span> <span class='ocrx_word' id='word_1_7' title='bbox 697 537 786 618; x_wconf 81' lang='grc' dir='ltr'>ἀρχῆς</span> <span class='ocrx_word' id='word_1_8' title='bbox 808 537 871 608; x_wconf 84' lang='grc' dir='ltr'>τούς</span> <span class='ocrx_word' id='word_1_9' title='bbox 888 535 926 608; x_wconf 84' lang='grc' dir='ltr'>εἰς</span> <span class='ocrx_word' id='word_1_10' title='bbox 943 537 1024 611; x_wconf 81' lang='grc' dir='ltr'>αθτὴν</span> <span class='ocrx_word' id='word_1_11' title='bbox 1048 536 1219 614; x_wconf 73' lang='grc' dir='ltr'>ἀνηγμένους</span> <span class='ocrx_word' id='word_1_12' title='bbox 1241 537 1425 613; x_wconf 79' lang='grc' dir='ltr'>ύπαχαυνοῖιν,</span> <span class='ocrx_word' id='word_1_13' title='bbox 1454 533 1536 591; x_wconf 79' lang='grc' dir='ltr'>ἐπέτε</span> 
     </span>
     <span class='ocr_line' id='line_1_3' title="bbox 225 655 1536 740; baseline -0.007 -19"><span class='ocrx_word' id='word_1_14' title='bbox 225 661 314 722; x_wconf 82' lang='grc' dir='ltr'>πλείω</span> <span class='ocrx_word' id='word_1_15' title='bbox 341 663 386 721; x_wconf 81' lang='grc' dir='ltr'>τον</span> <span class='ocrx_word' id='word_1_16' title='bbox 418 661 514 740; x_wconf 88' lang='grc' dir='ltr'>ἀγῶνα</span> <span class='ocrx_word' id='word_1_17' title='bbox 540 659 586 720; x_wconf 89' lang='grc' dir='ltr'>καὶ</span> <span class='ocrx_word' id='word_1_18' title='bbox 609 661 658 734; x_wconf 75' lang='grc' dir='ltr'>τήν</span> <span class='ocrx_word' id='word_1_19' title='bbox 684 659 823 739; x_wconf 81' lang='grc' dir='ltr'><strong>προσοχὴν</strong></span> <span class='ocrx_word' id='word_1_20' title='bbox 855 657 1055 718; x_wconf 78' lang='grc' dir='ltr'>ἐπιδείκνυσθαι</span> <span class='ocrx_word' id='word_1_21' title='bbox 1079 656 1158 740; x_wconf 83' lang='grc' dir='ltr'>ἔδει),</span> <span class='ocrx_word' id='word_1_22' title='bbox 1190 657 1235 716; x_wconf 87' lang='grc' dir='ltr'>διά</span> <span class='ocrx_word' id='word_1_23' title='bbox 1256 661 1343 716; x_wconf 65' lang='grc' dir='ltr'>ταῦτα</span> <span class='ocrx_word' id='word_1_24' title='bbox 1364 655 1411 716; x_wconf 85' lang='grc' dir='ltr'>καί</span> <span class='ocrx_word' id='word_1_25' title='bbox 1439 663 1536 735; x_wconf 73' lang='grc' dir='ltr'>γρσρῄ</span> 
     </span>
     <span class='ocr_line' id='line_1_4' title="bbox 226 777 1536 862; baseline -0.006 -20"><span class='ocrx_word' id='word_1_26' title='bbox 226 783 394 862; x_wconf 83' lang='grc' dir='ltr'>παραδοτέον</span> <span class='ocrx_word' id='word_1_27' title='bbox 417 783 447 842; x_wconf 76' lang='grc' dir='ltr'>τ“ο</span> <span class='ocrx_word' id='word_1_28' title='bbox 470 787 584 861; x_wconf 85' lang='grc' dir='ltr'>πρᾶγμα</span> <span class='ocrx_word' id='word_1_29' title='bbox 607 779 654 840; x_wconf 88' lang='grc' dir='ltr'>καί</span> <span class='ocrx_word' id='word_1_30' title='bbox 676 781 827 841; x_wconf 72' lang='grc' dir='ltr'>κολαστέον</span> <span class='ocrx_word' id='word_1_31' title='bbox 850 778 889 852; x_wconf 90' lang='grc' dir='ltr'>είς</span> <span class='ocrx_word' id='word_1_32' title='bbox 913 781 1033 854; x_wconf 86' lang='grc' dir='ltr'>δύναμιν.</span> <span class='ocrx_word' id='word_1_33' title='bbox 1068 780 1090 838; x_wconf 89' lang='grc' dir='ltr'>εί</span> <span class='ocrx_word' id='word_1_34' title='bbox 1114 779 1165 856; x_wconf 86' lang='grc' dir='ltr'>μέν</span> <span class='ocrx_word' id='word_1_35' title='bbox 1188 778 1233 839; x_wconf 90' lang='grc' dir='ltr'>ούν</span> <span class='ocrx_word' id='word_1_36' title='bbox 1256 779 1387 858; x_wconf 78' lang='grc' dir='ltr'>ἄτρεπτος</span> <span class='ocrx_word' id='word_1_37' title='bbox 1408 778 1499 853; x_wconf 84' lang='grc' dir='ltr'>μένοι</span> <span class='ocrx_word' id='word_1_38' title='bbox 1520 777 1536 848; x_wconf 78' lang='grc' dir='ltr'>ί,</span> 
     </span>
     <span class='ocr_line' id='line_1_5' title="bbox 226 898 1537 984; baseline -0.005 -20"><span class='ocrx_word' id='word_1_39' title='bbox 226 906 419 981; x_wconf 90' lang='grc' dir='ltr'>καθηγουμένη</span> <span class='ocrx_word' id='word_1_40' title='bbox 442 910 492 982; x_wconf 81' lang='grc' dir='ltr'>τῆς</span> <span class='ocrx_word' id='word_1_41' title='bbox 515 905 614 984; x_wconf 77' lang='grc' dir='ltr'>ἀρετῆς</span> <span class='ocrx_word' id='word_1_42' title='bbox 638 904 765 975; x_wconf 85' lang='grc' dir='ltr'>ἐπιεικῶς</span> <span class='ocrx_word' id='word_1_43' title='bbox 788 904 969 982; x_wconf 79' lang='grc' dir='ltr'>ἀντεχομένη,</span> <span class='ocrx_word' id='word_1_44' title='bbox 994 903 1028 962; x_wconf 88' lang='grc' dir='ltr'>δι’</span> <span class='ocrx_word' id='word_1_45' title='bbox 1040 905 1074 978; x_wconf 86' lang='grc' dir='ltr'>ήν</span> <span class='ocrx_word' id='word_1_46' title='bbox 1098 903 1196 976; x_wconf 81' lang='grc' dir='ltr'>ταύτης</span> <span class='ocrx_word' id='word_1_47' title='bbox 1210 899 1314 976; x_wconf 82' lang='grc' dir='ltr'>ήξιῶθη</span> <span class='ocrx_word' id='word_1_48' title='bbox 1338 907 1387 976; x_wconf 72' lang='grc' dir='ltr'>τῆς</span> <span class='ocrx_word' id='word_1_49' title='bbox 1408 898 1537 975; x_wconf 74' lang='grc' dir='ltr'>τάξεως,</span> 
     </span>
     <span class='ocr_line' id='line_1_6' title="bbox 228 1019 1538 1106; baseline -0.008 -20"><span class='ocrx_word' id='word_1_50' title='bbox 228 1026 427 1102; x_wconf 89' lang='grc' dir='ltr'>ἀμετακίνητος</span> <span class='ocrx_word' id='word_1_51' title='bbox 459 1026 533 1085; x_wconf 85' lang='grc' dir='ltr'>ἔσται</span> <span class='ocrx_word' id='word_1_52' title='bbox 555 1031 604 1102; x_wconf 78' lang='grc' dir='ltr'>τῆς</span> <span class='ocrx_word' id='word_1_53' title='bbox 635 1025 725 1106; x_wconf 79' lang='grc' dir='ltr'>ἀρχῆς</span> <span class='ocrx_word' id='word_1_54' title='bbox 753 1024 852 1100; x_wconf 78' lang='grc' dir='ltr'>ταύτης</span> <span class='ocrx_word' id='word_1_55' title='bbox 873 1023 920 1106; x_wconf 87' lang='grc' dir='ltr'>καί</span> <span class='ocrx_word' id='word_1_56' title='bbox 944 1024 1122 1095; x_wconf 84' lang='grc' dir='ltr'>ἀδιάπτωτος.</span> <span class='ocrx_word' id='word_1_57' title='bbox 1169 1023 1194 1082; x_wconf 88' lang='grc' dir='ltr'>εί</span> <span class='ocrx_word' id='word_1_58' title='bbox 1218 1023 1248 1083; x_wconf 87' lang='grc' dir='ltr'>δὲ</span> <span class='ocrx_word' id='word_1_59' title='bbox 1273 1023 1403 1097; x_wconf 80' lang='grc' dir='ltr'>ἀδόκιμόν</span> <span class='ocrx_word' id='word_1_60' title='bbox 1426 1041 1463 1080; x_wconf 89' lang='grc' dir='ltr'>τε</span> <span class='ocrx_word' id='word_1_61' title='bbox 1488 1019 1538 1078; x_wconf 83' lang='grc' dir='ltr'>καὶ</span> 
     </span>
     <span class='ocr_line' id='line_1_7' title="bbox 226 1143 1538 1228; baseline -0.006 -21"><span class='ocrx_word' id='word_1_62' title='bbox 226 1149 379 1228; x_wconf 74' lang='grc' dir='ltr'>ἀσύμφορον</span> <span class='ocrx_word' id='word_1_63' title='bbox 411 1149 425 1206; x_wconf 86' lang='grc' dir='ltr'>δ</span> <span class='ocrx_word' id='word_1_64' title='bbox 455 1148 554 1228; x_wconf 81' lang='grc' dir='ltr'>χρόνος</span> <span class='ocrx_word' id='word_1_65' title='bbox 585 1147 666 1222; x_wconf 72' lang='grc' dir='ltr'>αύτὴν</span> <span class='ocrx_word' id='word_1_66' title='bbox 697 1143 857 1224; x_wconf 82' lang='grc' dir='ltr'>ἀπελέγξει,</span> <span class='ocrx_word' id='word_1_67' title='bbox 888 1147 927 1217; x_wconf 87' lang='grc' dir='ltr'>ὡς</span> <span class='ocrx_word' id='word_1_68' title='bbox 958 1145 1011 1205; x_wconf 90' lang='grc' dir='ltr'>είτε</span> <span class='ocrx_word' id='word_1_69' title='bbox 1038 1151 1088 1222; x_wconf 86' lang='grc' dir='ltr'>τής</span> <span class='ocrx_word' id='word_1_70' title='bbox 1117 1145 1281 1225; x_wconf 82' lang='grc' dir='ltr'>προστασίας</span> <span class='ocrx_word' id='word_1_71' title='bbox 1310 1150 1365 1204; x_wconf 87' lang='grc' dir='ltr'>τῶν</span> <span class='ocrx_word' id='word_1_72' title='bbox 1398 1143 1538 1222; x_wconf 67' lang='grc' dir='ltr'>ἀδελφῶν</span> 
     </span>
     <span class='ocr_line' id='line_1_8' title="bbox 227 1265 1536 1350; baseline -0.002 -22"><span class='ocrx_word' id='word_1_73' title='bbox 227 1267 342 1344; x_wconf 88' lang='grc' dir='ltr'>ἀμελῶς</span> <span class='ocrx_word' id='word_1_74' title='bbox 358 1290 388 1328; x_wconf 92' lang='grc' dir='ltr'>τε</span> <span class='ocrx_word' id='word_1_75' title='bbox 404 1267 451 1328; x_wconf 86' lang='grc' dir='ltr'>καί</span> <span class='ocrx_word' id='word_1_76' title='bbox 473 1273 712 1347; x_wconf 69' lang='grc' dir='ltr'>καταφρονητικῶς</span> <span class='ocrx_word' id='word_1_77' title='bbox 735 1266 883 1350; x_wconf 84' lang='grc' dir='ltr'>ἐχομένην,</span> <span class='ocrx_word' id='word_1_78' title='bbox 907 1265 961 1326; x_wconf 85' lang='grc' dir='ltr'>εἴτε</span> <span class='ocrx_word' id='word_1_79' title='bbox 977 1269 1033 1339; x_wconf 91' lang='grc' dir='ltr'>τοῖς</span> <span class='ocrx_word' id='word_1_80' title='bbox 1049 1267 1148 1344; x_wconf 77' lang='grc' dir='ltr'>έαυτής</span> <span class='ocrx_word' id='word_1_81' title='bbox 1170 1268 1313 1346; x_wconf 78' lang='grc' dir='ltr'>συγγενέσι</span> <span class='ocrx_word' id='word_1_82' title='bbox 1328 1268 1536 1346; x_wconf 74' lang='grc' dir='ltr'>χαριζομένην,</span> 
     </span>
     <span class='ocr_line' id='line_1_9' title="bbox 227 1387 1534 1469; baseline -0.003 -20"><span class='ocrx_word' id='word_1_83' title='bbox 227 1389 282 1449; x_wconf 82' lang='grc' dir='ltr'>εἴτε</span> <span class='ocrx_word' id='word_1_84' title='bbox 304 1411 329 1449; x_wconf 93' lang='grc' dir='ltr'>τι</span> <span class='ocrx_word' id='word_1_85' title='bbox 351 1394 405 1448; x_wconf 89' lang='grc' dir='ltr'>τῶν</span> <span class='ocrx_word' id='word_1_86' title='bbox 427 1395 476 1464; x_wconf 77' lang='grc' dir='ltr'>τῆς</span> <span class='ocrx_word' id='word_1_87' title='bbox 500 1396 587 1465; x_wconf 85' lang='grc' dir='ltr'>μονῆς</span> <span class='ocrx_word' id='word_1_88' title='bbox 608 1393 626 1463; x_wconf 81' lang='grc' dir='ltr'>ἢ</span> <span class='ocrx_word' id='word_1_89' title='bbox 650 1390 732 1464; x_wconf 79' lang='grc' dir='ltr'>σίντην</span> <span class='ocrx_word' id='word_1_90' title='bbox 755 1390 949 1467; x_wconf 82' lang='grc' dir='ltr'>νοοριζομένην</span> <span class='ocrx_word' id='word_1_91' title='bbox 972 1391 990 1464; x_wconf 80' lang='grc' dir='ltr'>ἢ</span> <span class='ocrx_word' id='word_1_92' title='bbox 1014 1390 1099 1469; x_wconf 83' lang='grc' dir='ltr'>ἑτέρῳ</span> <span class='ocrx_word' id='word_1_93' title='bbox 1114 1387 1164 1448; x_wconf 86' lang='grc' dir='ltr'>τινί</span> <span class='ocrx_word' id='word_1_94' title='bbox 1186 1389 1355 1449; x_wconf 88' lang='grc' dir='ltr'>ύποτιθεῖσαν</span> <span class='ocrx_word' id='word_1_95' title='bbox 1370 1388 1414 1448; x_wconf 88' lang='grc' dir='ltr'>καί</span> <span class='ocrx_word' id='word_1_96' title='bbox 1433 1409 1534 1448; x_wconf 84' lang='grc' dir='ltr'>κατοι-</span> 
     </span>
     <span class='ocr_line' id='line_1_10' title="bbox 226 1505 1535 1592; baseline -0.005 -21"><span class='ocrx_word' id='word_1_97' title='bbox 226 1511 416 1592; x_wconf 82' lang='grc' dir='ltr'>προδιδοῖισαν,</span> <span class='ocrx_word' id='word_1_98' title='bbox 448 1509 502 1570; x_wconf 85' lang='grc' dir='ltr'>εἴτε</span> <span class='ocrx_word' id='word_1_99' title='bbox 524 1531 549 1570; x_wconf 91' lang='grc' dir='ltr'>τι</span> <span class='ocrx_word' id='word_1_100' title='bbox 571 1516 625 1570; x_wconf 90' lang='grc' dir='ltr'>τῶν</span> <span class='ocrx_word' id='word_1_101' title='bbox 655 1515 701 1570; x_wconf 83' lang='grc' dir='ltr'>τού</span> <span class='ocrx_word' id='word_1_102' title='bbox 730 1514 840 1570; x_wconf 81' lang='grc' dir='ltr'>τυπικοθ</span> <span class='ocrx_word' id='word_1_103' title='bbox 872 1509 1064 1589; x_wconf 77' lang='grc' dir='ltr'>διαταγμάτων</span> <span class='ocrx_word' id='word_1_104' title='bbox 1094 1509 1319 1591; x_wconf 90' lang='grc' dir='ltr'>παραθραύουσαν</span> <span class='ocrx_word' id='word_1_105' title='bbox 1327 1509 1352 1592; x_wconf 89' lang='lat'>¹)</span> <span class='ocrx_word' id='word_1_106' title='bbox 1383 1511 1457 1582; x_wconf 81' lang='grc' dir='ltr'>θλως</span> <span class='ocrx_word' id='word_1_107' title='bbox 1483 1505 1535 1567; x_wconf 86' lang='grc' dir='ltr'>καί</span> 
     </span>
     <span class='ocr_line' id='line_1_11' title="bbox 226 1629 1531 1712; baseline -0.003 -20"><span class='ocrx_word' id='word_1_108' title='bbox 226 1636 283 1702; x_wconf 89' lang='grc' dir='ltr'>τοῖς</span> <span class='ocrx_word' id='word_1_109' title='bbox 306 1633 405 1708; x_wconf 80' lang='grc' dir='ltr'>ἑαυτῆς</span> <span class='ocrx_word' id='word_1_110' title='bbox 429 1637 589 1710; x_wconf 85' lang='grc' dir='ltr'>στοιχοῦσαν</span> <span class='ocrx_word' id='word_1_111' title='bbox 619 1631 757 1706; x_wconf 88' lang='grc' dir='ltr'>θελήμασι</span> <span class='ocrx_word' id='word_1_112' title='bbox 779 1629 825 1690; x_wconf 89' lang='grc' dir='ltr'>καί</span> <span class='ocrx_word' id='word_1_113' title='bbox 849 1631 894 1690; x_wconf 88' lang='grc' dir='ltr'>διά</span> <span class='ocrx_word' id='word_1_114' title='bbox 923 1636 1006 1690; x_wconf 74' lang='grc' dir='ltr'>ταῦτα</span> <span class='ocrx_word' id='word_1_115' title='bbox 1027 1633 1094 1712; x_wconf 81' lang='grc' dir='ltr'>πρδς</span> <span class='ocrx_word' id='word_1_116' title='bbox 1125 1633 1284 1711; x_wconf 89' lang='grc' dir='ltr'>κυβέρνησιν</span> <span class='ocrx_word' id='word_1_117' title='bbox 1313 1635 1405 1709; x_wconf 84' lang='grc' dir='ltr'>ψυχῶν</span> <span class='ocrx_word' id='word_1_118' title='bbox 1427 1633 1531 1691; x_wconf 87' lang='grc' dir='ltr'>ἀνεπι-</span> 
     </span>
     <span class='ocr_line' id='line_1_12' title="bbox 227 1752 1532 1835; baseline -0.005 -21"><span class='ocrx_word' id='word_1_119' title='bbox 227 1755 334 1830; x_wconf 83' lang='grc' dir='ltr'>τήδειον</span> <span class='ocrx_word' id='word_1_120' title='bbox 368 1753 570 1835; x_wconf 70' lang='grc' dir='ltr'>ἐλεγχομένην,</span> <span class='ocrx_word' id='word_1_121' title='bbox 602 1752 624 1813; x_wconf 84' lang='grc' dir='ltr'>εἰ</span> <span class='ocrx_word' id='word_1_122' title='bbox 648 1754 699 1829; x_wconf 89' lang='grc' dir='ltr'>μέν</span> <span class='ocrx_word' id='word_1_123' title='bbox 723 1754 808 1824; x_wconf 86' lang='grc' dir='ltr'>ούτως</span> <span class='ocrx_word' id='word_1_124' title='bbox 838 1759 932 1825; x_wconf 89' lang='grc' dir='ltr'>κακῶς</span> <span class='ocrx_word' id='word_1_125' title='bbox 963 1756 1035 1825; x_wconf 81' lang='grc' dir='ltr'>ζῶσα</span> <span class='ocrx_word' id='word_1_126' title='bbox 1059 1755 1157 1830; x_wconf 80' lang='grc' dir='ltr'>ἑαυτῆς</span> <span class='ocrx_word' id='word_1_127' title='bbox 1178 1775 1243 1813; x_wconf 88' lang='grc' dir='ltr'>ποτε</span> <span class='ocrx_word' id='word_1_128' title='bbox 1274 1755 1381 1832; x_wconf 91' lang='grc' dir='ltr'>γένοιτο</span> <span class='ocrx_word' id='word_1_129' title='bbox 1403 1752 1448 1812; x_wconf 86' lang='grc' dir='ltr'>καί</span> <span class='ocrx_word' id='word_1_130' title='bbox 1473 1759 1532 1811; x_wconf 88' lang='grc' dir='ltr'>τῶν</span> 
     </span>
     <span class='ocr_line' id='line_1_13' title="bbox 227 1873 1530 1956; baseline -0.002 -20"><span class='ocrx_word' id='word_1_131' title='bbox 227 1882 321 1936; x_wconf 90' lang='grc' dir='ltr'>κακῶν</span> <span class='ocrx_word' id='word_1_132' title='bbox 345 1873 502 1956; x_wconf 82' lang='grc' dir='ltr'>ἀπόσχοιτο,</span> <span class='ocrx_word' id='word_1_133' title='bbox 524 1881 574 1950; x_wconf 77' lang='grc' dir='ltr'>τῆς</span> <span class='ocrx_word' id='word_1_134' title='bbox 595 1897 625 1934; x_wconf 92' lang='grc' dir='ltr'>τε</span> <span class='ocrx_word' id='word_1_135' title='bbox 644 1877 712 1956; x_wconf 81' lang='grc' dir='ltr'>προς</span> <span class='ocrx_word' id='word_1_136' title='bbox 727 1875 761 1934; x_wconf 90' lang='grc' dir='ltr'>τά</span> <span class='ocrx_word' id='word_1_137' title='bbox 783 1873 897 1956; x_wconf 79' lang='grc' dir='ltr'>κρείττω</span> <span class='ocrx_word' id='word_1_138' title='bbox 913 1873 959 1934; x_wconf 91' lang='grc' dir='ltr'>καὶ</span> <span class='ocrx_word' id='word_1_139' title='bbox 982 1876 1141 1955; x_wconf 87' lang='grc' dir='ltr'>σωτηριῶδη</span> <span class='ocrx_word' id='word_1_140' title='bbox 1164 1875 1297 1956; x_wconf 77' lang='grc' dir='ltr'>φερούσης</span> <span class='ocrx_word' id='word_1_141' title='bbox 1313 1877 1430 1956; x_wconf 79' lang='grc' dir='ltr'>ἅπτοιτο,</span> <span class='ocrx_word' id='word_1_142' title='bbox 1454 1877 1530 1934; x_wconf 88' lang='grc' dir='ltr'>έστω</span> 
     </span>
     <span class='ocr_line' id='line_1_14' title="bbox 227 1977 1528 2076; baseline -0.002 -19"><span class='ocrx_word' id='word_1_143' title='bbox 227 1977 273 2058; x_wconf 83' lang='grc' dir='ltr'>καί</span> <span class='ocrx_word' id='word_1_144' title='bbox 304 1999 525 2076; x_wconf 84' lang='grc' dir='ltr'>ἡγουμενευέτω,</span> <span class='ocrx_word' id='word_1_145' title='bbox 558 1997 581 2057; x_wconf 87' lang='grc' dir='ltr'>εί</span> <span class='ocrx_word' id='word_1_146' title='bbox 611 1997 641 2056; x_wconf 88' lang='grc' dir='ltr'>δέ</span> <span class='ocrx_word' id='word_1_147' title='bbox 670 1997 735 2072; x_wconf 80' lang='grc' dir='ltr'>αὺτή</span> <span class='ocrx_word' id='word_1_148' title='bbox 767 1999 844 2072; x_wconf 89' lang='grc' dir='ltr'>μένοι</span> <span class='ocrx_word' id='word_1_149' title='bbox 872 1997 909 2072; x_wconf 81' lang='grc' dir='ltr'>μὴ</span> <span class='ocrx_word' id='word_1_150' title='bbox 936 2002 990 2056; x_wconf 88' lang='grc' dir='ltr'>τῶν</span> <span class='ocrx_word' id='word_1_151' title='bbox 1020 2002 1114 2056; x_wconf 86' lang='grc' dir='ltr'>κακῶν</span> <span class='ocrx_word' id='word_1_152' title='bbox 1145 1992 1333 2076; x_wconf 82' lang='grc' dir='ltr'>ἀποσχομένη,</span> <span class='ocrx_word' id='word_1_153' title='bbox 1365 1995 1390 2056; x_wconf 88' lang='grc' dir='ltr'>εί</span> <span class='ocrx_word' id='word_1_154' title='bbox 1417 1997 1453 2072; x_wconf 82' lang='grc' dir='ltr'>μὴ·</span> <span class='ocrx_word' id='word_1_155' title='bbox 1478 1996 1528 2056; x_wconf 78' lang='grc' dir='ltr'>καί</span> 
     </span>
     <span class='ocr_line' id='line_1_15' title="bbox 228 2118 1527 2198; baseline -0.002 -20"><span class='ocrx_word' id='word_1_156' title='bbox 228 2119 339 2194; x_wconf 82' lang='grc' dir='ltr'>μᾶλλον</span> <span class='ocrx_word' id='word_1_157' title='bbox 364 2119 454 2191; x_wconf 85' lang='grc' dir='ltr'>αύτοῖς</span> <span class='ocrx_word' id='word_1_158' title='bbox 477 2120 698 2196; x_wconf 88' lang='grc' dir='ltr'>έπεκτεινομένη,</span> <span class='ocrx_word' id='word_1_159' title='bbox 722 2118 829 2194; x_wconf 85' lang='grc' dir='ltr'>ἐκείνην</span> <span class='ocrx_word' id='word_1_160' title='bbox 852 2119 903 2194; x_wconf 85' lang='grc' dir='ltr'>μέν</span> <span class='ocrx_word' id='word_1_161' title='bbox 918 2121 966 2192; x_wconf 82' lang='grc' dir='ltr'>τὴν</span> <span class='ocrx_word' id='word_1_162' title='bbox 983 2119 1113 2192; x_wconf 84' lang='grc' dir='ltr'>ἀδόκιμον</span> <span class='ocrx_word' id='word_1_163' title='bbox 1135 2119 1326 2193; x_wconf 84' lang='grc' dir='ltr'>μετατίθεσθαι</span> <span class='ocrx_word' id='word_1_164' title='bbox 1340 2124 1390 2194; x_wconf 80' lang='grc' dir='ltr'>τής</span> <span class='ocrx_word' id='word_1_165' title='bbox 1405 2139 1527 2198; x_wconf 82' lang='grc' dir='ltr'>προστα-</span> 
     </span>
     <span class='ocr_line' id='line_1_16' title="bbox 228 2239 1527 2322; baseline -0.005 -22"><span class='ocrx_word' id='word_1_166' title='bbox 228 2240 289 2313; x_wconf 87' lang='grc' dir='ltr'>σίας</span> <span class='ocrx_word' id='word_1_167' title='bbox 311 2242 386 2316; x_wconf 90' lang='grc' dir='ltr'>ύμῶν</span> <span class='ocrx_word' id='word_1_168' title='bbox 407 2241 481 2322; x_wconf 90' lang='grc' dir='ltr'>παρά</span> <span class='ocrx_word' id='word_1_169' title='bbox 503 2247 553 2317; x_wconf 81' lang='grc' dir='ltr'>τῆς</span> <span class='ocrx_word' id='word_1_170' title='bbox 567 2247 617 2316; x_wconf 83' lang='grc' dir='ltr'>τῆς</span> <span class='ocrx_word' id='word_1_171' title='bbox 640 2247 726 2316; x_wconf 82' lang='grc' dir='ltr'>μονῆς</span> <span class='ocrx_word' id='word_1_172' title='bbox 750 2239 1025 2316; x_wconf 83' lang='grc' dir='ltr'>ἀντιλαμβανομένης</span> <span class='ocrx_word' id='word_1_173' title='bbox 1048 2240 1230 2322; x_wconf 80' lang='grc' dir='ltr'>διοριζέμεθα,</span> <span class='ocrx_word' id='word_1_174' title='bbox 1256 2240 1378 2318; x_wconf 85' lang='grc' dir='ltr'>ἐκλογὴν</span> <span class='ocrx_word' id='word_1_175' title='bbox 1395 2241 1426 2300; x_wconf 85' lang='grc' dir='ltr'>δέ</span> <span class='ocrx_word' id='word_1_176' title='bbox 1441 2241 1527 2300; x_wconf 83' lang='grc' dir='ltr'>πάλιν</span> 
     </span>
     <span class='ocr_line' id='line_1_17' title="bbox 227 2361 1525 2442; baseline -0.002 -20"><span class='ocrx_word' id='word_1_177' title='bbox 227 2361 274 2422; x_wconf 91' lang='grc' dir='ltr'>καὶ</span> <span class='ocrx_word' id='word_1_178' title='bbox 302 2367 390 2442; x_wconf 85' lang='grc' dir='ltr'>ψῆρον</span> <span class='ocrx_word' id='word_1_179' title='bbox 418 2364 512 2442; x_wconf 82' lang='grc' dir='ltr'>ἑτέραν</span> <span class='ocrx_word' id='word_1_180' title='bbox 540 2363 661 2442; x_wconf 88' lang='grc' dir='ltr'>γίνεσθαι</span> <span class='ocrx_word' id='word_1_181' title='bbox 684 2361 730 2422; x_wconf 89' lang='grc' dir='ltr'>καί</span> <span class='ocrx_word' id='word_1_182' title='bbox 753 2362 919 2442; x_wconf 89' lang='grc' dir='ltr'>προχείρισιν</span> <span class='ocrx_word' id='word_1_183' title='bbox 948 2363 1044 2442; x_wconf 89' lang='grc' dir='ltr'>ἑτέρας</span> <span class='ocrx_word' id='word_1_184' title='bbox 1070 2364 1226 2440; x_wconf 80' lang='grc' dir='ltr'>ἡγουμένης</span> <span class='ocrx_word' id='word_1_185' title='bbox 1248 2363 1319 2422; x_wconf 81' lang='grc' dir='ltr'>κατὰ</span> <span class='ocrx_word' id='word_1_186' title='bbox 1341 2363 1376 2421; x_wconf 88' lang='grc' dir='ltr'>τά</span> <span class='ocrx_word' id='word_1_187' title='bbox 1398 2364 1525 2440; x_wconf 84' lang='grc' dir='ltr'>ἀνωτέρω</span> 
     </span>
     <span class='ocr_line' id='line_1_18' title="bbox 229 2482 1525 2564; baseline 0 -22"><span class='ocrx_word' id='word_1_188' title='bbox 229 2485 437 2564; x_wconf 87' lang='grc' dir='ltr'>διατεταγμένα.</span> <span class='ocrx_word' id='word_1_189' title='bbox 467 2485 485 2558; x_wconf 90' lang='grc' dir='ltr'>ή</span> <span class='ocrx_word' id='word_1_190' title='bbox 509 2483 540 2542; x_wconf 91' lang='grc' dir='ltr'>δέ</span> <span class='ocrx_word' id='word_1_191' title='bbox 563 2484 753 2560; x_wconf 87' lang='grc' dir='ltr'>ἀποβληθεῖσα</span> <span class='ocrx_word' id='word_1_192' title='bbox 774 2491 824 2560; x_wconf 81' lang='grc' dir='ltr'>τῆς</span> <span class='ocrx_word' id='word_1_193' title='bbox 846 2485 1038 2564; x_wconf 90' lang='grc' dir='ltr'>ήγσυμενείας,</span> <span class='ocrx_word' id='word_1_194' title='bbox 1063 2482 1085 2544; x_wconf 85' lang='grc' dir='ltr'>εί</span> <span class='ocrx_word' id='word_1_195' title='bbox 1109 2486 1160 2559; x_wconf 88' lang='grc' dir='ltr'>μέν</span> <span class='ocrx_word' id='word_1_196' title='bbox 1184 2483 1228 2544; x_wconf 86' lang='grc' dir='ltr'>διὰ</span> <span class='ocrx_word' id='word_1_197' title='bbox 1250 2491 1340 2564; x_wconf 83' lang='grc' dir='ltr'>γῆρας</span> <span class='ocrx_word' id='word_1_198' title='bbox 1362 2485 1441 2560; x_wconf 89' lang='grc' dir='ltr'>ήκαί</span> <span class='ocrx_word' id='word_1_199' title='bbox 1456 2485 1525 2562; x_wconf 82' lang='grc' dir='ltr'>ἀρέ-</span> 
     </span>
     <span class='ocr_line' id='line_1_19' title="bbox 227 2603 1524 2685; baseline -0.002 -21"><span class='ocrx_word' id='word_1_200' title='bbox 227 2606 308 2665; x_wconf 90' lang='grc' dir='ltr'>λειαν</span> <span class='ocrx_word' id='word_1_201' title='bbox 337 2607 437 2680; x_wconf 77' lang='grc' dir='ltr'>πυρίτης</span> <span class='ocrx_word' id='word_1_202' title='bbox 468 2603 659 2681; x_wconf 86' lang='grc' dir='ltr'>μετακινηθείη</span> <span class='ocrx_word' id='word_1_203' title='bbox 682 2604 729 2665; x_wconf 89' lang='grc' dir='ltr'>καὶ</span> <span class='ocrx_word' id='word_1_204' title='bbox 760 2605 886 2678; x_wconf 86' lang='grc' dir='ltr'>βούλοιτο</span> <span class='ocrx_word' id='word_1_205' title='bbox 918 2605 993 2678; x_wconf 88' lang='grc' dir='ltr'>αύθις</span> <span class='ocrx_word' id='word_1_206' title='bbox 1021 2607 1156 2682; x_wconf 78' lang='grc' dir='ltr'>καθῆσθαι</span> <span class='ocrx_word' id='word_1_207' title='bbox 1179 2605 1226 2666; x_wconf 82' lang='grc' dir='ltr'>καὶ</span> <span class='ocrx_word' id='word_1_208' title='bbox 1255 2607 1422 2685; x_wconf 89' lang='grc' dir='ltr'>προσμένεινΙ</span> <span class='ocrx_word' id='word_1_209' title='bbox 1441 2607 1524 2685; x_wconf 78' lang='grc' dir='ltr'>ἐνιῄ</span> 
     </span>
     <span class='ocr_line' id='line_1_20' title="bbox 230 2717 1524 2810; baseline -0.002 -24"><span class='ocrx_word' id='word_1_210' title='bbox 230 2733 301 2808; x_wconf 82' lang='grc' dir='ltr'>μονῇ</span> <span class='ocrx_word' id='word_1_211' title='bbox 325 2727 363 2798; x_wconf 90' lang='grc' dir='ltr'>ῶς</span> <span class='ocrx_word' id='word_1_212' title='bbox 386 2727 436 2802; x_wconf 90' lang='grc' dir='ltr'>μία</span> <span class='ocrx_word' id='word_1_213' title='bbox 457 2733 511 2786; x_wconf 89' lang='grc' dir='ltr'>τῶν</span> <span class='ocrx_word' id='word_1_214' title='bbox 535 2725 663 2805; x_wconf 87' lang='grc' dir='ltr'>ἀδελρῶν</span> <span class='ocrx_word' id='word_1_215' title='bbox 686 2724 733 2786; x_wconf 90' lang='grc' dir='ltr'>καὶ</span> <span class='ocrx_word' id='word_1_216' title='bbox 755 2717 969 2810; x_wconf 76' lang='grc' dir='ltr'>τῄπροεστῶσῃ</span> <span class='ocrx_word' id='word_1_217' title='bbox 994 2728 1034 2806; x_wconf 84' lang='grc' dir='ltr'>ἐρ’</span> <span class='ocrx_word' id='word_1_218' title='bbox 1048 2729 1146 2787; x_wconf 84' lang='grc' dir='ltr'>ἅπασιν</span> <span class='ocrx_word' id='word_1_219' title='bbox 1169 2729 1376 2808; x_wconf 68' lang='grc' dir='ltr'>ὑποτάσσεσθαι,</span> <span class='ocrx_word' id='word_1_220' title='bbox 1400 2729 1439 2803; x_wconf 81' lang='grc' dir='ltr'>μὴ</span> <span class='ocrx_word' id='word_1_221' title='bbox 1454 2727 1524 2786; x_wconf 80' lang='grc' dir='ltr'>κατά</span> 
     </span>
     <span class='ocr_line' id='line_1_21' title="bbox 228 2845 1523 2931; baseline -0.002 -23"><span class='ocrx_word' id='word_1_222' title='bbox 228 2869 253 2908; x_wconf 90' lang='grc' dir='ltr'>τι</span> <span class='ocrx_word' id='word_1_223' title='bbox 277 2848 467 2926; x_wconf 86' lang='grc' dir='ltr'>λυμαινομένη</span> <span class='ocrx_word' id='word_1_224' title='bbox 489 2855 523 2931; x_wconf 83' lang='grc' dir='ltr'>τῇ</span> <span class='ocrx_word' id='word_1_225' title='bbox 546 2854 595 2924; x_wconf 83' lang='grc' dir='ltr'>τῆς</span> <span class='ocrx_word' id='word_1_226' title='bbox 619 2853 704 2923; x_wconf 75' lang='grc' dir='ltr'>μονῆς</span> <span class='ocrx_word' id='word_1_227' title='bbox 728 2845 837 2931; x_wconf 70' lang='grc' dir='ltr'>εὐταξίᾳ</span> <span class='ocrx_word' id='word_1_228' title='bbox 860 2849 932 2924; x_wconf 85' lang='grc' dir='ltr'>μηδὲ</span> <span class='ocrx_word' id='word_1_229' title='bbox 955 2851 1122 2928; x_wconf 81' lang='grc' dir='ltr'>ταράττουσα</span> <span class='ocrx_word' id='word_1_230' title='bbox 1142 2851 1372 2930; x_wconf 85' lang='grc' dir='ltr'>ήταραττομένη,</span> <span class='ocrx_word' id='word_1_231' title='bbox 1396 2849 1464 2908; x_wconf 82' lang='grc' dir='ltr'>έστω</span> <span class='ocrx_word' id='word_1_232' title='bbox 1478 2845 1523 2906; x_wconf 78' lang='grc' dir='ltr'>καὶ</span> 
     </span>
     <span class='ocr_line' id='line_1_22' title="bbox 228 2970 1522 3053; baseline -0.002 -22"><span class='ocrx_word' id='word_1_233' title='bbox 228 2972 312 3042; x_wconf 90' lang='grc' dir='ltr'>ούτως</span> <span class='ocrx_word' id='word_1_234' title='bbox 336 2971 365 3031; x_wconf 85' lang='grc' dir='ltr'>ἐν</span> <span class='ocrx_word' id='word_1_235' title='bbox 389 2973 469 3053; x_wconf 80' lang='grc' dir='ltr'>αύτῄ·</span> <span class='ocrx_word' id='word_1_236' title='bbox 493 2974 511 3048; x_wconf 92' lang='grc' dir='ltr'>ή</span> <span class='ocrx_word' id='word_1_237' title='bbox 537 2970 568 3030; x_wconf 86' lang='grc' dir='ltr'>δέ</span> <span class='ocrx_word' id='word_1_238' title='bbox 584 2973 622 3043; x_wconf 88' lang='grc' dir='ltr'>ὡς</span> <span class='ocrx_word' id='word_1_239' title='bbox 642 2971 710 3051; x_wconf 81' lang='grc' dir='ltr'>πρδς</span> <span class='ocrx_word' id='word_1_240' title='bbox 731 2970 822 3046; x_wconf 81' lang='grc' dir='ltr'>λύμην</span> <span class='ocrx_word' id='word_1_241' title='bbox 844 2978 894 3047; x_wconf 79' lang='grc' dir='ltr'>τῆς</span> <span class='ocrx_word' id='word_1_242' title='bbox 914 2977 962 3044; x_wconf 81' lang='grc' dir='ltr'>τῆς</span> <span class='ocrx_word' id='word_1_243' title='bbox 986 2976 1072 3048; x_wconf 81' lang='grc' dir='ltr'>μονῆς</span> <span class='ocrx_word' id='word_1_244' title='bbox 1095 2975 1247 3043; x_wconf 80' lang='grc' dir='ltr'>συστάσεως</span> <span class='ocrx_word' id='word_1_245' title='bbox 1269 2973 1415 3050; x_wconf 89' lang='grc' dir='ltr'>γεγονέναι</span> <span class='ocrx_word' id='word_1_246' title='bbox 1437 2991 1522 3030; x_wconf 87' lang='grc' dir='ltr'>κατα-</span> 
     </span>
     <span class='ocr_line' id='line_1_23' title="bbox 227 3091 1522 3174; baseline -0.003 -22"><span class='ocrx_word' id='word_1_247' title='bbox 227 3095 340 3172; x_wconf 82' lang='grc' dir='ltr'>ρανεῖσα</span> <span class='ocrx_word' id='word_1_248' title='bbox 363 3091 481 3169; x_wconf 81' lang='grc' dir='ltr'>καὶτῆς</span> <span class='ocrx_word' id='word_1_249' title='bbox 504 3091 610 3166; x_wconf 81' lang='grc' dir='ltr'>τάξεως</span> <span class='ocrx_word' id='word_1_250' title='bbox 639 3093 738 3170; x_wconf 82' lang='grc' dir='ltr'>ταύτης</span> <span class='ocrx_word' id='word_1_251' title='bbox 761 3091 807 3152; x_wconf 87' lang='grc' dir='ltr'>καί</span> <span class='ocrx_word' id='word_1_252' title='bbox 830 3095 1023 3164; x_wconf 89' lang='grc' dir='ltr'>καταστάσεως</span> <span class='ocrx_word' id='word_1_253' title='bbox 1045 3091 1093 3153; x_wconf 85' lang='grc' dir='ltr'>καί</span> <span class='ocrx_word' id='word_1_254' title='bbox 1114 3095 1181 3174; x_wconf 79' lang='grc' dir='ltr'>προς</span> <span class='ocrx_word' id='word_1_255' title='bbox 1212 3095 1337 3168; x_wconf 83' lang='grc' dir='ltr'>ἀθέτησιν</span> <span class='ocrx_word' id='word_1_256' title='bbox 1360 3098 1414 3152; x_wconf 90' lang='grc' dir='ltr'>τῶν</span> <span class='ocrx_word' id='word_1_257' title='bbox 1438 3093 1465 3152; x_wconf 88' lang='grc' dir='ltr'>ἐν</span> <span class='ocrx_word' id='word_1_258' title='bbox 1486 3091 1522 3168; x_wconf 78' lang='grc' dir='ltr'>τῷ</span> 
     </span>
     <span class='ocr_line' id='line_1_24' title="bbox 227 3213 1521 3296; baseline -0.001 -23"><span class='ocrx_word' id='word_1_259' title='bbox 227 3217 338 3294; x_wconf 84' lang='grc' dir='ltr'>παρέντι</span> <span class='ocrx_word' id='word_1_260' title='bbox 360 3214 463 3294; x_wconf 85' lang='grc' dir='ltr'>τυπικῴ</span> <span class='ocrx_word' id='word_1_261' title='bbox 484 3219 534 3291; x_wconf 80' lang='grc' dir='ltr'>τῆς</span> <span class='ocrx_word' id='word_1_262' title='bbox 557 3215 701 3289; x_wconf 83' lang='grc' dir='ltr'>βασιλείας</span> <span class='ocrx_word' id='word_1_263' title='bbox 724 3235 776 3290; x_wconf 90' lang='grc' dir='ltr'>μου</span> <span class='ocrx_word' id='word_1_264' title='bbox 800 3213 1030 3296; x_wconf 88' lang='grc' dir='ltr'>διατεταγμένων,</span> <span class='ocrx_word' id='word_1_265' title='bbox 1055 3215 1228 3276; x_wconf 88' lang='grc' dir='ltr'>ἐκδιωκέοθω</span> <span class='ocrx_word' id='word_1_266' title='bbox 1250 3213 1405 3294; x_wconf 85' lang='grc' dir='ltr'>παντελῶς,</span> <span class='ocrx_word' id='word_1_267' title='bbox 1429 3213 1521 3288; x_wconf 77' lang='grc' dir='ltr'>ἵναμὴ</span> 
     </span>
     <span class='ocr_line' id='line_1_25' title="bbox 227 3335 906 3416; baseline 0.004 -22"><span class='ocrx_word' id='word_1_268' title='bbox 227 3337 384 3397; x_wconf 91' lang='grc' dir='ltr'>σκανδάλου</span> <span class='ocrx_word' id='word_1_269' title='bbox 407 3335 479 3396; x_wconf 88' lang='grc' dir='ltr'>οιίτία</span> <span class='ocrx_word' id='word_1_270' title='bbox 501 3335 548 3396; x_wconf 87' lang='grc' dir='ltr'>καί</span> <span class='ocrx_word' id='word_1_271' title='bbox 570 3339 628 3408; x_wconf 91' lang='grc' dir='ltr'>ταῖς</span> <span class='ocrx_word' id='word_1_272' title='bbox 651 3337 762 3408; x_wconf 84' lang='grc' dir='ltr'>λοιπαῖς</span> <span class='ocrx_word' id='word_1_273' title='bbox 784 3339 906 3416; x_wconf 88' lang='grc' dir='ltr'>γένηται.</span> 
     </span>
    </p>

    <p class='ocr_par' dir='ltr' id='par_1_3' title="bbox 229 3453 1604 3905">
     <span class='ocr_line' id='line_1_26' title="bbox 332 3453 1524 3540; baseline 0 -24"><span class='ocrx_word' id='word_1_274' title='bbox 332 3458 410 3536; x_wconf 53' lang='grc' dir='ltr'>Κεφ,</span> <span class='ocrx_word' id='word_1_275' title='bbox 435 3455 483 3520; x_wconf 90' lang='grc' dir='ltr'>ιδ’.</span> <span class='ocrx_word' id='word_1_276' title='bbox 508 3457 588 3538; x_wconf 86' lang='grc' dir='ltr'>Περὶ</span> <span class='ocrx_word' id='word_1_277' title='bbox 610 3461 665 3518; x_wconf 80' lang='grc' dir='ltr'>τοῦ</span> <span class='ocrx_word' id='word_1_278' title='bbox 688 3456 867 3533; x_wconf 74' lang='grc' dir='ltr'>οίκονάμσν</span> <span class='ocrx_word' id='word_1_279' title='bbox 890 3457 959 3518; x_wconf 84' lang='grc' dir='ltr'>δεῖν</span> <span class='ocrx_word' id='word_1_280' title='bbox 976 3453 1060 3517; x_wconf 85' lang='grc' dir='ltr'>εῖναι</span> <span class='ocrx_word' id='word_1_281' title='bbox 1078 3459 1110 3518; x_wconf 90' lang='grc' dir='ltr'>ἐν</span> <span class='ocrx_word' id='word_1_282' title='bbox 1125 3465 1163 3540; x_wconf 85' lang='grc' dir='ltr'>τῇ</span> <span class='ocrx_word' id='word_1_283' title='bbox 1188 3465 1270 3540; x_wconf 81' lang='grc' dir='ltr'>μονῇ</span> <span class='ocrx_word' id='word_1_284' title='bbox 1294 3461 1453 3537; x_wconf 85' lang='grc' dir='ltr'>εὐνοῖιχον</span> <span class='ocrx_word' id='word_1_285' title='bbox 1469 3457 1524 3516; x_wconf 84' lang='grc' dir='ltr'>καί</span> 
     </span>
     <span class='ocr_line' id='line_1_27' title="bbox 229 3574 1522 3662; baseline 0.002 -25"><span class='ocrx_word' id='word_1_286' title='bbox 229 3583 349 3653; x_wconf 74' lang='grc' dir='ltr'>σεμνοῦ</span> <span class='ocrx_word' id='word_1_287' title='bbox 373 3578 453 3650; x_wconf 86' lang='grc' dir='ltr'>βίου.</span> <span class='ocrx_word' id='word_1_288' title='bbox 499 3577 555 3636; x_wconf 83' lang='grc' dir='ltr'>Καὶ</span> <span class='ocrx_word' id='word_1_289' title='bbox 586 3576 729 3654; x_wconf 81' lang='grc' dir='ltr'>οἰκονόμον</span> <span class='ocrx_word' id='word_1_290' title='bbox 753 3577 784 3637; x_wconf 89' lang='grc' dir='ltr'>δέ</span> <span class='ocrx_word' id='word_1_291' title='bbox 815 3579 958 3660; x_wconf 82' lang='grc' dir='ltr'>διορίζεται</span> <span class='ocrx_word' id='word_1_292' title='bbox 981 3581 998 3654; x_wconf 81' lang='grc' dir='ltr'>ἡ</span> <span class='ocrx_word' id='word_1_293' title='bbox 1023 3580 1150 3655; x_wconf 89' lang='grc' dir='ltr'>βασιλεία</span> <span class='ocrx_word' id='word_1_294' title='bbox 1173 3601 1225 3655; x_wconf 92' lang='grc' dir='ltr'>μου</span> <span class='ocrx_word' id='word_1_295' title='bbox 1256 3574 1324 3640; x_wconf 81' lang='grc' dir='ltr'>εἶναι</span> <span class='ocrx_word' id='word_1_296' title='bbox 1349 3579 1377 3639; x_wconf 85' lang='grc' dir='ltr'>ἐν</span> <span class='ocrx_word' id='word_1_297' title='bbox 1400 3589 1433 3662; x_wconf 77' lang='grc' dir='ltr'>τῇ</span> <span class='ocrx_word' id='word_1_298' title='bbox 1457 3587 1522 3660; x_wconf 67' lang='grc' dir='ltr'>μονήΙ</span> 
     </span>
     <span class='ocr_line' id='line_1_28' title="bbox 229 3700 1522 3782; baseline 0.002 -24"><span class='ocrx_word' id='word_1_299' title='bbox 229 3701 380 3760; x_wconf 86' lang='grc' dir='ltr'>διοικοῦντα</span> <span class='ocrx_word' id='word_1_300' title='bbox 402 3701 436 3760; x_wconf 87' lang='grc' dir='ltr'>τά</span> <span class='ocrx_word' id='word_1_301' title='bbox 464 3700 548 3782; x_wconf 79' lang='grc' dir='ltr'>ταύτῃ</span> <span class='ocrx_word' id='word_1_302' title='bbox 579 3700 715 3775; x_wconf 73' lang='grc' dir='ltr'>ἀνήκοντα</span> <span class='ocrx_word' id='word_1_303' title='bbox 745 3701 806 3761; x_wconf 86' lang='grc' dir='ltr'>κατ’</span> <span class='ocrx_word' id='word_1_304' title='bbox 819 3701 962 3782; x_wconf 82' lang='grc' dir='ltr'>ἐπιτροπὴν</span> <span class='ocrx_word' id='word_1_305' title='bbox 985 3707 1035 3777; x_wconf 76' lang='grc' dir='ltr'>τῆς</span> <span class='ocrx_word' id='word_1_306' title='bbox 1064 3703 1221 3780; x_wconf 81' lang='grc' dir='ltr'>ἡγουμένης</span> <span class='ocrx_word' id='word_1_307' title='bbox 1244 3700 1290 3762; x_wconf 69' lang='grc' dir='ltr'>καίΙ</span> <span class='ocrx_word' id='word_1_308' title='bbox 1311 3703 1345 3761; x_wconf 76' lang='grc' dir='ltr'>τά</span> <span class='ocrx_word' id='word_1_309' title='bbox 1369 3703 1399 3761; x_wconf 86' lang='grc' dir='ltr'>ἐν</span> <span class='ocrx_word' id='word_1_310' title='bbox 1426 3703 1522 3772; x_wconf 83' lang='grc' dir='ltr'>τούτοις</span> 
     </span>
     <span class='ocr_line' id='line_1_29' title="bbox 229 3820 1604 3905; baseline 0.001 -25"><span class='ocrx_word' id='word_1_311' title='bbox 229 3820 457 3896; x_wconf 77' lang='grc' dir='ltr'>οἰκονομούμενοι</span> <span class='ocrx_word' id='word_1_312' title='bbox 480 3821 551 3882; x_wconf 86' lang='grc' dir='ltr'>κατὰ</span> <span class='ocrx_word' id='word_1_313' title='bbox 573 3821 622 3896; x_wconf 81' lang='grc' dir='ltr'>τήν</span> <span class='ocrx_word' id='word_1_314' title='bbox 646 3821 752 3897; x_wconf 90' lang='grc' dir='ltr'>ἐκείνης</span> <span class='ocrx_word' id='word_1_315' title='bbox 776 3822 915 3898; x_wconf 90' lang='grc' dir='ltr'>βούλησιν.</span> <span class='ocrx_word' id='word_1_316' title='bbox 961 3822 1007 3883; x_wconf 87' lang='grc' dir='ltr'>καί</span> <span class='ocrx_word' id='word_1_317' title='bbox 1029 3828 1074 3883; x_wconf 79' lang='grc' dir='ltr'>νῦν</span> <span class='ocrx_word' id='word_1_318' title='bbox 1097 3825 1148 3898; x_wconf 90' lang='grc' dir='ltr'>μέν</span> <span class='ocrx_word' id='word_1_319' title='bbox 1173 3824 1243 3883; x_wconf 88' lang='grc' dir='ltr'>ἐστιν</span> <span class='ocrx_word' id='word_1_320' title='bbox 1266 3825 1280 3882; x_wconf 80' lang='grc' dir='ltr'>ὁ</span> <span class='ocrx_word' id='word_1_321' title='bbox 1303 3824 1351 3903; x_wconf 83' lang='grc' dir='ltr'>ὥν,</span> <span class='ocrx_word' id='word_1_322' title='bbox 1383 3824 1459 3905; x_wconf 83' lang='grc' dir='ltr'>παρὰ</span> <span class='ocrx_word' id='word_1_323' title='bbox 1480 3829 1524 3900; x_wconf 74' lang='grc' dir='ltr'>τῆς</span> <span class='ocrx_word' id='word_1_324' title='bbox 1603 3827 1604 3854; x_wconf 67' lang='lat'><em>³</em></span> 
     </span>
    </p>
   </div>
   <div class='ocr_carea' id='block_1_3' title="bbox 230 3941 1522 4027">
    <p class='ocr_par' dir='ltr' id='par_1_4' title="bbox 230 3941 1522 4027">
     <span class='ocr_line' id='line_1_30' title="bbox 230 3941 1522 4027; baseline 0 -23"><span class='ocrx_word' id='word_1_325' title='bbox 230 3941 375 4018; x_wconf 85' lang='grc' dir='ltr'>βασιλείας</span> <span class='ocrx_word' id='word_1_326' title='bbox 398 3964 450 4019; x_wconf 83' lang='grc' dir='ltr'>μου</span> <span class='ocrx_word' id='word_1_327' title='bbox 472 3947 606 4023; x_wconf 88' lang='grc' dir='ltr'>γεγσνῶς,</span> <span class='ocrx_word' id='word_1_328' title='bbox 629 3945 681 4002; x_wconf 83' lang='grc' dir='ltr'>κάν</span> <span class='ocrx_word' id='word_1_329' title='bbox 704 3943 796 4024; x_wconf 87' lang='grc' dir='ltr'>ἑτέρου</span> <span class='ocrx_word' id='word_1_330' title='bbox 819 3944 913 4027; x_wconf 76' lang='grc' dir='ltr'>δεήσῃ,</span> <span class='ocrx_word' id='word_1_331' title='bbox 942 3945 1016 4026; x_wconf 78' lang='grc' dir='ltr'>παρὰ</span> <span class='ocrx_word' id='word_1_332' title='bbox 1038 3952 1087 4022; x_wconf 71' lang='grc' dir='ltr'>τῆς</span> <span class='ocrx_word' id='word_1_333' title='bbox 1111 3944 1255 4021; x_wconf 87' lang='grc' dir='ltr'>βασιλείας</span> <span class='ocrx_word' id='word_1_334' title='bbox 1277 3966 1329 4021; x_wconf 92' lang='grc' dir='ltr'>μου</span> <span class='ocrx_word' id='word_1_335' title='bbox 1353 3947 1446 4024; x_wconf 80' lang='grc' dir='ltr'>ἕτερος</span> <span class='ocrx_word' id='word_1_336' title='bbox 1469 3945 1522 4004; x_wconf 89' lang='grc' dir='ltr'>είσ-</span> 
     </span>
    </p>
   </div>
   <div class='ocr_carea' id='block_1_4' title="bbox 230 4063 1523 4148">
    <p class='ocr_par' dir='ltr' id='par_1_5' title="bbox 230 4063 1523 4148">
     <span class='ocr_line' id='line_1_31' title="bbox 230 4063 1523 4148; baseline 0.003 -26"><span class='ocrx_word' id='word_1_337' title='bbox 230 4066 389 4143; x_wconf 88' lang='grc' dir='ltr'>αχθήσεται.</span> <span class='ocrx_word' id='word_1_338' title='bbox 420 4065 487 4125; x_wconf 85' lang='grc' dir='ltr'>ἐπάν</span> <span class='ocrx_word' id='word_1_339' title='bbox 511 4063 542 4124; x_wconf 83' lang='grc' dir='ltr'>δὲ</span> <span class='ocrx_word' id='word_1_340' title='bbox 564 4071 618 4124; x_wconf 89' lang='grc' dir='ltr'>τῶν</span> <span class='ocrx_word' id='word_1_341' title='bbox 641 4065 707 4148; x_wconf 73' lang='grc' dir='ltr'>τῇδε</span> <span class='ocrx_word' id='word_1_342' title='bbox 731 4071 865 4140; x_wconf 87' lang='grc' dir='ltr'>μεταστῶ,</span> <span class='ocrx_word' id='word_1_343' title='bbox 889 4067 964 4148; x_wconf 83' lang='grc' dir='ltr'>παρὰ</span> <span class='ocrx_word' id='word_1_344' title='bbox 986 4072 1035 4142; x_wconf 81' lang='grc' dir='ltr'>τῆς</span> <span class='ocrx_word' id='word_1_345' title='bbox 1057 4069 1214 4146; x_wconf 79' lang='grc' dir='ltr'>ἡγουμένης</span> <span class='ocrx_word' id='word_1_346' title='bbox 1237 4069 1394 4146; x_wconf 83' lang='grc' dir='ltr'>γενήσεται,</span> <span class='ocrx_word' id='word_1_347' title='bbox 1418 4067 1473 4126; x_wconf 82' lang='grc' dir='ltr'>εἴτε</span> <span class='ocrx_word' id='word_1_348' title='bbox 1496 4067 1523 4126; x_wconf 87' lang='grc' dir='ltr'>ἐκ</span> 
     </span>
    </p>
   </div>
   <div class='ocr_carea' id='block_1_5' title="bbox 230 4186 1523 4512">
    <p class='ocr_par' dir='ltr' id='par_1_6' title="bbox 230 4186 1523 4512">
     <span class='ocr_line' id='line_1_32' title="bbox 230 4186 1523 4269; baseline 0.001 -24"><span class='ocrx_word' id='word_1_349' title='bbox 230 4192 283 4246; x_wconf 90' lang='grc' dir='ltr'>τῶν</span> <span class='ocrx_word' id='word_1_350' title='bbox 313 4186 521 4267; x_wconf 81' lang='grc' dir='ltr'>ἱερουργούντων</span> <span class='ocrx_word' id='word_1_351' title='bbox 545 4187 573 4246; x_wconf 88' lang='grc' dir='ltr'>ἐν</span> <span class='ocrx_word' id='word_1_352' title='bbox 595 4190 629 4269; x_wconf 73' lang='grc' dir='ltr'>τῇ</span> <span class='ocrx_word' id='word_1_353' title='bbox 653 4194 733 4268; x_wconf 81' lang='grc' dir='ltr'>μονῇ,</span> <span class='ocrx_word' id='word_1_354' title='bbox 765 4187 852 4259; x_wconf 83' lang='grc' dir='ltr'>εἴτις</span> <span class='ocrx_word' id='word_1_355' title='bbox 874 4190 973 4248; x_wconf 82' lang='grc' dir='ltr'>τούτων</span> <span class='ocrx_word' id='word_1_356' title='bbox 1002 4188 1117 4269; x_wconf 81' lang='grc' dir='ltr'>ἐνεργὴς</span> <span class='ocrx_word' id='word_1_357' title='bbox 1141 4189 1216 4248; x_wconf 86' lang='grc' dir='ltr'>ἔσται</span> <span class='ocrx_word' id='word_1_358' title='bbox 1238 4187 1284 4248; x_wconf 86' lang='grc' dir='ltr'>καὶ</span> <span class='ocrx_word' id='word_1_359' title='bbox 1306 4193 1353 4248; x_wconf 77' lang='grc' dir='ltr'>τοῦ</span> <span class='ocrx_word' id='word_1_360' title='bbox 1376 4187 1523 4264; x_wconf 84' lang='grc' dir='ltr'>οἰκονομεῖν</span> 
     </span>
     <span class='ocr_line' id='line_1_33' title="bbox 231 4306 1522 4391; baseline 0.003 -25"><span class='ocrx_word' id='word_1_361' title='bbox 231 4306 307 4380; x_wconf 85' lang='grc' dir='ltr'>άξιος</span> <span class='ocrx_word' id='word_1_362' title='bbox 330 4306 467 4386; x_wconf 84' lang='grc' dir='ltr'>δηλονότι,</span> <span class='ocrx_word' id='word_1_363' title='bbox 496 4308 551 4369; x_wconf 85' lang='grc' dir='ltr'>εἴτε</span> <span class='ocrx_word' id='word_1_364' title='bbox 573 4308 620 4369; x_wconf 86' lang='grc' dir='ltr'>καί</span> <span class='ocrx_word' id='word_1_365' title='bbox 644 4307 745 4383; x_wconf 86' lang='grc' dir='ltr'>έξωθεν</span> <span class='ocrx_word' id='word_1_366' title='bbox 769 4311 986 4386; x_wconf 81' lang='grc' dir='ltr'>δοκιμαζόμενος</span> <span class='ocrx_word' id='word_1_367' title='bbox 1008 4309 1055 4370; x_wconf 82' lang='grc' dir='ltr'>καί</span> <span class='ocrx_word' id='word_1_368' title='bbox 1083 4312 1334 4391; x_wconf 85' lang='grc' dir='ltr'>προχειριζόμενος,</span> <span class='ocrx_word' id='word_1_369' title='bbox 1357 4312 1430 4370; x_wconf 84' lang='grc' dir='ltr'>κατὰ</span> <span class='ocrx_word' id='word_1_370' title='bbox 1451 4313 1522 4370; x_wconf 77' lang='grc' dir='ltr'>τάνδε</span> 
     </span>
     <span class='ocr_line' id='line_1_34' title="bbox 230 4429 1521 4512; baseline 0.002 -24"><span class='ocrx_word' id='word_1_371' title='bbox 230 4430 275 4488; x_wconf 78' lang='grc' dir='ltr'>τον</span> <span class='ocrx_word' id='word_1_372' title='bbox 298 4432 407 4509; x_wconf 82' lang='grc' dir='ltr'>τρόπον.</span> <span class='ocrx_word' id='word_1_373' title='bbox 443 4431 512 4506; x_wconf 86' lang='grc' dir='ltr'>μετά</span> <span class='ocrx_word' id='word_1_374' title='bbox 535 4433 583 4506; x_wconf 77' lang='grc' dir='ltr'>τήν</span> <span class='ocrx_word' id='word_1_375' title='bbox 608 4429 638 4504; x_wconf 83' lang='grc' dir='ltr'>ἐξ</span> <span class='ocrx_word' id='word_1_376' title='bbox 661 4432 772 4512; x_wconf 83' lang='grc' dir='ltr'>ἐρεύνης</span> <span class='ocrx_word' id='word_1_377' title='bbox 795 4433 888 4492; x_wconf 82' lang='grc' dir='ltr'>τούτου</span> <span class='ocrx_word' id='word_1_378' title='bbox 912 4431 1044 4512; x_wconf 82' lang='grc' dir='ltr'>έπιλογὴν</span> <span class='ocrx_word' id='word_1_379' title='bbox 1067 4431 1114 4492; x_wconf 88' lang='grc' dir='ltr'>καί</span> <span class='ocrx_word' id='word_1_380' title='bbox 1129 4435 1178 4509; x_wconf 84' lang='grc' dir='ltr'>τὴν</span> <span class='ocrx_word' id='word_1_381' title='bbox 1193 4439 1247 4493; x_wconf 86' lang='grc' dir='ltr'>τῶν</span> <span class='ocrx_word' id='word_1_382' title='bbox 1269 4435 1405 4509; x_wconf 88' lang='grc' dir='ltr'>ποιητέων</span> <span class='ocrx_word' id='word_1_383' title='bbox 1428 4433 1521 4508; x_wconf 80' lang='grc' dir='ltr'>εἴδησιν</span> 
     </span>
    </p>
   </div>
   <div class='ocr_carea' id='block_1_6' title="bbox 230 4587 436 4595">
    <p class='ocr_par' dir='ltr' id='par_1_7' title="bbox 230 4587 436 4595">
     <span class='ocr_line' id='line_1_35' title="bbox 230 4587 436 4595; baseline 0.005 -1"><span class='ocrx_word' id='word_1_384' title='bbox 230 4587 436 4595; x_wconf 83' lang='lat'>-——-</span> 
     </span>
    </p>
   </div>
   <div class='ocr_carea' id='block_1_7' title="bbox 338 4689 616 4760">
    <p class='ocr_par' dir='ltr' id='par_1_8' title="bbox 338 4689 616 4760">
     <span class='ocr_line' id='line_1_36' title="bbox 338 4689 616 4760; baseline 0.014 -20"><span class='ocrx_word' id='word_1_385' title='bbox 338 4691 356 4757; x_wconf 94' lang='lat'>¹)</span> <span class='ocrx_word' id='word_1_386' title='bbox 375 4689 563 4760; x_wconf 80' lang='grc' dir='ltr'>παρατραύουσα</span> <span class='ocrx_word' id='word_1_387' title='bbox 580 4692 616 4744; x_wconf 88' lang='grc' dir='ltr'>Μ.</span> 
     </span>
    </p>
   </div>
   <div class='ocr_carea' id='block_1_8' title="bbox 0 0 1618 5284">
    <p class='ocr_par' dir='ltr' id='par_1_9' title="bbox 0 0 1618 5284">
     <span class='ocr_line' id='line_1_37' title="bbox 0 0 1618 5284; baseline 0 0"><span class='ocrx_word' id='word_1_388' title='bbox 0 0 1618 5284; x_wconf 95' lang='lat' dir='ltr'> </span> 
     </span>
    </p>
   </div>
  </div>
 </body>
</html>
