3240 5286
1316 345 1380 414 259

90 541 211 620 ιρστθνει
234 539 285 616 μὲν
307 539 353 601 καὶ
376 541 552 621 ἀσφαλίζεται
574 543 592 616 ἡ
616 541 742 618 βασιλεία
766 563 818 617 μου
842 546 928 604 ποίντα
943 544 976 603 τά
991 545 1124 623 προσόντα
1140 545 1207 626 αἰπῃ
1224 542 1381 622 παλαιγενῆ

92 663 273 745 δικαιώματα,
303 662 499 744 χρυσόβουλλοί
524 684 553 724 τε
580 661 626 724 καί
652 664 778 744 όρισμοθς
804 663 851 724 καί
873 665 1059 746 ἀναγραφικάς
1081 663 1313 736 ἀποκαταστάσεις
1335 663 1382 726 καί

91 784 213 858 ἐκδόσεις
237 783 398 866 ἐγγράφως,
421 784 467 846 καί
490 787 577 846 ποίντα
601 787 699 858 ἁπλῶς
721 787 754 846 τά
778 787 806 846 ἐν
828 783 964 868 χαρτῴοις
988 788 1150 864 δικαιώμαοι
1169 787 1216 850 καί
1230 790 1279 864 τὴν
1296 789 1382 849 αἰπῶν

91 905 163 984 ἰσχὺν
187 906 235 966 καὶ
256 908 305 982 τὴν
327 913 380 967 τῶν
402 909 570 988 πραγμάτων
591 908 713 985 κατοχὴν
736 905 783 968 καί
805 908 891 986 νομὴν
913 909 1091 990 βεβαιοτέραν
1113 909 1160 970 καί
1183 909 1383 990 ἀρραγεστέραν

89 1033 273 1122 περιποιεῖται
295 1029 362 1110 αθτη
391 1029 463 1090 κατὰ
490 1031 580 1101 παίσας
606 1029 655 1101 τδις
681 1029 844 1111 περιλήψεις
872 1033 967 1093 αἰτῶν.
1013 1029 1053 1104 εἰς
1080 1034 1171 1107 μέντοι
1192 1034 1383 1114 περισσοτέραν

90 1150 240 1230 ἀσφάλειαν
263 1150 309 1210 καί
332 1153 370 1223 ὡς
394 1151 422 1211 ἐν
445 1149 590 1231 κεφαλαίῳ
612 1153 645 1211 τά
667 1153 750 1232 ταύτῃ
773 1157 909 1233 προσόντα
931 1159 1057 1229 κτηματα
1079 1156 1096 1230 ἡ
1121 1153 1249 1228 βασιλεία
1272 1177 1323 1231 μου
1345 1155 1383 1234 τῷ

89 1275 199 1352 παρόντι
220 1273 421 1352 περιλαμβάνει
443 1273 642 1354 γρυσοβοιίλλῳ
664 1275 743 1354 λόγῳ
766 1277 858 1358 αθτῆς,
882 1277 900 1335 ἀ
922 1275 969 1336 καί
994 1277 1101 1356 έχουοιν
1124 1278 1221 1350 οίιτως·
1256 1280 1383 1356 μετόχιον

88 1397 210 1474 ἡἉγία
232 1393 317 1476 Τριάις
346 1397 417 1456 κατὰ
446 1403 494 1472 τὴν
524 1402 604 1472 νῆσον
628 1394 685 1457 Ἴον
708 1397 807 1475 κλπέ).
852 1397 1096 1479 προοεκυρώθηοαν
1128 1400 1159 1460 δὲ
1189 1406 1222 1482 τῇ
1246 1405 1316 1482 μονῇ
1339 1399 1383 1461 διά

88 1518 295 1598 χρυοσβοίιλλου
317 1523 363 1579 τοῦ
385 1517 509 1594 ἀοιδίμου
530 1519 669 1594 βασιλέως
683 1517 730 1580 καὶ
746 1519 817 1578 θείου
833 1525 882 1596 τῆς
901 1520 1044 1594 βασιλείας
1060 1543 1121 1602 μου,
1144 1526 1224 1603 κυροίι
1240 1521 1385 1603 Θεοδώρου

87 1645 133 1701 τοῦ
155 1642 303 1718 Κομνηνοῡ
328 1645 374 1700 τοῦ
397 1641 540 1721 Αιίοκαρη,
569 1641 797 1721 ἀνεθεωρήθησαν
822 1642 853 1701 δέ
880 1642 928 1702 καί
949 1640 1023 1724 παρά
1044 1649 1091 1705 τοῦ
1111 1645 1291 1726 περιποθήτου
1313 1643 1385 1705 θείου

87 1771 137 1840 τῆς
160 1763 306 1840 βασιλείας
329 1785 391 1846 μου,
414 1769 462 1824 τοῦ
484 1765 738 1843 πανυπεροεβαίστου
761 1769 841 1844 πυροῦ
863 1765 999 1846 Γεωργίου
1020 1771 1066 1827 τοῦ
1088 1767 1317 1848 Ζαγαρομμάτου,
1339 1766 1386 1827 καί

87 1885 304 1967 περιωρίσθησαν
327 1885 360 1946 δι’
374 1886 511 1965 ἐγγράφου
534 1887 614 1946 αθτοῡ
636 1890 820 1966 περιαρισμοῦ,
844 1887 873 1945 δν
897 1887 931 1963 δὴ
954 1889 1063 1968 ὁρισμόν
1085 1887 1132 1948 καί
1155 1890 1185 1949 τό
1210 1892 1290 1970 κῦρος
1311 1889 1386 1966 ἔχειν

87 2011 105 2084 ό,
130 2007 258 2082 βασιλεία
281 2030 333 2085 μου
356 2009 499 2090 διορίζεται
524 2006 570 2068 καί
585 2010 673 2070 πάντα
688 2003 743 2094 [τὰ]
759 2014 812 2068 τῶν
827 2009 952 2069 τοιοθτων
969 2009 1104 2088 μετοχίων
1120 2009 1212 2070 δίκαια
1228 2009 1272 2070 ἐπί
1286 2030 1315 2069 τε
1330 2013 1387 2082 τοῖς

87 2131 276 2203 Ιἀτυστατικοῖς
291 2130 337 2190 καί
353 2134 408 2201 τοῖς
423 2131 661 2210 προσκαθημένοις
678 2129 707 2190 ἐν
723 2129 795 2210 αθσῷ
809 2131 950 2210 παροίκοις
965 2131 1012 2192 καὶ
1027 2133 1194 2205 δουλευταῖς.
1221 2133 1255 2192 τὰ
1270 2133 1387 2211 μετόχια

87 2259 172 2314 ταῦτα
202 2257 252 2328 της
282 2253 430 2334 Ιὐττεροιγίας
458 2254 586 2313 θεοτόκου
619 2259 668 2328 τῆς
691 2251 909 2330 Χοζοβιωτίσσης
939 2256 1100 2314 συσταθέντα
1130 2252 1176 2315 καὶ
1203 2255 1387 2330 βελτιωθέντα

87 2375 163 2455 παρὰ
184 2381 232 2436 τοῦ
255 2373 354 2436 οἰκείου
376 2381 426 2451 της
450 2374 595 2447 βασιλείας
617 2395 668 2450 μου
691 2375 719 2433 Γ.
768 2376 933 2456 Μονοχυτρᾶ
955 2374 1003 2436 καί
1024 2379 1247 2457 προσκυρωθέντα
1269 2377 1314 2437 διά
1336 2385 1387 2454 τῆς

87 2497 259 2578 δωρηθείσης
286 2499 375 2570 αὺτοῖς
402 2498 544 2572 δυνάμεως
570 2496 615 2556 διά
637 2495 845 2577 χρυεοβοόλλου
867 2501 913 2558 τοῦ
936 2498 1059 2574 ἀοιδίμου
1083 2498 1230 2578 βασιλέως,
1261 2499 1388 2560 αθθέντου

88 2618 136 2680 καί
159 2619 233 2680 θείου
256 2625 305 2696 τῆς
327 2618 469 2694 βασιλείας
492 2639 554 2698 μου,
576 2623 658 2698 κυροῡ
674 2618 802 2679 Ἰωάννου
824 2622 871 2679 τοῦ
886 2603 987 2702 Δοθιια,
1012 2621 1081 2696 μετά
1102 2623 1209 2682 πάντων
1232 2627 1286 2681 τῶν
1302 2643 1388 2702 προο-

89 2743 268 2820 αρμοοάντων
291 2743 380 2814 αὺτοῖς
403 2735 514 2802 δικαίων
537 2737 585 2800 καί
599 2735 753 2820 προνομίων
769 2738 815 2800 καί
830 2740 923 2814 καθὼς
939 2741 1045 2815 ἐκεῖνος
1059 2746 1143 2802 ταθτα
1158 2742 1388 2826 ἀποκατέστησεν,

86 2863 174 2942 ἤγουν
206 2863 355 2944 παροίκων,
387 2863 549 2940 δουλευτῶν,
582 2861 735 2941 ἀμπελίων,
766 2861 913 2944 χωραφίων
942 2864 1026 2942 ἤγουν
1048 2870 1097 2941 τῆς
1120 2861 1177 2924 Ἴου
1199 2864 1300 2948 xm)-
1317 2865 1389 2926 κατά

87 2987 139 3060 τὴν
155 2985 274 3066 ἀρχαίαν
289 2986 387 3046 τοιίτων
402 2985 489 3062 νομὴν
505 2983 552 3044 καὶ
568 2983 639 3044 κατὰ
653 2984 703 3057 τὰς
717 2983 912 3070 περιλήψειςί)
930 2992 983 3045 τῶν
998 2988 1151 3067 προσόντων
1167 2988 1257 3060 φθιτοῖς
1272 2986 1386 3048 δικαιω-

88 3111 185 3184 μάτων
213 3106 261 3168 καί
287 3113 339 3168 τῶν
366 3107 470 3168 λοιπῶν
499 3109 588 3178 αἰιτοῖς
616 3107 727 3168 δικαίων
750 3107 821 3168 κατὰ
842 3109 891 3183 τὴν
913 3111 1057 3186 γεγονυῖαν
1080 3110 1171 3182 αθτοίς
1191 3110 1388 3190 πατριαφχιιιὴν

88 3231 242 3311 παράδοσιν
271 3228 319 3290 καί
350 3231 575 3290 ἀποκατάστασιν.
623 3232 714 3310 ἕτερον
745 3231 872 3309 μετόχιον
991 3231 1198 3309 ἀνεπιγνιθστων
1228 3231 1311 3290 όντων
1341 3227 1389 3290 καί

89 3353 192 3413 τούτων
220 3355 372 3412 παντάπασι
399 3350 437 3430 τῷ
465 3353 542 3432 μέρει
570 3355 617 3410 τοῦ
644 3351 783 3428 δημοσίου.
829 3355 913 3412 ταῦτα
939 3353 990 3428 μέν
1013 3351 1059 3412 οιίν
1082 3351 1133 3412 εἰσὶ
1154 3352 1189 3412 τὰ
1210 3353 1390 3431 παλαιγενέσι

90 3475 211 3548 δικαίοις
232 3477 459 3556 προσαρμόσαντα
480 3477 608 3550 κτήματα
630 3479 663 3556 τῇ
687 3476 855 3557 εὐαγεστσίτη
878 3479 927 3552 τῆς
943 3475 1078 3556 Ἀμοργοῦ
1100 3480 1181 3557 μονῇ,
1204 3471 1251 3535 καί
1266 3475 1390 3556 νρατόνει

89 3597 139 3660 καὶ
169 3598 290 3678 ἑπιιιυροῑ
315 3599 399 3681 ταθτη
426 3599 444 3671 ἡ
473 3595 600 3670 βασιλεία
629 3617 680 3671 μου
702 3596 751 3671 τὴν
775 3595 861 3657 αἰτῶν
886 3596 1043 3658 δεσποτείαν
1065 3593 1163 3657 τεκαὶ
1185 3597 1329 3676 κυριότητα
1351 3594 1389 3678 τῷ

89 3723 206 3800 παρόντι
227 3719 425 3799 χρυοσβσθλλιρ
447 3720 526 3798 λόγῳ
549 3719 632 3794 πόσης
655 3718 727 3778 κατὰ
745 3718 794 3792 τἠν
814 3719 948 3779 ἀνέκαθεν
963 3721 1137 3798 κρατήσασαν
1153 3720 1248 3794 νομήν.
1279 3715 1391 3791 καθέξει

90 3841 181 3904 τοίνυν
203 3843 221 3917 ἡ
244 3843 351 3916 τοιαύτη
375 3841 444 3916 μονὴ
467 3845 550 3901 ταῦτα
573 3839 768 3918 ἀνενοχλήτως
789 3843 876 3917 πάντη
899 3839 946 3900 καὶ
969 3839 1161 3913 ἀδειασείστως
1183 3837 1230 3900 καὶ
1253 3839 1389 3920 ἀνεπηρε-

92 3967 184 4036 άστως
206 3962 254 4024 καί
277 3965 355 4036 ἐκτός
376 3965 466 4040 ποίσης
488 3963 659 4039 συζητησεως
681 3960 728 4022 καὶ
751 3961 938 4042 ἀπαντήσεως,
962 3963 1056 4034 καθὼς
1069 3960 1116 4022 καί
1131 3963 1260 4042 πρότερον
1276 3963 1391 4040 κατεῖχε

92 4091 179 4148 ταῦτα
193 4084 242 4146 καὶ
257 4085 370 4160 ἐνέμετο
381 4089 399 4160 ἢ
411 4083 458 4146 καί
469 4082 652 4166 ἰσχυροτέρως
663 4083 709 4144 καί
722 4083 906 4165 βεβαιοτέρως
917 4090 950 4167 τῇ
963 4084 1075 4160 δυνάμει
1087 4087 1133 4144 τοῦ
1144 4085 1277 4164 παρόντος
1288 4102 1390 4165 χρυσο-

93 4209 219 4285 βοθλλου
246 4209 332 4288 λόγου
357 4213 407 4284 τῆς
435 4207 578 4284 βασιλείας
607 4227 668 4286 μου,
696 4209 727 4280 δς
752 4205 799 4267 καί
822 4207 947 4288 ἀρραγὴς
968 4205 1014 4266 καί
1037 4203 1232 4287 ἀπερίτρεπτος
1254 4206 1391 4280 διαμένειν

93 4330 199 4412 ἀφείλει
222 4328 262 4402 εἰς
283 4295 328 4390 τόν
352 4328 438 4391 αἰῶνα
459 4333 504 4391 τόν
527 4331 644 4392 ἅπαντα.
677 4329 868 4410 έπεβραβεόθη
889 4329 919 4390 δέ
935 4335 968 4410 τῇ
983 4331 1091 4412 τοιαότη
1107 4336 1176 4412 μονῇ
1192 4334 1241 4407 τῆς
1257 4329 1392 4408 Ἀμοργοθ

93 4455 283 4534 γεγηνεμένος
305 4453 389 4512 κατά
411 4458 498 4528 μῆνα
520 4454 574 4512 τόν
598 4455 696 4530 μαῖον
719 4458 777 4528 τῆς
801 4453 900 4526 ἕκτης
922 4449 1130 4522 ίνδικτιῶνος
1148 4454 1203 4510 τοῦ
1220 4447 1392 4528 ἑξακισχι-

96 4611 306 4622 ...-----

204 4715 223 4780 ¹)
247 4713 303 4765 sie:
326 4711 366 4763 καὶ
388 4710 478 4764 λοιπάί
548 4713 568 4776 ²)
588 4711 639 4776 Sic,
663 4717 694 4760 ut
717 4725 799 4776 supra
822 4711 860 4760 M.
932 4711 953 4777 ³)
971 4707 1043 4778 προλ.
1062 4710 1099 4761 Μ.

1138 4811 1185 4863 17*
