<?xml version="1.0" encoding="UTF-8"?>
<!DOCTYPE html PUBLIC "-//W3C//DTD XHTML 1.0 Transitional//EN"
    "http://www.w3.org/TR/xhtml1/DTD/xhtml1-transitional.dtd">
<html xmlns="http://www.w3.org/1999/xhtml" xml:lang="en" lang="en">
 <head>
  <title>
</title>
<meta http-equiv="Content-Type" content="text/html;charset=utf-8" />
  <meta name='ocr-system' content='tesseract 3.04.00' />
  <meta name='ocr-capabilities' content='ocr_page ocr_carea ocr_par ocr_line ocrx_word'/>
</head>
<body>
  <div class='ocr_page' id='page_1' title='image "./actaetdiplomata00miklgoog_0013.png"; bbox 0 0 3208 5310; ppageno 0'>
   <div class='ocr_carea' id='block_1_1' title="bbox 354 523 1557 610">
    <p class='ocr_par' dir='ltr' id='par_1_1' title="bbox 354 523 1557 610">
     <span class='ocr_line' id='line_1_1' title="bbox 354 523 1557 610; baseline 0.001 -24"><span class='ocrx_word' id='word_1_1' title='bbox 354 529 370 602; x_wconf 86' lang='lat'>†</span> <span class='ocrx_word' id='word_1_2' title='bbox 394 527 552 604; x_wconf 82' lang='grc' dir='ltr'>Ἰωάννης</span> <span class='ocrx_word' id='word_1_3' title='bbox 575 548 595 586; x_wconf 92' lang='grc' dir='ltr'>π</span> <span class='ocrx_word' id='word_1_4' title='bbox 600 523 873 610; x_wconf 88' lang='grc' dir='ltr'>ρωτοσπαθάριος</span> <span class='ocrx_word' id='word_1_5' title='bbox 895 525 953 587; x_wconf 89' lang='grc' dir='ltr'>καὶ</span> <span class='ocrx_word' id='word_1_6' title='bbox 974 527 1154 602; x_wconf 85' lang='grc' dir='ltr'>βασιλικος</span> <span class='ocrx_word' id='word_1_7' title='bbox 1176 529 1329 609; x_wconf 89' lang='grc' dir='ltr'>νοτάριος</span> <span class='ocrx_word' id='word_1_8' title='bbox 1351 531 1406 586; x_wconf 93' lang='grc' dir='ltr'>τοῦ</span> <span class='ocrx_word' id='word_1_9' title='bbox 1422 525 1557 587; x_wconf 85' lang='grc' dir='ltr'>εἰδικοῦ</span> 
     </span>
    </p>
   </div>
   <div class='ocr_carea' id='block_1_2' title="bbox 248 650 799 728">
    <p class='ocr_par' dir='ltr' id='par_1_2' title="bbox 248 650 799 728">
     <span class='ocr_line' id='line_1_2' title="bbox 248 650 799 728; baseline -0.004 -18"><span class='ocrx_word' id='word_1_10' title='bbox 248 650 354 728; x_wconf 92' lang='grc' dir='ltr'>λογοθ</span> <span class='ocrx_word' id='word_1_11' title='bbox 379 669 446 728; x_wconf 87' lang='grc' dir='ltr'>του,</span> <span class='ocrx_word' id='word_1_12' title='bbox 472 650 487 709; x_wconf 85' lang='grc' dir='ltr'>ό</span> <span class='ocrx_word' id='word_1_13' title='bbox 510 650 750 722; x_wconf 86' lang='grc' dir='ltr'>Σπανόπουλος</span> <span class='ocrx_word' id='word_1_14' title='bbox 773 655 799 728; x_wconf 82' lang='lat'>†.</span> 
     </span>
    </p>
   </div>
   <div class='ocr_carea' id='block_1_3' title="bbox 355 651 1557 852">
    <p class='ocr_par' dir='ltr' id='par_1_3' title="bbox 355 651 1557 852">
     <span class='ocr_line' id='line_1_3' title="bbox 361 651 374 708; baseline 0 0"><span class='ocrx_word' id='word_1_15' title='bbox 361 651 374 708; x_wconf 90' lang='grc' dir='ltr'>έ</span> 
     </span>
     <span class='ocr_line' id='line_1_4' title="bbox 355 770 1557 852; baseline 0.001 -22"><span class='ocrx_word' id='word_1_16' title='bbox 355 777 370 846; x_wconf 87' lang='lat'><strong>†</strong></span> <span class='ocrx_word' id='word_1_17' title='bbox 395 771 565 847; x_wconf 88' lang='grc' dir='ltr'>Ρωμανος</span> <span class='ocrx_word' id='word_1_18' title='bbox 587 772 886 851; x_wconf 87' lang='grc' dir='ltr'>πρωτοσπαθάριος</span> <span class='ocrx_word' id='word_1_19' title='bbox 907 791 963 830; x_wconf 87' lang='grc' dir='ltr'>και</span> <span class='ocrx_word' id='word_1_20' title='bbox 955 771 1160 846; x_wconf 84' lang='grc' dir='ltr'>βασιλικός</span> <span class='ocrx_word' id='word_1_21' title='bbox 1182 775 1295 852; x_wconf 84' lang='grc' dir='ltr'>νοτάρι</span> <span class='ocrx_word' id='word_1_22' title='bbox 1301 793 1365 844; x_wconf 89' lang='grc' dir='ltr'>ος</span> <span class='ocrx_word' id='word_1_23' title='bbox 1352 777 1407 832; x_wconf 88' lang='grc' dir='ltr'>τοῦ</span> <span class='ocrx_word' id='word_1_24' title='bbox 1422 770 1557 831; x_wconf 84' lang='grc' dir='ltr'>εἰδικοῦ</span> 
     </span>
    </p>
   </div>
   <div class='ocr_carea' id='block_1_4' title="bbox 247 891 1557 2187">
    <p class='ocr_par' dir='ltr' id='par_1_4' title="bbox 248 891 1557 1089">
     <span class='ocr_line' id='line_1_5' title="bbox 248 891 1557 973; baseline 0.002 -21"><span class='ocrx_word' id='word_1_25' title='bbox 248 893 473 971; x_wconf 82' lang='grc' dir='ltr'>λογοθέτου,’</span> <span class='ocrx_word' id='word_1_26' title='bbox 462 913 476 950; x_wconf 95' lang='grc' dir='ltr'>ο</span> <span class='ocrx_word' id='word_1_27' title='bbox 491 891 561 964; x_wconf 84' lang='grc' dir='ltr'>υἱός</span> <span class='ocrx_word' id='word_1_28' title='bbox 574 893 804 971; x_wconf 87' lang='grc' dir='ltr'>Ἀγαλλιανοῦ</span> <span class='ocrx_word' id='word_1_29' title='bbox 820 893 1049 952; x_wconf 82' lang='grc' dir='ltr'>ἀνθυπάτου</span> <span class='ocrx_word' id='word_1_30' title='bbox 1006 893 1217 973; x_wconf 85' lang='grc' dir='ltr'>,ποιτρικίου,</span> <span class='ocrx_word' id='word_1_31' title='bbox 1234 893 1353 968; x_wconf 85' lang='grc' dir='ltr'>βέστου</span> <span class='ocrx_word' id='word_1_32' title='bbox 1368 894 1423 954; x_wconf 90' lang='grc' dir='ltr'>καί</span> <span class='ocrx_word' id='word_1_33' title='bbox 1436 899 1557 972; x_wconf 89' lang='grc' dir='ltr'>κριτοῦ</span> 
     </span>
     <span class='ocr_line' id='line_1_6' title="bbox 248 1013 482 1089; baseline 0.009 -17"><span class='ocrx_word' id='word_1_34' title='bbox 248 1017 304 1072; x_wconf 89' lang='grc' dir='ltr'>τοῦ</span> <span class='ocrx_word' id='word_1_35' title='bbox 327 1013 432 1088; x_wconf 81' lang='grc' dir='ltr'>βήλου</span> <span class='ocrx_word' id='word_1_36' title='bbox 456 1018 482 1089; x_wconf 86' lang='lat'>†.</span> 
     </span>
    </p>

    <p class='ocr_par' dir='ltr' id='par_1_5' title="bbox 248 1133 1555 1333">
     <span class='ocr_line' id='line_1_7' title="bbox 351 1133 1555 1216; baseline 0.002 -23"><span class='ocrx_word' id='word_1_37' title='bbox 351 1134 544 1214; x_wconf 66' lang='grc' dir='ltr'>’[Μιχαὴλ,</span> <span class='ocrx_word' id='word_1_38' title='bbox 574 1133 751 1210; x_wconf 82' lang='grc' dir='ltr'>βασιλικός</span> <span class='ocrx_word' id='word_1_39' title='bbox 780 1137 932 1214; x_wconf 90' lang='grc' dir='ltr'>νοτάριος</span> <span class='ocrx_word' id='word_1_40' title='bbox 963 1138 1019 1196; x_wconf 91' lang='grc' dir='ltr'>τοῦ</span> <span class='ocrx_word' id='word_1_41' title='bbox 1047 1133 1174 1194; x_wconf 85' lang='grc' dir='ltr'>εἰδικοῦ</span> <span class='ocrx_word' id='word_1_42' title='bbox 1200 1137 1397 1216; x_wconf 88' lang='grc' dir='ltr'>λογοθέτου,</span> <span class='ocrx_word' id='word_1_43' title='bbox 1420 1139 1435 1196; x_wconf 87' lang='grc' dir='ltr'>ό</span> <span class='ocrx_word' id='word_1_44' title='bbox 1459 1137 1555 1196; x_wconf 87' lang='grc' dir='ltr'>Σπα-</span> 
     </span>
     <span class='ocr_line' id='line_1_8' title="bbox 248 1256 459 1333; baseline 0.005 -19"><span class='ocrx_word' id='word_1_45' title='bbox 248 1256 411 1327; x_wconf 89' lang='grc' dir='ltr'>νόπουλος</span> <span class='ocrx_word' id='word_1_46' title='bbox 434 1261 459 1333; x_wconf 88' lang='lat'>†.</span> 
     </span>
    </p>

    <p class='ocr_par' dir='ltr' id='par_1_6' title="bbox 248 1376 1555 1702">
     <span class='ocr_line' id='line_1_9' title="bbox 351 1376 1555 1460; baseline 0.002 -24"><span class='ocrx_word' id='word_1_47' title='bbox 351 1383 367 1454; x_wconf 86' lang='lat'><em>†</em></span> <span class='ocrx_word' id='word_1_48' title='bbox 391 1379 547 1453; x_wconf 76' lang='grc' dir='ltr'>Ἰωάννης</span> <span class='ocrx_word' id='word_1_49' title='bbox 568 1376 878 1458; x_wconf 87' lang='grc' dir='ltr'>πρωτοσπαθάριος,</span> <span class='ocrx_word' id='word_1_50' title='bbox 903 1376 956 1438; x_wconf 82' lang='grc' dir='ltr'>ἐπί</span> <span class='ocrx_word' id='word_1_51' title='bbox 978 1383 1033 1438; x_wconf 93' lang='grc' dir='ltr'>τοῦ</span> <span class='ocrx_word' id='word_1_52' title='bbox 1054 1379 1345 1460; x_wconf 79' lang='grc' dir='ltr'>χρυσοτρίκλίνου,</span> <span class='ocrx_word' id='word_1_53' title='bbox 1369 1379 1555 1452; x_wconf 79' lang='grc' dir='ltr'>βασιλικός</span> 
     </span>
     <span class='ocr_line' id='line_1_10' title="bbox 248 1497 1553 1582; baseline 0.003 -26"><span class='ocrx_word' id='word_1_54' title='bbox 248 1502 403 1580; x_wconf 90' lang='grc' dir='ltr'>νοτάριος</span> <span class='ocrx_word' id='word_1_55' title='bbox 425 1503 480 1560; x_wconf 89' lang='grc' dir='ltr'>τοῦ</span> <span class='ocrx_word' id='word_1_56' title='bbox 504 1497 632 1560; x_wconf 78' lang='grc' dir='ltr'>εἰδικοῦ</span> <span class='ocrx_word' id='word_1_57' title='bbox 654 1500 850 1579; x_wconf 86' lang='grc' dir='ltr'>λογοθέτου,</span> <span class='ocrx_word' id='word_1_58' title='bbox 877 1501 994 1580; x_wconf 85' lang='grc' dir='ltr'>κριτὴς</span> <span class='ocrx_word' id='word_1_59' title='bbox 1023 1497 1076 1560; x_wconf 85' lang='grc' dir='ltr'>έπί</span> <span class='ocrx_word' id='word_1_60' title='bbox 1098 1505 1152 1560; x_wconf 89' lang='grc' dir='ltr'>τοῦ</span> <span class='ocrx_word' id='word_1_61' title='bbox 1180 1501 1387 1582; x_wconf 77' lang='grc' dir='ltr'>ἱπποδρόμου</span> <span class='ocrx_word' id='word_1_62' title='bbox 1409 1499 1465 1560; x_wconf 87' lang='grc' dir='ltr'>καὶ</span> <span class='ocrx_word' id='word_1_63' title='bbox 1489 1501 1553 1576; x_wconf 80' lang='grc' dir='ltr'>δή-</span> 
     </span>
     <span class='ocr_line' id='line_1_11' title="bbox 248 1623 684 1702; baseline 0.005 -22"><span class='ocrx_word' id='word_1_64' title='bbox 248 1641 378 1702; x_wconf 83' lang='grc' dir='ltr'>μαρχος</span> <span class='ocrx_word' id='word_1_65' title='bbox 400 1625 462 1681; x_wconf 86' lang='grc' dir='ltr'>τῶν</span> <span class='ocrx_word' id='word_1_66' title='bbox 483 1623 636 1700; x_wconf 80' lang='grc' dir='ltr'>πράσεων</span> <span class='ocrx_word' id='word_1_67' title='bbox 659 1627 684 1698; x_wconf 84' lang='lat'>†.</span> 
     </span>
    </p>

    <p class='ocr_par' dir='ltr' id='par_1_7' title="bbox 247 1741 1553 2066">
     <span class='ocr_line' id='line_1_12' title="bbox 351 1741 1551 1823; baseline 0.001 -21"><span class='ocrx_word' id='word_1_68' title='bbox 351 1741 573 1818; x_wconf 66' lang='grc' dir='ltr'>’[Βασίλειος</span> <span class='ocrx_word' id='word_1_69' title='bbox 603 1744 912 1823; x_wconf 88' lang='grc' dir='ltr'>πρωτοσπαθάριος,</span> <span class='ocrx_word' id='word_1_70' title='bbox 952 1741 1005 1802; x_wconf 81' lang='grc' dir='ltr'>ἐπὶ</span> <span class='ocrx_word' id='word_1_71' title='bbox 1038 1747 1092 1802; x_wconf 90' lang='grc' dir='ltr'>τοῦ</span> <span class='ocrx_word' id='word_1_72' title='bbox 1128 1743 1415 1823; x_wconf 89' lang='grc' dir='ltr'>χρυσοτρικλίνου,</span> <span class='ocrx_word' id='word_1_73' title='bbox 1450 1744 1551 1818; x_wconf 87' lang='grc' dir='ltr'>βασι-</span> 
     </span>
     <span class='ocr_line' id='line_1_13' title="bbox 247 1833 1553 1946; baseline 0 -20"><span class='ocrx_word' id='word_1_74' title='bbox 247 1865 345 1936; x_wconf 81' lang='grc' dir='ltr'>λικός</span> <span class='ocrx_word' id='word_1_75' title='bbox 374 1867 528 1946; x_wconf 86' lang='grc' dir='ltr'>νοτάριος</span> <span class='ocrx_word' id='word_1_76' title='bbox 558 1868 612 1925; x_wconf 89' lang='grc' dir='ltr'>τοῦ</span> <span class='ocrx_word' id='word_1_77' title='bbox 635 1863 762 1925; x_wconf 81' lang='grc' dir='ltr'>εἰδικοῦ</span> <span class='ocrx_word' id='word_1_78' title='bbox 784 1864 979 1944; x_wconf 84' lang='grc' dir='ltr'>λογοθίτου,</span> <span class='ocrx_word' id='word_1_79' title='bbox 1013 1865 1129 1944; x_wconf 83' lang='grc' dir='ltr'>κριτὴς</span> <span class='ocrx_word' id='word_1_80' title='bbox 1153 1863 1205 1924; x_wconf 87' lang='grc' dir='ltr'>ἐπὶ</span> <span class='ocrx_word' id='word_1_81' title='bbox 1227 1869 1282 1924; x_wconf 92' lang='grc' dir='ltr'>τοῦ</span> <span class='ocrx_word' id='word_1_82' title='bbox 1303 1833 1509 1946; x_wconf 73' lang='grc' dir='ltr'>ἱπποδρόμου</span> <span class='ocrx_word' id='word_1_83' title='bbox 1536 1871 1553 1927; x_wconf 90' lang='grc' dir='ltr'>ό</span> 
     </span>
     <span class='ocr_line' id='line_1_14' title="bbox 247 1986 459 2066; baseline -0.009 -20"><span class='ocrx_word' id='word_1_84' title='bbox 247 1986 411 2066; x_wconf 83' lang='grc' dir='ltr'>Τζιρίθων</span> <span class='ocrx_word' id='word_1_85' title='bbox 434 1991 459 2062; x_wconf 58' lang='grc' dir='ltr'>γ.</span> 
     </span>
    </p>

    <p class='ocr_par' dir='ltr' id='par_1_8' title="bbox 351 2106 1550 2187">
     <span class='ocr_line' id='line_1_15' title="bbox 351 2106 1550 2187; baseline 0.003 -21"><span class='ocrx_word' id='word_1_86' title='bbox 351 2113 362 2184; x_wconf 70' lang='grc'>1</span> <span class='ocrx_word' id='word_1_87' title='bbox 392 2108 549 2180; x_wconf 90' lang='grc' dir='ltr'>Ἰωάννης</span> <span class='ocrx_word' id='word_1_88' title='bbox 574 2107 883 2187; x_wconf 89' lang='grc' dir='ltr'>πρωτοσπαθάριος,</span> <span class='ocrx_word' id='word_1_89' title='bbox 911 2107 1026 2187; x_wconf 85' lang='grc' dir='ltr'>κριτὴς</span> <span class='ocrx_word' id='word_1_90' title='bbox 1055 2110 1109 2166; x_wconf 90' lang='grc' dir='ltr'>τοῦ</span> <span class='ocrx_word' id='word_1_91' title='bbox 1132 2106 1339 2187; x_wconf 77' lang='grc' dir='ltr'>ἱπποδρόμου</span> <span class='ocrx_word' id='word_1_92' title='bbox 1368 2108 1423 2168; x_wconf 84' lang='grc' dir='ltr'>καί</span> <span class='ocrx_word' id='word_1_93' title='bbox 1451 2108 1550 2182; x_wconf 86' lang='grc' dir='ltr'>βασι-</span> 
     </span>
    </p>
   </div>
   <div class='ocr_carea' id='block_1_5' title="bbox 247 2226 1269 2309">
    <p class='ocr_par' dir='ltr' id='par_1_9' title="bbox 247 2226 1269 2309">
     <span class='ocr_line' id='line_1_16' title="bbox 247 2226 1269 2309; baseline 0.006 -25"><span class='ocrx_word' id='word_1_94' title='bbox 247 2227 346 2299; x_wconf 83' lang='grc' dir='ltr'>λικός</span> <span class='ocrx_word' id='word_1_95' title='bbox 368 2231 523 2308; x_wconf 90' lang='grc' dir='ltr'>νοτάριος</span> <span class='ocrx_word' id='word_1_96' title='bbox 544 2232 600 2288; x_wconf 87' lang='grc' dir='ltr'>τοῦ</span> <span class='ocrx_word' id='word_1_97' title='bbox 622 2226 751 2288; x_wconf 86' lang='grc' dir='ltr'>εἰδικοῦ</span> <span class='ocrx_word' id='word_1_98' title='bbox 773 2227 958 2305; x_wconf 90' lang='grc' dir='ltr'>λογοθέτου</span> <span class='ocrx_word' id='word_1_99' title='bbox 980 2229 995 2287; x_wconf 87' lang='grc' dir='ltr'>ό</span> <span class='ocrx_word' id='word_1_100' title='bbox 1018 2229 1222 2309; x_wconf 84' lang='grc' dir='ltr'>Καματηρός</span> <span class='ocrx_word' id='word_1_101' title='bbox 1244 2233 1269 2305; x_wconf 88' lang='lat'>†.</span> 
     </span>
    </p>
   </div>
   <div class='ocr_carea' id='block_1_6' title="bbox 508 2519 1274 2608">
    <p class='ocr_par' dir='ltr' id='par_1_10' title="bbox 508 2519 1274 2608">
     <span class='ocr_line' id='line_1_17' title="bbox 508 2519 1274 2608; baseline 0.001 -23"><span class='ocrx_word' id='word_1_102' title='bbox 508 2519 551 2588; x_wconf 89' lang='lat' dir='ltr'>H.</span> <span class='ocrx_word' id='word_1_103' title='bbox 576 2519 820 2608; x_wconf 77' lang='lat'>(6553-1045)</span> <span class='ocrx_word' id='word_1_104' title='bbox 844 2543 956 2586; x_wconf 81' lang='lat' dir='ltr'><strong>mense</strong></span> <span class='ocrx_word' id='word_1_105' title='bbox 977 2523 1065 2586; x_wconf 88' lang='lat' dir='ltr'><strong>iunio</strong></span> <span class='ocrx_word' id='word_1_106' title='bbox 1088 2521 1155 2586; x_wconf 90' lang='lat' dir='ltr'>ind.</span> <span class='ocrx_word' id='word_1_107' title='bbox 1179 2521 1274 2586; x_wconf 88' lang='lat' dir='ltr'>XIII.</span> 
     </span>
    </p>
   </div>
   <div class='ocr_carea' id='block_1_7' title="bbox 270 2703 1522 2774">
    <p class='ocr_par' dir='ltr' id='par_1_11' title="bbox 270 2703 1522 2774">
     <span class='ocr_line' id='line_1_18' title="bbox 270 2703 1522 2774; baseline 0.002 -16"><span class='ocrx_word' id='word_1_108' title='bbox 270 2703 423 2774; x_wconf 78' lang='lat' dir='ltr'><strong><em>Imperator</em></strong></span> <span class='ocrx_word' id='word_1_109' title='bbox 441 2705 631 2758; x_wconf 70' lang='lat' dir='ltr'>Constantinus</span> <span class='ocrx_word' id='word_1_110' title='bbox 647 2704 842 2758; x_wconf 78' lang='grc' dir='ltr'>Μοιτονιιαοίιυιι</span> <span class='ocrx_word' id='word_1_111' title='bbox 858 2705 951 2760; x_wconf 76' lang='grc' dir='ltr'>επίιηίε</span> <span class='ocrx_word' id='word_1_112' title='bbox 964 2706 1156 2760; x_wconf 70' lang='grc' dir='ltr'>ικοτιαεύοήιιιιι</span> <span class='ocrx_word' id='word_1_113' title='bbox 1171 2723 1190 2759; x_wconf 83' lang='grc' dir='ltr'>α</span> <span class='ocrx_word' id='word_1_114' title='bbox 1209 2705 1345 2759; x_wconf 76' lang='grc' dir='ltr'>ιὐάίοιῦωο</span> <span class='ocrx_word' id='word_1_115' title='bbox 1360 2705 1522 2760; x_wconf 75' lang='lat' dir='ltr'><strong><em>ordinariis.</em></strong></span> 
     </span>
    </p>
   </div>
   <div class='ocr_carea' id='block_1_8' title="bbox 247 2903 1549 3228">
    <p class='ocr_par' dir='ltr' id='par_1_12' title="bbox 247 2903 1549 3228">
     <span class='ocr_line' id='line_1_19' title="bbox 248 2903 1549 2986; baseline 0.004 -24"><span class='ocrx_word' id='word_1_116' title='bbox 248 2903 506 2984; x_wconf 82' lang='grc' dir='ltr'>Χρυσόβουλλον</span> <span class='ocrx_word' id='word_1_117' title='bbox 541 2909 595 2964; x_wconf 92' lang='grc' dir='ltr'>τοῦ</span> <span class='ocrx_word' id='word_1_118' title='bbox 627 2907 723 2965; x_wconf 89' lang='grc' dir='ltr'>αῦτοῦ</span> <span class='ocrx_word' id='word_1_119' title='bbox 753 2905 937 2986; x_wconf 83' lang='grc' dir='ltr'>μακαρίτου</span> <span class='ocrx_word' id='word_1_120' title='bbox 968 2906 1135 2980; x_wconf 87' lang='grc' dir='ltr'>βασιλέως</span> <span class='ocrx_word' id='word_1_121' title='bbox 1165 2911 1263 2984; x_wconf 89' lang='grc' dir='ltr'>κυρού</span> <span class='ocrx_word' id='word_1_122' title='bbox 1293 2905 1549 2967; x_wconf 89' lang='grc' dir='ltr'>Κωνσταντὶνου</span> 
     </span>
     <span class='ocr_line' id='line_1_20' title="bbox 247 3025 1549 3106; baseline 0.002 -22"><span class='ocrx_word' id='word_1_123' title='bbox 247 3031 302 3084; x_wconf 92' lang='grc' dir='ltr'>τοῦ</span> <span class='ocrx_word' id='word_1_124' title='bbox 324 3027 532 3103; x_wconf 90' lang='grc' dir='ltr'>Μονομάχου</span> <span class='ocrx_word' id='word_1_125' title='bbox 561 3025 635 3105; x_wconf 83' lang='grc' dir='ltr'>περὶ</span> <span class='ocrx_word' id='word_1_126' title='bbox 665 3029 720 3085; x_wconf 91' lang='grc' dir='ltr'>τοῦ</span> <span class='ocrx_word' id='word_1_127' title='bbox 745 3026 834 3106; x_wconf 81' lang='grc' dir='ltr'>παρὰ</span> <span class='ocrx_word' id='word_1_128' title='bbox 861 3029 962 3102; x_wconf 89' lang='grc' dir='ltr'>μόνης</span> <span class='ocrx_word' id='word_1_129' title='bbox 985 3034 1043 3102; x_wconf 83' lang='grc' dir='ltr'>τῆς</span> <span class='ocrx_word' id='word_1_130' title='bbox 1065 3027 1249 3105; x_wconf 83' lang='grc' dir='ltr'>βασιλικῆς</span> <span class='ocrx_word' id='word_1_131' title='bbox 1272 3027 1549 3105; x_wconf 79' lang='grc' dir='ltr'>μεγαλειότητος</span> 
     </span>
     <span class='ocr_line' id='line_1_21' title="bbox 699 3147 1089 3228; baseline 0.003 -21"><span class='ocrx_word' id='word_1_132' title='bbox 699 3147 873 3228; x_wconf 89' lang='grc' dir='ltr'>κρίνεσθαι</span> <span class='ocrx_word' id='word_1_133' title='bbox 896 3149 952 3222; x_wconf 80' lang='grc' dir='ltr'>τὴν</span> <span class='ocrx_word' id='word_1_134' title='bbox 976 3151 1089 3224; x_wconf 85' lang='grc' dir='ltr'>μονήν.</span> 
     </span>
    </p>
   </div>
   <div class='ocr_carea' id='block_1_9' title="bbox 246 3316 1548 4497">
    <p class='ocr_par' dir='ltr' id='par_1_13' title="bbox 246 3316 1548 4497">
     <span class='ocr_line' id='line_1_22' title="bbox 350 3316 1547 3402; baseline 0.003 -22"><span class='ocrx_word' id='word_1_135' title='bbox 350 3318 482 3396; x_wconf 65' lang='grc' dir='ltr'>’[Ἀλλὰ</span> <span class='ocrx_word' id='word_1_136' title='bbox 508 3321 586 3380; x_wconf 88' lang='grc' dir='ltr'>τίνων</span> <span class='ocrx_word' id='word_1_137' title='bbox 619 3316 718 3380; x_wconf 80' lang='grc' dir='ltr'>ἄλλων</span> <span class='ocrx_word' id='word_1_138' title='bbox 744 3324 880 3400; x_wconf 89' lang='grc' dir='ltr'>τοσοῦτον,</span> <span class='ocrx_word' id='word_1_139' title='bbox 906 3323 968 3382; x_wconf 86' lang='grc' dir='ltr'>όσον</span> <span class='ocrx_word' id='word_1_140' title='bbox 991 3326 1044 3381; x_wconf 84' lang='grc' dir='ltr'>τῶν</span> <span class='ocrx_word' id='word_1_141' title='bbox 1067 3322 1112 3380; x_wconf 82' lang='grc' dir='ltr'>τόν</span> <span class='ocrx_word' id='word_1_142' title='bbox 1136 3320 1244 3396; x_wconf 88' lang='grc' dir='ltr'>μονάδα</span> <span class='ocrx_word' id='word_1_143' title='bbox 1267 3319 1325 3394; x_wconf 85' lang='grc' dir='ltr'>βίον</span> <span class='ocrx_word' id='word_1_144' title='bbox 1346 3323 1547 3402; x_wconf 83' lang='grc' dir='ltr'>προελομένων</span> 
     </span>
     <span class='ocr_line' id='line_1_23' title="bbox 247 3437 1548 3524; baseline 0.003 -23"><span class='ocrx_word' id='word_1_145' title='bbox 247 3439 293 3501; x_wconf 86' lang='grc' dir='ltr'>καί</span> <span class='ocrx_word' id='word_1_146' title='bbox 316 3445 368 3518; x_wconf 71' lang='grc' dir='ltr'>γῆν</span> <span class='ocrx_word' id='word_1_147' title='bbox 392 3438 487 3516; x_wconf 80' lang='grc' dir='ltr'>ἐπίσης</span> <span class='ocrx_word' id='word_1_148' title='bbox 509 3437 722 3516; x_wconf 73' lang='grc' dir='ltr'>βδελυξαμένων</span> <span class='ocrx_word' id='word_1_149' title='bbox 749 3440 796 3501; x_wconf 85' lang='grc' dir='ltr'>καί</span> <span class='ocrx_word' id='word_1_150' title='bbox 819 3443 870 3502; x_wconf 86' lang='grc' dir='ltr'>όσα</span> <span class='ocrx_word' id='word_1_151' title='bbox 898 3445 981 3518; x_wconf 83' lang='grc' dir='ltr'>γήϊνα</span> <span class='ocrx_word' id='word_1_152' title='bbox 1009 3440 1090 3518; x_wconf 85' lang='grc' dir='ltr'>μέλει</span> <span class='ocrx_word' id='word_1_153' title='bbox 1117 3441 1187 3520; x_wconf 79' lang='grc' dir='ltr'>θεῷ;</span> <span class='ocrx_word' id='word_1_154' title='bbox 1216 3440 1275 3502; x_wconf 82' lang='grc' dir='ltr'>ἐπεὶ</span> <span class='ocrx_word' id='word_1_155' title='bbox 1297 3441 1428 3524; x_wconf 79' lang='grc' dir='ltr'>κάκεῖνοι,</span> <span class='ocrx_word' id='word_1_156' title='bbox 1457 3446 1548 3522; x_wconf 85' lang='grc' dir='ltr'>μέλον</span> 
     </span>
     <span class='ocr_line' id='line_1_24' title="bbox 247 3561 1548 3644; baseline 0.005 -23"><span class='ocrx_word' id='word_1_157' title='bbox 247 3561 313 3642; x_wconf 82' lang='grc' dir='ltr'>θεῷ,</span> <span class='ocrx_word' id='word_1_158' title='bbox 341 3566 417 3622; x_wconf 89' lang='grc' dir='ltr'>τοῦτο</span> <span class='ocrx_word' id='word_1_159' title='bbox 444 3564 496 3643; x_wconf 82' lang='grc' dir='ltr'>πρό</span> <span class='ocrx_word' id='word_1_160' title='bbox 523 3568 576 3623; x_wconf 88' lang='grc' dir='ltr'>τῶν</span> <span class='ocrx_word' id='word_1_161' title='bbox 605 3562 701 3623; x_wconf 84' lang='grc' dir='ltr'>ἀλλων</span> <span class='ocrx_word' id='word_1_162' title='bbox 728 3563 915 3644; x_wconf 75' lang='grc' dir='ltr'>σπουδάζουσι,</span> <span class='ocrx_word' id='word_1_163' title='bbox 946 3565 1104 3644; x_wconf 78' lang='grc' dir='ltr'>θεραπεύειν</span> <span class='ocrx_word' id='word_1_164' title='bbox 1131 3564 1192 3624; x_wconf 86' lang='grc' dir='ltr'>θεόν</span> <span class='ocrx_word' id='word_1_165' title='bbox 1219 3563 1266 3624; x_wconf 89' lang='grc' dir='ltr'>καὶ</span> <span class='ocrx_word' id='word_1_166' title='bbox 1289 3564 1338 3625; x_wconf 84' lang='grc' dir='ltr'>ῦπό</span> <span class='ocrx_word' id='word_1_167' title='bbox 1361 3568 1417 3636; x_wconf 85' lang='grc' dir='ltr'>τοῖς</span> <span class='ocrx_word' id='word_1_168' title='bbox 1440 3565 1548 3627; x_wconf 86' lang='grc' dir='ltr'>ἐκείνου</span> 
     </span>
     <span class='ocr_line' id='line_1_25' title="bbox 247 3678 1547 3766; baseline 0.005 -24"><span class='ocrx_word' id='word_1_169' title='bbox 247 3686 296 3760; x_wconf 84' lang='grc' dir='ltr'>ζῆν</span> <span class='ocrx_word' id='word_1_170' title='bbox 324 3682 476 3762; x_wconf 78' lang='grc' dir='ltr'>όρθαλμοίς</span> <span class='ocrx_word' id='word_1_171' title='bbox 503 3682 550 3743; x_wconf 86' lang='grc' dir='ltr'>καί</span> <span class='ocrx_word' id='word_1_172' title='bbox 576 3684 611 3744; x_wconf 83' lang='grc' dir='ltr'>τά</span> <span class='ocrx_word' id='word_1_173' title='bbox 638 3679 741 3745; x_wconf 86' lang='grc' dir='ltr'>ἐκείνου</span> <span class='ocrx_word' id='word_1_174' title='bbox 768 3688 859 3766; x_wconf 82' lang='grc' dir='ltr'>τηρεῖν</span> <span class='ocrx_word' id='word_1_175' title='bbox 885 3685 1013 3766; x_wconf 83' lang='grc' dir='ltr'>κρίματα,</span> <span class='ocrx_word' id='word_1_176' title='bbox 1040 3678 1078 3744; x_wconf 78' lang='grc' dir='ltr'>ὧν</span> <span class='ocrx_word' id='word_1_177' title='bbox 1104 3687 1122 3760; x_wconf 80' lang='grc' dir='ltr'><strong>ἡ</strong></span> <span class='ocrx_word' id='word_1_178' title='bbox 1146 3685 1282 3766; x_wconf 85' lang='grc' dir='ltr'>ἐπιθυμία,</span> <span class='ocrx_word' id='word_1_179' title='bbox 1310 3686 1380 3747; x_wconf 83' lang='grc' dir='ltr'>κατὰ</span> <span class='ocrx_word' id='word_1_180' title='bbox 1402 3688 1448 3746; x_wconf 81' lang='grc' dir='ltr'>τόν</span> <span class='ocrx_word' id='word_1_181' title='bbox 1471 3689 1547 3749; x_wconf 82' lang='grc' dir='ltr'>θεῖον</span> 
     </span>
     <span class='ocr_line' id='line_1_26' title="bbox 247 3801 1546 3889; baseline 0.004 -25"><span class='ocrx_word' id='word_1_182' title='bbox 247 3807 328 3882; x_wconf 83' lang='grc' dir='ltr'>ράνσιι</span> <span class='ocrx_word' id='word_1_183' title='bbox 350 3803 449 3885; x_wconf 84' lang='grc' dir='ltr'>Δαβίδ,</span> <span class='ocrx_word' id='word_1_184' title='bbox 479 3805 589 3884; x_wconf 82' lang='grc' dir='ltr'>χρυσίου</span> <span class='ocrx_word' id='word_1_185' title='bbox 611 3804 658 3866; x_wconf 88' lang='grc' dir='ltr'>καί</span> <span class='ocrx_word' id='word_1_186' title='bbox 680 3805 766 3867; x_wconf 91' lang='grc' dir='ltr'>λίθων</span> <span class='ocrx_word' id='word_1_187' title='bbox 789 3801 884 3882; x_wconf 83' lang='grc' dir='ltr'>τιμίων</span> <span class='ocrx_word' id='word_1_188' title='bbox 908 3807 1036 3866; x_wconf 83' lang='grc' dir='ltr'>ἐπέκεινα</span> <span class='ocrx_word' id='word_1_189' title='bbox 1057 3805 1104 3866; x_wconf 89' lang='grc' dir='ltr'>καί</span> <span class='ocrx_word' id='word_1_190' title='bbox 1127 3807 1281 3888; x_wconf 85' lang='grc' dir='ltr'>γλυκυτέρα</span> <span class='ocrx_word' id='word_1_191' title='bbox 1303 3807 1398 3889; x_wconf 87' lang='grc' dir='ltr'>κηρίου</span> <span class='ocrx_word' id='word_1_192' title='bbox 1420 3807 1466 3868; x_wconf 90' lang='grc' dir='ltr'>καί</span> <span class='ocrx_word' id='word_1_193' title='bbox 1490 3812 1546 3886; x_wconf 89' lang='grc' dir='ltr'>μέ-</span> 
     </span>
     <span class='ocr_line' id='line_1_27' title="bbox 246 3923 1546 4012; baseline 0.004 -27"><span class='ocrx_word' id='word_1_194' title='bbox 246 3926 332 3998; x_wconf 87' lang='grc' dir='ltr'>λιτος.</span> <span class='ocrx_word' id='word_1_195' title='bbox 355 3933 408 3986; x_wconf 83' lang='grc' dir='ltr'>τῶν</span> <span class='ocrx_word' id='word_1_196' title='bbox 425 3925 458 4002; x_wconf 86' lang='grc' dir='ltr'>δὴ</span> <span class='ocrx_word' id='word_1_197' title='bbox 482 3923 528 3986; x_wconf 89' lang='grc' dir='ltr'>οῦν</span> <span class='ocrx_word' id='word_1_198' title='bbox 549 3928 674 3989; x_wconf 90' lang='grc' dir='ltr'>τοιούτων</span> <span class='ocrx_word' id='word_1_199' title='bbox 696 3926 743 3988; x_wconf 88' lang='grc' dir='ltr'>καὶ</span> <span class='ocrx_word' id='word_1_200' title='bbox 764 3929 938 4008; x_wconf 82' lang='grc' dir='ltr'>προνοητέον,</span> <span class='ocrx_word' id='word_1_201' title='bbox 961 3929 1023 3988; x_wconf 84' lang='grc' dir='ltr'>ὅσον</span> <span class='ocrx_word' id='word_1_202' title='bbox 1045 3926 1129 4008; x_wconf 88' lang='grc' dir='ltr'>εἰκός,</span> <span class='ocrx_word' id='word_1_203' title='bbox 1152 3930 1198 3989; x_wconf 81' lang='grc' dir='ltr'>τόν</span> <span class='ocrx_word' id='word_1_204' title='bbox 1213 3929 1358 4010; x_wconf 83' lang='grc' dir='ltr'>ριλάρετον</span> <span class='ocrx_word' id='word_1_205' title='bbox 1373 3933 1391 4005; x_wconf 76' lang='grc' dir='ltr'>ἠ</span> <span class='ocrx_word' id='word_1_206' title='bbox 1407 3930 1546 4012; x_wconf 84' lang='grc' dir='ltr'>φιλόθεον,</span> 
     </span>
     <span class='ocr_line' id='line_1_28' title="bbox 247 4045 1545 4131; baseline 0.003 -25"><span class='ocrx_word' id='word_1_207' title='bbox 247 4045 335 4126; x_wconf 79' lang='grc' dir='ltr'>ἑαυτῷ</span> <span class='ocrx_word' id='word_1_208' title='bbox 363 4047 408 4106; x_wconf 84' lang='grc' dir='ltr'>διὰ</span> <span class='ocrx_word' id='word_1_209' title='bbox 436 4049 535 4109; x_wconf 88' lang='grc' dir='ltr'>τούτων</span> <span class='ocrx_word' id='word_1_210' title='bbox 558 4050 606 4125; x_wconf 72' lang='grc' dir='ltr'>τὴν</span> <span class='ocrx_word' id='word_1_211' title='bbox 629 4049 704 4110; x_wconf 90' lang='grc' dir='ltr'>θείαν</span> <span class='ocrx_word' id='word_1_212' title='bbox 727 4051 895 4130; x_wconf 79' lang='grc' dir='ltr'>προμήθειαν</span> <span class='ocrx_word' id='word_1_213' title='bbox 917 4051 1153 4131; x_wconf 89' lang='grc' dir='ltr'>προκαλούμενον,</span> <span class='ocrx_word' id='word_1_214' title='bbox 1176 4049 1223 4111; x_wconf 88' lang='grc' dir='ltr'>καί</span> <span class='ocrx_word' id='word_1_215' title='bbox 1245 4057 1309 4112; x_wconf 82' lang='grc' dir='ltr'>πᾶσι</span> <span class='ocrx_word' id='word_1_216' title='bbox 1333 4055 1442 4131; x_wconf 89' lang='grc' dir='ltr'>τρόποις</span> <span class='ocrx_word' id='word_1_217' title='bbox 1463 4073 1545 4131; x_wconf 87' lang='grc' dir='ltr'>περι-</span> 
     </span>
     <span class='ocr_line' id='line_1_29' title="bbox 246 4167 1545 4258; baseline 0.003 -28"><span class='ocrx_word' id='word_1_218' title='bbox 246 4169 373 4244; x_wconf 88' lang='grc' dir='ltr'>ποιητέον</span> <span class='ocrx_word' id='word_1_219' title='bbox 385 4171 476 4243; x_wconf 86' lang='grc' dir='ltr'>αύτοῑς</span> <span class='ocrx_word' id='word_1_220' title='bbox 488 4173 536 4246; x_wconf 72' lang='grc' dir='ltr'>τὴν</span> <span class='ocrx_word' id='word_1_221' title='bbox 548 4171 661 4249; x_wconf 77' lang='grc' dir='ltr'>ἡσύχιον</span> <span class='ocrx_word' id='word_1_222' title='bbox 673 4167 796 4251; x_wconf 88' lang='grc' dir='ltr'>όίσκησιν,</span> <span class='ocrx_word' id='word_1_223' title='bbox 808 4172 841 4230; x_wconf 79' lang='grc' dir='ltr'>ἵν’</span> <span class='ocrx_word' id='word_1_224' title='bbox 849 4172 1058 4252; x_wconf 82' lang='grc' dir='ltr'>ἀπερισπάστως</span> <span class='ocrx_word' id='word_1_225' title='bbox 1069 4171 1107 4251; x_wconf 84' lang='grc' dir='ltr'>τῷ</span> <span class='ocrx_word' id='word_1_226' title='bbox 1120 4171 1175 4253; x_wconf 84' lang='grc' dir='ltr'>θεῷ</span> <span class='ocrx_word' id='word_1_227' title='bbox 1187 4175 1395 4252; x_wconf 84' lang='grc' dir='ltr'>συγγιγνόμενοι</span> <span class='ocrx_word' id='word_1_228' title='bbox 1404 4171 1427 4258; x_wconf 85' lang='lat'>¹)</span> <span class='ocrx_word' id='word_1_229' title='bbox 1438 4175 1545 4253; x_wconf 87' lang='grc' dir='ltr'>θερμο-</span> 
     </span>
     <span class='ocr_line' id='line_1_30' title="bbox 248 4287 1545 4379; baseline 0.003 -29"><span class='ocrx_word' id='word_1_230' title='bbox 248 4291 329 4371; x_wconf 90' lang='grc' dir='ltr'>τέρας</span> <span class='ocrx_word' id='word_1_231' title='bbox 351 4291 401 4364; x_wconf 85' lang='grc' dir='ltr'>τὰς</span> <span class='ocrx_word' id='word_1_232' title='bbox 423 4292 489 4372; x_wconf 85' lang='grc' dir='ltr'>ύπὲρ</span> <span class='ocrx_word' id='word_1_233' title='bbox 511 4295 558 4351; x_wconf 92' lang='grc' dir='ltr'>τοῦ</span> <span class='ocrx_word' id='word_1_234' title='bbox 580 4295 671 4352; x_wconf 90' lang='grc' dir='ltr'>κοινοῦ</span> <span class='ocrx_word' id='word_1_235' title='bbox 693 4291 740 4352; x_wconf 90' lang='grc' dir='ltr'>καί</span> <span class='ocrx_word' id='word_1_236' title='bbox 762 4298 811 4370; x_wconf 82' lang='grc' dir='ltr'>τῆς</span> <span class='ocrx_word' id='word_1_237' title='bbox 835 4287 978 4366; x_wconf 87' lang='grc' dir='ltr'>βασιλείας</span> <span class='ocrx_word' id='word_1_238' title='bbox 1002 4294 1085 4368; x_wconf 82' lang='grc' dir='ltr'>αῦτῆς</span> <span class='ocrx_word' id='word_1_239' title='bbox 1108 4291 1242 4367; x_wconf 81' lang='grc' dir='ltr'>ἐντεύξεις</span> <span class='ocrx_word' id='word_1_240' title='bbox 1263 4298 1435 4375; x_wconf 91' lang='grc' dir='ltr'>προσάγοιεν.</span> <span class='ocrx_word' id='word_1_241' title='bbox 1460 4297 1545 4379; x_wconf 79' lang='grc' dir='ltr'>ταύτῃ</span> 
     </span>
     <span class='ocr_line' id='line_1_31' title="bbox 246 4411 1546 4497; baseline 0.003 -25"><span class='ocrx_word' id='word_1_242' title='bbox 246 4433 287 4472; x_wconf 89' lang='grc' dir='ltr'>τοι</span> <span class='ocrx_word' id='word_1_243' title='bbox 314 4411 361 4472; x_wconf 90' lang='grc' dir='ltr'>καί</span> <span class='ocrx_word' id='word_1_244' title='bbox 389 4415 407 4489; x_wconf 88' lang='grc' dir='ltr'><strong>ἠ</strong></span> <span class='ocrx_word' id='word_1_245' title='bbox 430 4414 576 4493; x_wconf 81' lang='grc' dir='ltr'>θεοοτερὴς</span> <span class='ocrx_word' id='word_1_246' title='bbox 603 4414 681 4490; x_wconf 77' lang='grc' dir='ltr'>ἡμῶν</span> <span class='ocrx_word' id='word_1_247' title='bbox 704 4414 861 4492; x_wconf 85' lang='grc' dir='ltr'>γαληνόιης</span> <span class='ocrx_word' id='word_1_248' title='bbox 884 4419 937 4474; x_wconf 84' lang='grc' dir='ltr'>τῶν</span> <span class='ocrx_word' id='word_1_249' title='bbox 961 4415 990 4474; x_wconf 87' lang='grc' dir='ltr'>ἐν</span> <span class='ocrx_word' id='word_1_250' title='bbox 1012 4421 1046 4496; x_wconf 73' lang='grc' dir='ltr'>τῇ</span> <span class='ocrx_word' id='word_1_251' title='bbox 1070 4423 1139 4497; x_wconf 82' lang='grc' dir='ltr'>μονῇ</span> <span class='ocrx_word' id='word_1_252' title='bbox 1162 4421 1211 4492; x_wconf 75' lang='grc' dir='ltr'>τῆς</span> <span class='ocrx_word' id='word_1_253' title='bbox 1233 4417 1409 4497; x_wconf 83' lang='grc' dir='ltr'>θεομήτορος,</span> <span class='ocrx_word' id='word_1_254' title='bbox 1432 4419 1451 4492; x_wconf 74' lang='grc' dir='ltr'>ἣ</span> <span class='ocrx_word' id='word_1_255' title='bbox 1472 4419 1546 4476; x_wconf 76' lang='grc' dir='ltr'>κατὰ</span> 
     </span>
    </p>
   </div>
   <div class='ocr_carea' id='block_1_10' title="bbox 354 4672 1088 4742">
    <p class='ocr_par' dir='ltr' id='par_1_14' title="bbox 354 4672 1088 4742">
     <span class='ocr_line' id='line_1_32' title="bbox 354 4672 1088 4742; baseline 0.005 -21"><span class='ocrx_word' id='word_1_256' title='bbox 354 4673 372 4736; x_wconf 89' lang='lat'>¹)</span> <span class='ocrx_word' id='word_1_257' title='bbox 392 4673 436 4721; x_wconf 80' lang='lat' dir='ltr'>Sic</span> <span class='ocrx_word' id='word_1_258' title='bbox 455 4672 598 4738; x_wconf 78' lang='lat' dir='ltr'>legendum</span> <span class='ocrx_word' id='word_1_259' title='bbox 617 4675 742 4740; x_wconf 84' lang='lat' dir='ltr'>proponit</span> <span class='ocrx_word' id='word_1_260' title='bbox 760 4672 821 4723; x_wconf 78' lang='lat' dir='ltr'>Sak.</span> <span class='ocrx_word' id='word_1_261' title='bbox 842 4689 889 4739; x_wconf 86' lang='lat' dir='ltr'>pro</span> <span class='ocrx_word' id='word_1_262' title='bbox 909 4672 1088 4742; x_wconf 84' lang='grc' dir='ltr'>συγγενόμενοι.</span> 
     </span>
    </p>
   </div>
   <div class='ocr_carea' id='block_1_11' title="bbox 0 0 1608 5310">
    <p class='ocr_par' dir='ltr' id='par_1_15' title="bbox 0 0 1608 5310">
     <span class='ocr_line' id='line_1_33' title="bbox 0 0 1608 5310; baseline 0 0"><span class='ocrx_word' id='word_1_263' title='bbox 0 0 1608 5310; x_wconf 95' lang='lat' dir='ltr'> </span> 
     </span>
    </p>
   </div>
  </div>
 </body>
</html>
