3222 5284
248 357 312 421 346

244 553 447 634 λογαριαομοῖις
470 559 523 612 τῶν
545 557 701 633 προνοητῶν
724 552 771 613 καί
793 560 846 614 τῶν
870 553 1023 632 οἰκολόγων
1046 553 1210 630 είοκσμίζειν
1237 562 1271 637 τῇ
1298 563 1369 638 μονῇ
1391 553 1445 616 καί
1461 575 1549 634 παρ-ι-

245 673 346 736 διδόναι
369 679 402 756 τῇ
432 677 626 756 καθηγουμένῃ
655 677 718 735 καθ’
732 677 844 736 ἕκαστον
878 677 948 755 ἔτος,
980 678 1018 748 ὼς
1041 680 1073 736 ἂν
1105 677 1283 757 έπιτηρῶνται
1313 679 1379 757 παρ’
1394 680 1485 753 αύτῆς
1509 675 1549 736 καί

243 797 313 856 ούτω
335 796 442 876 γίνηται
464 799 483 875 ή
505 803 558 858 τῶν
580 805 737 879 προνοητῶν
765 799 888 870 άθιύωσις
914 800 978 878 παρ’
992 800 1082 876 αύτής.
1130 797 1155 858 εἰ
1178 799 1208 859 δὲ
1231 799 1372 872 πολλάκις
1395 807 1456 859 τῶν
1482 799 1550 857 κατὰ

242 917 353 998 καιρούς
376 917 527 995 οἰκονόμων
549 941 590 992 τις
613 920 734 1001 εὑρεθείη
758 921 797 996 μὴ
820 925 904 981 ταῦτα
927 921 994 981 σύτω
1018 921 1249 1002 διαπραττόμενος
1263 923 1334 982 κατὰ
1349 924 1398 998 τὴν
1414 923 1549 1001 ἀνωτέρω

242 1040 399 1122 περίληψιν,
424 1045 619 1117 μεταστήσεται
634 1047 684 1118 τής
700 1040 865 1119 οἰκονομίας,
882 1043 1059 1118 κοινουμένης
1077 1038 1131 1128 [δὲ]
1146 1044 1191 1102 τόν
1206 1041 1269 1124 περὶ
1284 1044 1376 1104 τούτου
1393 1045 1486 1122 λόγον
1502 1049 1548 1118 τῆς

242 1163 453 1241 καθηγουμένης
476 1164 546 1239 μετὰ
568 1162 614 1224 καὶ
636 1169 686 1241 τῆς
711 1163 986 1240 ἀντιλαμβανομένης
1007 1171 1056 1240 της
1079 1171 1166 1242 μονῆς
1188 1167 1335 1244 γενήσεται
1352 1169 1450 1248 ἕτερος
1467 1164 1566 1250 οῖξιὲ-ι

241 1285 338 1362 λογσς.
385 1290 549 1357 συνσπτικῶς
572 1284 603 1344 δὲ
625 1289 702 1345 τούτο
726 1284 868 1366 διορίζεται
891 1287 909 1362 ή
933 1285 1061 1362 βασιλεία
1084 1306 1145 1368 μου,
1168 1287 1212 1346 ἵνα
1228 1290 1316 1348 πάντα
1332 1289 1393 1363 μετ’
1408 1287 1546 1363 εἱδήσεως

241 1406 288 1467 καὶ
311 1406 415 1483 βουλῆς
437 1412 485 1482 τῆς
508 1408 718 1484 καθηγουμένης
741 1405 936 1483 σίκονσμῶνται
952 1407 1027 1488 παρὰ
1042 1412 1088 1468 τοῖι
1103 1407 1174 1468 κατὰ
1187 1409 1238 1484 τὴν
1259 1411 1366 1489 ἡμέραν
1387 1408 1545 1489 οἰκονόμου,

243 1531 318 1589 ἔσται
341 1529 372 1590 δέ
394 1529 440 1588 σύν
463 1527 534 1610 αύτῷ
556 1526 604 1588 καί
624 1531 824 1610 παροικονόμσς
847 1531 861 1590 ό
885 1522 925 1602 εἰς
946 1537 999 1590 τῶν
1024 1531 1102 1612 ἐντῇ
1126 1537 1196 1613 μονῇ
1220 1531 1407 1612 ἀφορισμένων
1428 1531 1543 1610 ἱερέων,

241 1652 334 1723 καθὼς
362 1649 509 1732 εἰρήσεται,
540 1651 621 1730 ἔργον
645 1653 718 1730 έχων
740 1649 787 1712 καὶ
810 1653 888 1723 αύτδς
910 1652 941 1711 τό
963 1654 1051 1712 πάντα
1073 1651 1107 1711 τὰ
1130 1651 1336 1729 εἰσσδιαζόμενα
1361 1653 1444 1734 ἐνιῄ
1470 1661 1543 1732 μσνῇ

242 1775 362 1853 λογάρια
384 1775 544 1852 γεννήματα
562 1771 609 1833 καὶ
632 1774 717 1834 λοιπὰ
740 1774 800 1851 εἴδη
822 1776 1039 1856 προσγράφεσθαι
1062 1773 1109 1836 καὶ
1130 1776 1204 1853 ἔχειν
1228 1773 1331 1849 εἴδησιν
1354 1775 1464 1836 τούτων.
1498 1777 1543 1832 ότε

243 1896 274 1955 δὲ
297 1895 363 1967 ἴσως
385 1894 432 1956 καὶ
455 1893 597 1971 οἰκονόμος
620 1897 659 1971 μὴ
681 1899 803 1979 πάρεστι,
828 1897 898 1971 μετὰ
920 1895 1093 1977 προστάξεως
1115 1903 1164 1973 τῆς
1186 1899 1396 1974 καθηγουμένης
1419 1897 1541 1976 ἐνεργῶν

242 2019 316 2078 ἔσται
339 2017 373 2077 τὰ
395 2016 459 2099 παρ’
473 2019 556 2096 αύτής
580 2018 784 2094 ἐπιταττόμενα.

343 2141 423 2220 Κεφ.
449 2139 495 2201 ιε’.
521 2138 603 2221 Περὶ
626 2139 840 2230 τῶνιὶερέων.
873 2139 929 2200 Καὶ
953 2140 1044 2221 ἱερέας
1067 2137 1137 2200 εἶναι
1161 2139 1202 2200 δεῖ
1222 2138 1285 2220 περὶ
1299 2139 1347 2215 τήν
1371 2141 1455 2220 μονήν
1480 2142 1538 2205 δύο,

241 2263 379 2341 μοναχσύς
403 2264 545 2342 εύνσύχους
567 2264 598 2323 τδ
617 2261 757 2337 αἰδέσιμον
773 2263 826 2322 ἀπό
840 2267 890 2340 τῆς
911 2263 1053 2336 πολιτείας
1073 2264 1199 2342 ἔχοντας,
1223 2264 1361 2342 ἐπιεικεῖς,
1385 2263 1536 2324 συνεπολ-

241 2386 350 2464 μὲνους,
373 2383 479 2457 εἰδότας
501 2386 732 2462 ύπαναγινιῖισκειν
754 2385 852 2456 καλῶς
874 2385 908 2444 τὰ
929 2383 990 2464 ἱερά
1012 2390 1061 2461 τῆς
1083 2385 1158 2458 θείας
1180 2391 1286 2465 γραφῆς
1308 2387 1401 2465 λόγια,
1437 2384 1537 2465 σίπορὶφι

241 2507 271 2566 δὲ
294 2507 393 2566 τούτων
416 2505 462 2566 καί
486 2507 524 2581 μή
548 2506 696 2585 μονσχσύς,
728 2505 871 2584 εὐνούχους
894 2505 925 2566 δὲ
953 2508 1210 2587 μεμαρτυρημένσυς
1238 2507 1281 2566 ἐπ’
1294 2507 1379 2588 ἀρετῇ
1402 2507 1447 2566 καί
1469 2509 1533 2566 θεο-

240 2628 343 2710 σεβείᾳ,
368 2629 406 2700 ὡς
429 2631 460 2686 ἂν
483 2631 542 2700 ταῖς
565 2629 651 2687 αἰιτῶν
675 2626 760 2706 ἱεραῖς
784 2625 923 2706 εύλογίαις
945 2626 992 2686 καί
1009 2626 1214 2708 εύπρσσδέκτσις
1238 2629 1331 2704 εύχαῖς
1346 2629 1364 2703 ή
1382 2623 1534 2707 ἀδελφότης

240 2751 412 2826 βαηθσυμένη
434 2751 503 2828 πρός
524 2749 573 2824 τήν
588 2755 638 2824 τῆς
654 2749 753 2828 ἀρετῆς
778 2749 905 2828 ἐργασίαν
929 2749 1071 2828 εύάρεοτσν
1093 2743 1167 2828 ᾠδήν
1185 2748 1223 2820 εἰς
1238 2745 1296 2808 ὦτα
1311 2749 1402 2829 κυρίου
1418 2750 1534 2824 Σαβαὼθ

241 2872 436 2946 σίναπέμποιεν.
484 2872 498 2930 ό
522 2869 554 2930 δὲ
576 2869 625 2941 τὰς
647 2870 713 2950 ὑπὲρ
743 2871 823 2945 ἡμῶν
854 2868 958 2942 ἱκεσίας
986 2871 1072 2928 αύτῶν
1094 2871 1274 2950 προσιέμενος
1296 2872 1420 2945 εὐμενῶς
1442 2874 1533 2951 ἀφήσει

240 2997 304 3072 ήμῖν
328 2994 361 3054 τὰ
383 2995 556 3072 ὀφειλήματα
581 2995 609 3053 έν
632 2992 718 3074 καιρῷ
741 2995 866 3074 κρίσεως.
914 2993 966 3054 άπδ
991 2994 1022 3054 δὲ
1045 2999 1099 3054 τῶν
1122 2995 1247 3054 τοιούτων
1271 2992 1317 3054 δύο
1341 2993 1437 3074 ἱερέων
1460 2995 1474 3052 ό
1496 2987 1533 3062 εἷς

240 3118 314 3176 ἔσται
336 3115 383 3177 καὶ
404 3119 615 3196 παροικονόμος,
639 3118 677 3186 ὡς
702 3116 730 3176 ἐν
752 3115 791 3194 τῷ
813 3119 859 3176 τού
883 3113 1026 3191 οἰκονόμου
1048 3113 1193 3196 κεφαλαίῳ
1216 3115 1408 3195 περιείληπται
1429 3115 1532 3174 πλατύ-

238 3261 324 3320 τερον.
372 3239 488 3316 όπηνίκα
511 3237 579 3298 δὲό
609 3236 752 3314 οἰκονόμος
782 3237 837 3298 εἴτε
860 3239 898 3309 ὡς
929 3238 1063 3313 ἀδόκιμος
1095 3239 1177 3317 τυχόν
1208 3239 1383 3321 παρασταλῇ,
1415 3237 1532 3298 εἴτετοῦ
1603 3301 1604 3328 ,

240 3361 298 3434 βίου
322 3369 452 3442 μεταστῇ,
480 3362 718 3439 όπαροικονόμσς
742 3357 817 3433 άξιος
839 3363 877 3420 ὢν
900 3363 946 3420 τοῦ
969 3357 1132 3440 οἰκονομεῖν,
1155 3360 1199 3420 ἱνα
1223 3361 1435 3436 άποκαθιστήπαι
1459 3359 1532 3420 σίκο-
1603 3353 1604 3358 ’

239 3484 332 3562 νόμος,
356 3483 413 3541 ἀντ’
423 3483 527 3542 ἐκείνου
544 3482 575 3541 δὲ
590 3482 635 3541 ἱνα
652 3481 793 3560 εἰσάγηται
809 3481 885 3551 εὐθύς
902 3483 1004 3562 ἕτερος,
1029 3473 1085 3541 οἱον
1100 3483 1115 3540 δ
1130 3483 1217 3561 λόγος
1233 3483 1337 3542 ἄνωθεν
1352 3484 1530 3564 παρέστησεν.

345 3605 424 3682 Κεφ.
442 3603 495 3678 ις’.
521 3601 601 3684 Περὶ
623 3606 678 3663 τοῦ
699 3605 806 3676 πάσας
828 3605 886 3676 τὰς
910 3605 1118 3678 μοναζούσας
1140 3604 1186 3683 ὑφ’
1200 3605 1257 3664 ἕνα
1279 3599 1366 3664 εἶναι
1387 3624 1530 3680 πνευμα-

239 3727 329 3786 τικδν
353 3727 489 3807 πατέρα.
529 3726 670 3800 Βούλομαι
694 3725 724 3785 δὲ
748 3728 837 3798 πάσας
858 3726 908 3798 τὰς
931 3727 1098 3801 μοναζούσας
1123 3725 1162 3784 ένὶ
1184 3725 1358 3804 πνευματικῷ
1380 3725 1463 3808 πατρὶ
1477 3726 1533 3794 τούς

240 3850 342 3908 ἑαυτῶν
365 3847 525 3927 λογισμούς.
539 3848 690 3928 ἀναφέρειν,
714 3845 761 3908 καί
785 3849 904 3923 μάλιστα
928 3848 1048 3928 εὐνούχῳ
1065 3849 1147 3930 ἀρετῇ
1168 3849 1350 3923 διοιλσίμπσντι
1365 3847 1413 3909 καί
1428 3849 1532 3920 πολλήν
1603 3837 1604 3846 ’

238 3972 271 4031 έκ
291 3992 321 4030 τε
344 3975 390 4038 τού
412 3971 511 4049 χρόνον
533 3967 580 4030 καί
602 3975 652 4044 τῆς
680 3970 823 4045 ἀσκήσεως
853 3972 1032 4049 συναγαγόντι
1056 3971 1103 4046 τὴν
1125 3973 1223 4049 πεῖραν
1246 3977 1295 4048 τῆς
1316 3976 1369 4030 τῶν
1393 3971 1531 4048 λογισμῶν
1603 4033 1604 4050 ,

237 4091 378 4171 ἀναδοχῆς
409 4089 494 4170 ἱκανῷ
522 4095 623 4170 ψυχαῖς
654 4089 924 4170 έξομσλσγουμέναις
950 4092 1121 4168 κατάλληλα
1146 4095 1305 4173 προσφέρειν
1333 4091 1367 4151 τὰ
1393 4095 1530 4174 φάρμακα.

341 4215 419 4293 Κεφ.
444 4214 495 4285 ιζ’.
521 4211 601 4293 Περὶ
615 4217 671 4273 τού
686 4219 754 4285 πῶς
770 4213 798 4273 σί
814 4213 1096 4294 παραβάλλοντες
1112 4213 1531 4294 δρείλσυσινέντυγχάνειν

235 4339 307 4409 ταῖς
331 4339 497 4414 μαναχαῖς
518 4333 573 4394 καὶ
595 4335 683 4408 τίνες
706 4334 762 4396 καί
783 4337 872 4395 πότε.
913 4334 945 4395 Εἰ
969 4335 1015 4396 καί
1037 4337 1185 4416 πολλαχοῦ
1207 4343 1261 4397 τῶν
1286 4337 1442 4415 ἀσκητικῶν
1464 4359 1530 4417 παρ-

236 4458 423 4538 αγγελμάτων
452 4457 623 4536 διηγόρευται
646 4460 702 4529 τοῖς
724 4460 865 4538 πατράσιν,
898 4461 1056 4538 συγγένειαν
1080 4463 1214 4537 μσναγρῖς
1237 4459 1375 4535 μηδεμίαν
1398 4453 1469 4519 εἶναι
1492 4457 1530 4518 ἐπὶ
1603 4443 1604 4456 ’

235 4585 299 4660 γῆς,
330 4579 407 4638 ἀλλὰ
431 4579 476 4640 διὰ
497 4580 546 4654 τήν
575 4579 744 4660 ἀνθρωπίνην
772 4579 912 4639 ἀσθένειαν
939 4580 1103 4661 κελεύομεν,
1134 4581 1177 4640 ἵνα
1206 4580 1281 4660 εἰπερ
1307 4580 1529 4662 παραβάλλῃτῇ
1603 4551 1604 4582 ί

236 4709 306 4786 μονῇ
329 4705 407 4788 γυνή,
431 4703 521 4783 μήτηρ
543 4703 625 4780 παρόν
648 4702 817 4776 μοναζούσης
839 4705 856 4777 ή
881 4701 988 4782 ἀδελφὴ
1004 4705 1022 4778 ή
1037 4703 1125 4784 νύμφη
1143 4703 1186 4765 ἐπ’
1199 4700 1322 4782 ἀδελφῷ,
1347 4700 1528 4764 εἰσελεύσεται
