3240 5286
1313 341 1375 405 271

72 530 209 591 ἐπέκεινα
231 537 281 608 τῆς
303 537 358 610 γῆς
379 533 510 593 τοσούτων
533 533 681 615 ζευγαρίων
705 534 800 613 ἑτέραν
821 539 875 612 γῆν
900 533 1002 610 μοδίων
1021 534 1131 614 χιλίων,
1153 536 1214 610 ἥτις
1230 534 1378 615 εύρίσκεται

71 653 107 712 ἐν
129 653 169 732 τῷ
192 653 289 734 χωρίῳ
303 653 450 734 λεγομένῳ
467 655 663 732 Κοοβέλτζισν,
690 655 854 736 εὑρίσκονται
870 655 902 715 δὲ
918 655 948 716 ἐν
963 657 1029 738 αύτῇ
1044 661 1078 739 τῇ
1093 661 1130 738 γῇ
1146 651 1259 741 [χωρία]
1271 655 1293 739 1)
1307 677 1377 716 κοιτ-

70 775 202 851 εχόμενα
224 775 300 856 παρὰ
321 779 367 836 τοῦ
382 776 589 856 θεοφιλεστάτου
606 777 751 837 ἐπισκόπου
766 775 813 836 καί
829 782 882 838 τῶν
899 777 1042 857 κληρικῶν
1056 783 1105 854 τῆς
1120 779 1203 854 αὐτῆς
1219 778 1376 854 ἐπισκοπῆς.

70 897 207 969 ὡσαύτως
237 897 422 980 ἐνεφάνισεν1)
448 904 482 981 τῇ
510 899 564 980 ἐμῇ
592 898 721 981 βασιλείᾳ
749 899 866 970 όαύτός
894 900 1036 980 ἀρχιερεύς
1059 900 1129 976 μετὰ
1153 895 1263 986 [τῶν)1)
1288 901 1378 961 ἐκεῖσε

69 1019 221 1098 κληρικῶν
247 1021 409 1106 πρόσταγμα
436 1020 579 1096 βασιλικόν
606 1019 653 1080 καὶ
680 1021 834 1081 αύθεντικδν
860 1022 940 1096 ἡμῶν
970 1017 1039 1107 [καί]
1063 1021 1177 1102 διάφορα
1198 1023 1378 1104 ἐπικυρωιτκθ

70 1135 227 1226 [σιγιλλια]
255 1140 436 1220 ἀποφαίνοντα
458 1137 528 1202 εἶναι
553 1138 660 1227 [αύτούς
682 1138 826 1228 δεσπότας]
849 1148 903 1202 τῶν
930 1141 1218 1228 ἐναγεγραμμένων1)
1243 1145 1377 1221 ἐκκλησι-

70 1268 195 1322 αστικῶν
222 1265 401 1343 πραγμάτων,
431 1259 498 1349 [καί]
507 1261 533 1349 ι1)
556 1265 700 1345 ἐγγράφως
722 1270 756 1346 τῇ
780 1264 910 1348 βασιλείᾳ
933 1285 985 1340 μου
1008 1265 1121 1341 ἐδήλου,
1150 1261 1221 1327 εἶναι
1242 1267 1289 1327 τόν
1312 1268 1377 1327 θεο-

69 1385 241 1462 φιλέστατον
272 1385 416 1448 ἐπίσπαστον
439 1385 554 1466 Σταγιῖιν
581 1387 651 1464 μετὰ
677 1393 730 1447 τῶν
754 1361 832 1448 αύτού
854 1389 997 1468 κληρτκῶν
1019 1387 1154 1460 δεσπότας
1175 1387 1222 1449 καὶ
1243 1392 1378 1468 κατόχους

72 1513 131 1566 τῶν
154 1507 410 1588 ἀναγεγραμμένων
434 1509 616 1570 ἐνυποστάτων
638 1510 776 1589 παροίκων
799 1509 870 1586 μετὰ
884 1517 934 1588 τῆς
948 1516 1001 1588 γῆς
1017 1513 1104 1572 αύτῶν
1118 1512 1291 1592 χωρούοης11)
1314 1515 1377 1585 ζευ-

71 1633 161 1712 γάρια
184 1631 255 1692 δέκα
278 1631 358 1692 ἐννέα
379 1630 426 1692 καί
449 1633 576 1693 ἐπέκεινα
597 1634 706 1711 τούτων,
730 1634 781 1693 ὅσα
804 1633 833 1692 ἐν
856 1634 894 1714 τῷ
915 1632 1057 1714 πρακτικῷ
1071 1635 1253 1714 γεγραμμένα
1268 1638 1376 1715 τυγχά-

70 1773 175 1814 νουσιν.
222 1752 383 1827 ἀκολούθως
413 1753 444 1814 δὲ
475 1755 577 1827 τούτοις
600 1755 810 1834 ἐνεφανίσθησαν
832 1754 875 1816 ὑπ’
888 1754 975 1816 αύτιῖιν
997 1753 1044 1816 καί
1065 1757 1201 1836 πρακτικὰ
1223 1759 1272 1818 ουκ
1294 1757 1377 1835 όλίγα

72 1871 182 1961 [καί)ῖ)
206 1876 330 1956 σιγίλλια
350 1869 413 1958 περί
434 1883 488 1936 τῶν
510 1879 664 1958 προσόντων
686 1885 719 1960 τῇ
743 1880 883 1961 ἁγιωτάτῃ
907 1879 1041 1958 ἐπισκοπῇ
1057 1879 1172 1956 Σταγιῖνν
1194 1878 1378 1958 ἐπικυρωτικέ

72 1999 150 2072 μετὰ
171 1997 386 2078 χρυσοβσύλλων
408 2005 461 2060 τῶν
483 2001 535 2078 πρό
556 2001 636 2076 ἡμῶν
659 1999 796 2073 βασιλέων
815 1998 862 2058 καί
878 2001 959 2080 ἕτερα
975 1995 1133 2085 [πρακτικὰ]
1150 1999 1375 2084 ἀναγραφέωνθ),

70 2122 170 2196 πάσης
190 2118 237 2180 καὶ
259 2120 388 2192 παντοίας
411 2120 581 2198 δημοσιακῆς
605 2123 744 2196 ζητήσεως
764 2142 794 2181 τε
816 2119 863 2181 καί
886 2120 989 2192 δόσεως
1010 2120 1058 2183 καὶ
1080 2122 1228 2200 ὀχλήσεως
1242 2121 1288 2182 καί
1306 2124 1377 2200 ἐπη-

73 2242 156 2320 ρείας
177 2240 225 2301 καὶ
248 2243 347 2318 ζημίας
370 2237 513 2324 ἀνωτέρως
536 2243 718 2321 διατηρεῖσθαι
742 2244 967 2320 διαλαμβάνοντα
988 2247 1076 2305 πάντα
1097 2245 1132 2304 τὰ
1154 2246 1204 2306 ύττό
1219 2247 1268 2321 τὴν
1284 2247 1372 2326 άγιω-

73 2366 163 2436 τάτην
187 2363 346 2442 ἐπισκαπην,
370 2364 430 2435 τούς
450 2365 599 2444 κληρικσύς
615 2364 736 2444 δηλαδή,
758 2365 821 2438 τούς
837 2365 966 2445 ἐνοίκους,
989 2366 1024 2426 τὰ
1038 2365 1139 2446 χωρία,
1161 2367 1196 2427 τὰ
1211 2371 1377 2449 μοναστόρτα

72 2484 125 2544 καί
153 2487 216 2558 τούς
242 2486 293 2545 ύπό
314 2487 364 2560 τὴν
387 2485 492 2567 ἐνορίαν
516 2486 599 2562 αύτῆς
621 2487 701 2559 ὄντας
722 2486 887 2567 ἱερωμένους
911 2483 970 2572 [καὶ
991 2483 1117 2574 λαϊκούς]
1126 2489 1160 2568 1),
1193 2489 1324 2568 Βλάχους
1345 2511 1375 2550 τε

72 2606 124 2666 καὶ
148 2608 325 2688 Βουλγάρους
347 2607 394 2668 καί
417 2607 590 2684 Ἀλβανίτας.
635 2613 718 2669 ταῦτα
741 2609 772 2669 δὲ
795 2613 881 2670 πάντα
893 2611 928 2688 ¹⁰)
950 2613 1125 2688 γεγενημένα
1147 2611 1218 2672 κατὰ
1234 2611 1283 2688 τὴν
1296 2613 1375 2692 περί-

73 2731 164 2806 ληψιν
192 2737 247 2790 τῶν
278 2731 532 2811 ἀναπεφωνημένων
564 2731 713 2804 βασιλικῶν
743 2731 968 2811 χρυσοβούλλων.
1015 2734 1085 2794 καθό
1107 2732 1153 2793 καί
1176 2734 1205 2792 τό
1228 2736 1374 2815 πρακτικόν

73 2851 175 2928 ἴδομεν
198 2852 245 2912 καὶ
261 2853 421 2933 ἐπέγνωμεν
436 2857 483 2914 τού
499 2856 639 2932 Μανούση,
662 2858 708 2914 τοῦ
723 2853 942 2935 χρηματίσαντος
956 2857 1108 2936 πράκτορας
1123 2855 1170 2916 καὶ
1185 2856 1374 2938 άνογραφέως,

74 2976 161 3054 φέρον
185 2973 375 3050 ἐπιβεβαίωσιν
397 2975 506 3036 όπτσθεν
527 2980 573 3036 τοῦ
594 2975 864 3059 πρωτοσεβάστου11)
887 2976 1020 3052 σεβαστοῡ
1042 2978 1189 3056 ύπερτάτου
1210 2980 1372 3058 πράκτορας.

73 3096 238 3176 περιείληφε
248 3093 286 3177 11)
309 3097 341 3156 δὲ
362 3085 518 3157 τδτσιοῦτο
541 3100 697 3179 πρακτικόν,
720 3097 878 3158 διοικεῖσθαι
901 3099 948 3174 τὴν
972 3099 1123 3176 ἐπισκοπὴν
1146 3097 1184 3172 εἰς
1199 3101 1229 3160 τό
1247 3101 1373 3162 Παλαιὸ-

74 3237 196 3298 καστρον
219 3211 341 3303 [γῆν]11)
364 3217 557 3299 διανρατούσαν
580 3221 644 3280 αύτό
665 3217 788 3300 καὶπερὶ
810 3220 871 3292 τούς
892 3221 1032 3300 τρίποδας
1051 3222 1145 3282 τούτου
1162 3223 1278 3300 ἔχουσαν
1293 3243 1373 3306 περι-

77 3339 176 3412 βόλιον
202 3337 250 3399 καί
271 3339 384 3420 λόετρον
407 3341 538 3421 σύνεγγυς
559 3347 606 3402 τού
629 3341 708 3420 ἁγίου
729 3345 794 3402 ναοῦ
816 3345 861 3402 τού
885 3341 1055 3424 Προθρόμου,
1088 3344 1152 3404 ἔνθα
1173 3342 1221 3404 καί
1243 3345 1261 3420 ἡ
1285 3345 1374 3427 βρύοις

77 3460 161 3540 ἐστίν,
192 3461 232 3520 ἐτι
263 3461 295 3520 δέ
322 3460 368 3521 καὶ
392 3459 431 3535 είς
452 3463 514 3535 τούς
535 3463 675 3543 πρόποδας
698 3467 744 3524 τοῦ
767 3464 846 3524 αύτοῦ
870 3463 1097 3547 Παλαιστιάστρου
1119 3467 1149 3526 τό
1173 3467 1313 3548 ἐμπόριον,
1344 3468 1373 3528 ἐν

76 3577 110 3664 ᾧ,
137 3584 176 3654 ὡς
199 3581 302 3657 ἐδήλου
323 3585 354 3643 τό
377 3585 440 3644 α’ντδ
462 3589 619 3667 πρακτικόν,
644 3581 766 3668 εἶχεν11)
788 3588 806 3661 ἡ
828 3587 893 3662 αθτὴ
914 3587 1052 3666 άγιωτάτη
1066 3587 1205 3665 ,ἐπισκοτιη
1227 3589 1374 3671 κληρτκοὶις

78 3707 274 3776 ἐνυποστάτους
310 3709 454 3788 τριάκοντα
492 3709 540 3766 ένα
577 3706 624 3767 καί
663 3707 783 3780 ἐνοίκους
816 3707 1014 3780 ἀνυποστάτους
1048 3706 1182 3786 ἑξήκοντα
1214 3713 1295 3771 πέντε
1327 3712 1374 3772 καί

78 3827 209 3902 μυλῶνος
239 3827 474 3912 όλοκαιρινούςΙύ)
507 3827 552 3890 δύο
582 3827 628 3888 καί
658 3830 819 3905 μυλοθέσιον
850 3833 894 3891 έν·
927 3831 965 3892 ἔτι
993 3831 1025 3892 δὲ
1052 3833 1166 3913 εύρσμεν
1190 3831 1279 3913 ἐντῷ
1302 3833 1373 3915 αύτῷ

77 3948 220 4029 πρακτικῷ
248 3948 296 4010 καί
325 3946 359 4010 τὰ
390 3950 419 4010 ἐν
448 3955 482 4032 τῇ
513 3949 631 4033 ἐπαρχίᾳ
660 3953 727 4033 αθτφ
756 3953 898 4034 μονήδρια,
930 3951 970 4026 εἰς
993 3955 1109 4032 μετόχια
1132 3954 1196 4014 όντα
1217 3961 1267 4032 τῆς
1289 3955 1373 4033 αὐτῆς

77 4075 235 4152 ἁγιωτάτης
273 4073 432 4152 ἐπισκοπῆς,
469 4076 518 4148 τόν
556 4093 586 4132 τε
624 4071 758 4156 μονην11)
791 4081 841 4151 της
873 4074 1023 4156 ύτεραγίας
1056 4073 1194 4137 Θεοτόκου
1228 4071 1372 4161 [ἐπιλεγο-

185 4317 204 4381 1)
229 4315 427 4384 Supplevimus.
499 4315 520 4382 ²)
547 4313 684 4382 ἐνεφάνισαν
707 4317 742 4368 Η.
813 4317 834 4382 1)
857 4316 950 4383 Suppl.
1021 4317 1044 4382 ⁴)
1066 4312 1277 4386 πρασταγματικθυ
1302 4317 1326 4386 β.
1350 4337 1372 4374 κ,

78 4409 131 4462 αύθ.
149 4410 221 4480 ἡμῶν
233 4409 356 4479 διάφορον,
369 4404 539 4479 ἐπικυρωτικύν
551 4405 600 4469 ὅτις
613 4408 671 4478 φαίη
691 4402 750 4460 εἶναι
763 4411 811 4460 τῶν
824 4407 891 4478 ἀναγ.
905 4412 940 4462 Η.
1012 4411 1034 4478 ⁵)
1047 4411 1139 4480 Suppl.
1210 4413 1232 4480 ⁰)
1249 4413 1372 4484 χορούσαν

79 4507 183 4558 emend.
202 4508 238 4558 Η.
310 4505 389 4573 7)ιια“ι
407 4507 494 4575 suppl.
565 4506 587 4574 ⁸)
606 4505 645 4556 καὶ
669 4504 755 4574 ἐτέρων
774 4504 918 4575 ἀναγραφῶν
936 4509 969 4558 Η.
1041 4507 1062 4573 1)
1081 4507 1172 4576 Suppl.
1245 4509 1277 4577 ¹⁰)
1295 4509 1372 4562 πάντα

79 4599 108 4653 τέ
128 4620 152 4671 γ.
171 4605 207 4654 Η.
280 4604 311 4670 11)
334 4601 572 4672 πρωτο[πατρικίου]
590 4604 625 4654 Η.
698 4603 730 4669 11)
748 4601 856 4671 περιεῖλε
874 4604 908 4653 Η.
981 4603 1012 4670 ¹²)
1031 4603 1123 4672 Suppl.
1196 4605 1228 4672 ¹⁴)
1248 4603 1271 4655 ἐν
1293 4598 1315 4674 ᾧ
1337 4603 1371 4658 ἐθ.

79 4697 113 4757 ὡς
131 4692 195 4768 εἶχεν
213 4700 248 4752 Η.
321 4700 352 4766 11)
370 4695 522 4768 ὁλοκαιρίους
541 4701 574 4750 Η.
647 4699 679 4766 11)
697 4697 713 4763 ᾗ
731 4716 756 4750 τι
776 4699 845 4768 μονή,
863 4706 893 4751 ut
912 4701 992 4752 etiam
1011 4701 1123 4753 inferius
1140 4701 1175 4752 Η.
