3194 5298
258 355 319 421 124

255 547 392 626 οἰκήματα
414 550 605 630 έμρυτευτικοί·
630 553 721 629 ἕτερον
742 551 844 630 τοπιον,
868 549 896 608 έν
919 544 942 628 ᾧ
964 549 1128 627 εὑρίσκονται
1149 546 1197 608 καὶ
1219 545 1355 623 οἰκήματα
1371 546 1540 628 έταιριαίρχου

253 675 300 731 τοῦ
322 671 447 732 Καλίδου
473 669 520 732 καὶ
545 677 595 748 τῆς
617 673 740 753 ἀδελφῆς
763 674 841 733 αῦτοῦ
862 678 912 748 τῆς
934 671 1094 752 Φωκαίνης,
1124 670 1190 750 ὑπὲρ
1212 663 1250 730 ὧν
1271 670 1379 731 τελοῦσι
1401 667 1449 728 καὶ
1471 663 1541 730 οῦτοι

254 793 322 872 προς
351 795 381 852 τ“ο
411 795 494 874 μέρος
515 799 565 870 τῆς
592 783 720 874 ρηθείσης
740 794 890 870 σεβασμίας
913 800 998 872 μονῆς
1019 795 1050 853 το
1073 794 1178 868 ἐτήσιον
1202 791 1370 870 έμρῦτευμα·
1397 791 1473 864 ἐντος
1496 796 1541 851 τοῦ

230 903 232 907 ’
254 913 397 994 εἰρημένου
422 919 538 995 κοίατρου
564 914 755 994 ῦθρομῦλωνες
782 915 947 997 ὁλοκαιρινοί
961 915 1007 996 ’ζ’,
1043 916 1083 994 ἐφ’
1097 907 1136 986 οἷς
1162 913 1209 974 καί
1237 913 1378 994 ἐπορίαατο
1404 915 1435 974 τ“ο
1458 916 1541 994 μέρος

254 1040 303 1112 τῆς
319 1035 401 1112 αὐτῆς
416 1036 566 1110 σεβασμίας
582 1043 652 1113 μονῇ
669 1037 730 1107 ςκαὶ
745 1038 816 1097 θεῖον
832 1036 879 1097 καί
894 1038 990 1097 σεπτὸν
1005 1035 1223 1116 χρυσέβουλλον·
1242 1038 1335 1116 ἕτερος
1342 1034 1366 1118 ¹)
1382 1035 1540 1117 ῦθρομῦλων

255 1153 286 1229 ἐξ
308 1157 456 1238 ἀγορασίαις
478 1158 530 1217 ἀπο
552 1162 598 1218 τοῦ
613 1159 765 1219 Σιναθινοῦ·
790 1159 893 1234 ἀμπέλι
917 1157 945 1217 ἐν
967 1159 1159 1240 τῇτοποθεσίᾳ
1172 1161 1219 1218 τοῦ
1234 1157 1311 1235 αίγίου
1327 1157 1474 1218 Βασιλείαν
1490 1155 1541 1216 αὐτο

254 1275 439 1359 προσενέξεως
454 1275 520 1364 [τοῦ]
538 1280 691 1340 Φιλίππου·
717 1283 807 1360 ἕτερον
823 1279 863 1352 εἰς
877 1281 922 1340 τὀν
943 1278 1083 1340 Ἐλαιιῦνα
1099 1281 1151 1340 ἀπο
1168 1277 1354 1360 τροσενέξεως
1368 1281 1415 1339 τοῦ
1427 1279 1540 1354 Τζίντζη

253 1398 299 1458 καὶ
315 1394 370 1484 [τὰ]
386 1403 432 1459 τοῦ
446 1401 606 1478 Βογολέγου
631 1404 770 1482 χωροίρια·
805 1399 951 1477 ἐξοίμπελα
967 1403 995 1460 ἐν
1011 1409 1043 1483 τῇ
1059 1403 1204 1484 τοποθεσίᾳ
1217 1407 1270 1461 τῶν
1286 1401 1408 1462 Δανείων
1424 1399 1456 1474 ἐξ
1472 1401 1541 1480 ἀγο-

253 1521 346 1601 ρασίας
361 1520 408 1580 καὶ
424 1521 475 1581 ἀπὸ
490 1521 675 1602 προσενέξεως
690 1523 810 1601 Μιχαὴλ
825 1527 870 1583 τοῦ
887 1523 1033 1604 Πελαργοῦ
1049 1523 1149 1598 μοθίων
1165 1522 1202 1581 υ’·
1228 1526 1320 1603 ἕτερον
1335 1525 1475 1604 χωράριον
1491 1523 1541 1580 ἀπο

251 1638 437 1723 προοενέξεως
458 1647 504 1704 τοῦ
520 1643 672 1724 Ἄραβαντᾶ
691 1643 732 1718 εἰς
749 1647 780 1705 το
796 1645 955 1723 Ἀγελίτζην
976 1640 1076 1720 μοθίων
1094 1644 1139 1718 ις’·
1164 1652 1200 1724 γῆ
1221 1647 1274 1705 ἀπὸ
1294 1635 1483 1725 Ιπροοενέξεως
1497 1642 1542 1704 καί

253 1759 308 1849 [ἐξ]
325 1763 472 1844 ἀγορασίαις
494 1763 533 1836 είς
552 1766 597 1825 τον
611 1768 692 1826 τέπον
707 1773 756 1843 τῆς
772 1767 924 1846 Μελιροίας
937 1767 1054 1843 πλησίον
1068 1773 1119 1843 τῆς
1133 1773 1187 1846 γῆς
1201 1773 1254 1826 τῶν
1270 1765 1473 1842 Κουβουκλέων
1490 1788 1541 1841 μο-

254 1883 377 1946 δίωνΨ
333 1907 390 1959 ας·
414 1887 494 1967 ἑτέρα
515 1894 552 1966 γῆ
576 1887 615 1961 εἰς
636 1889 685 1964 τὴν
699 1891 804 1948 Κῦσιαν
824 1889 941 1966 πλησίον
963 1897 1012 1964 τῆς
1034 1895 1087 1966 γῆς
1102 1893 1149 1949 τοῦ
1166 1889 1312 1969 Πελαργοῦ
1327 1887 1374 1948 καὶ
1389 1893 1436 1947 τοῦ
1452 1888 1541 1963 δημο-

253 2011 347 2068 σιακοῦ
365 2009 541 2089 συνόρουσαν
563 2017 596 2092 τῇ
619 2011 672 2070 ἀπὸ
693 2015 739 2070 τοῦ
754 2010 842 2090 Ξιρέα
857 2010 1012 2088 μοδίων’
973 2031 1066 2091 ρν·ε
1052 2012 1132 2092 ’τέρα
1146 2017 1182 2090 γῆ
1199 2009 1411 2090 θιαπεριῦριοτος
1424 2010 1542 2086 πλησίον

253 2136 302 2205 τῆς
323 2135 377 2209 γῆς
398 2135 450 2190 τῶν
467 2131 676 2206 Κουβουκλείων
698 2153 744 2193 και
765 2140 815 2210 τῆς
836 2140 890 2212 γης
912 2155 958 2194 του
942 2133 1119 2213 Πελαργοῦ
1142 2131 1266 2214 μοδίων
1268 2131 1324 2191 αυ·
1349 2133 1429 2212 έτέρα
1449 2139 1487 2210 γη
1505 2131 1543 2203 εἰς

253 2252 284 2312 τ“ο
306 2250 454 2326 Λειβοίδιον
476 2253 577 2329 μοθίων
600 2253 624 2312 α’
649 2253 713 2314 ἄνευ
734 2261 784 2331 τῆς
808 2255 897 2315 ἐκεῖσε
919 2261 973 2333 γῆς
993 2257 1040 2314 τοῦ
1063 2255 1183 2336 Δραγέη,
1214 2254 1243 2314 ἐν
1266 2249 1284 2336 ᾗ
1307 2253 1472 2334 εὑρίσκονται
1498 2252 1543 2314 καὶ

254 2374 403 2450 μυλοτόπια
426 2375 482 2456 550,
506 2373 547 2455 ἐρ’
556 2367 596 2448 οἷς
619 2376 761 2457 έπορίσατο
783 2377 854 2437 κατὰ
876 2378 959 2456 μέρος
974 2378 1004 2436 τ“ο
1021 2378 1104 2456 μέρος
1118 2383 1167 2452 τῆς
1182 2377 1305 2452 τοιαῦτης
1321 2375 1471 2450 οεβασμίας
1489 2396 1542 2450 μο-

253 2501 302 2572 νῆς
325 2497 396 2557 θεῖον
418 2495 465 2556 καὶ
488 2499 583 2558 σεπτὸν
605 2498 828 2580 χρυσέβουλλον·
852 2501 980 2576 μετοχιον
1003 2501 1154 2574 τιμώμενον
1175 2496 1214 2570 είς
1229 2497 1316 2574 ὄνομα
1329 2500 1376 2558 τοῦ
1390 2496 1482 2578 κυρίου
1497 2495 1544 2558 καί

254 2619 316 2677 θεοῦ
338 2615 384 2678 καί
406 2624 526 2700 σωτῆρος
547 2621 626 2696 ἡμῶν
642 2619 733 2694 Ἰησοῦ
748 2621 863 2700 Χριστοῦ
887 2619 1104 2696 ἐπικεκλημένοι
1126 2625 1171 2680 τοῦ
1188 2619 1378 2700 Γαστελέγκου
1401 2619 1470 2696 μετὰ
1494 2626 1543 2695 τῆς

251 2746 385 2820 περιοχῆς
413 2739 460 2799 καί
489 2747 575 2817 νομῆς
602 2743 680 2800 αῦτοῦ
706 2739 753 2801 καὶ
779 2748 832 2800 τῶν
860 2743 905 2801 σὺν
930 2740 999 2820 αῦτῷ
1021 2743 1262 2820 προσκαθημένων,
1299 2737 1375 2822 έρίἶι
1399 2741 1543 2822 ἐπορίσατο

252 2859 300 2921 καὶ
321 2861 351 2920 τθ
373 2862 457 2942 μέρος
479 2868 528 2938 τῆς
549 2863 672 2940 τοιαῦτης
695 2863 845 2940 σεβασμίας
868 2871 954 2940 μονῆς
976 2863 1022 2923 καί
1045 2865 1117 2923 θεῖον
1139 2864 1185 2924 καὶ
1208 2866 1304 2924 σεπτον
1319 2863 1541 2944 χρυσέβουλλον

251 2982 312 3064 περὶ
338 2985 368 3043 τ“ο
399 2983 461 3044 αθτῦ
489 2985 616 3062 μετῦχιον
648 2991 710 3063 γῆν,
745 2987 838 3060 ἥντινα
866 2982 1006 3069 ἑκραίτειέ)
1033 2987 1161 3066 πρότερον
1190 2987 1205 3044 5
1232 2987 1321 3065 μέγας
1348 2986 1501 3063 λογοθέτης
1527 2988 1542 3044 5

252 3105 407 3184 Μετοχίτης
436 3106 539 3178 ἐκεῖνος
565 3105 613 3166 καὶ
640 3107 722 3184 ἐδέθη
749 3109 816 3188 προς
843 3109 873 3167 τ“ο
901 3109 984 3187 μέρος
1005 3113 1055 3183 τῆς
1076 3109 1200 3182 τοιοῦτης
1223 3113 1309 3184 μονῆς
1332 3105 1378 3167 διὰ
1399 3108 1470 3168 θείου
1495 3107 1541 3168 καὶ

252 3231 348 3287 σεπτοῦ
377 3227 595 3308 χρυσοβοῦλλου·
626 3231 655 3289 έν
678 3236 710 3312 τῇ
733 3231 876 3312 τοποθεσίᾳ
904 3237 953 3306 τῆς
975 3227 1198 3311 Στραστριβίτζας
1224 3229 1340 3305 πλησίον
1362 3234 1409 3290 τοῦ
1432 3233 1541 3311 συνέρου

251 3353 297 3409 τοῦ
325 3347 462 3431 χωραρίου
491 3353 537 3411 τοῦ
559 3351 798 3432 Κραβαομοῦντου,
832 3359 882 3429 τῆς
911 3352 974 3412 5505
1003 3359 1053 3430 τῆς
1076 3350 1261 3431 ἐξερχομένης
1283 3351 1335 3412 ἀπο
1357 3357 1403 3412 τοῦ
1424 3357 1540 3434 κοίοτρου

251 3473 360 3552 Σερριῦν
389 3473 435 3532 καί
462 3473 618 3550 ἀπαγοῦαης
639 3471 686 3544 είς
707 3475 752 3534 τὸν
774 3477 907 3535 καίπεοτον
930 3481 978 3550 τῆς
1000 3481 1054 3553 γῆς
1076 3479 1121 3534 τοῦ
1142 3475 1276 3554 Λαίσκαρη
1300 3472 1346 3534 καί
1369 3479 1416 3535 τοῦ
1440 3475 1538 3556 ρῦακος

251 3591 353 3668 μοδίων
375 3595 598 3675 τετρακισχιλίων
619 3597 814 3676 τετρακοσίων·
838 3597 918 3674 έτέρα
940 3601 976 3675 γῆ
1001 3593 1039 3666 εἰς
1062 3597 1110 3671 τὴν
1126 3596 1223 3675 Ἰθέαν,
1246 3598 1339 3671 ἥντινα
1355 3591 1432 3675 εἶχεν
1448 3598 1461 3656 5
1479 3645 1486 3658 .
1504 3643 1536 3657 ..

252 3715 376 3790 οίμπελον
399 3715 500 3791 μοδίων
515 3713 540 3776 κ’
562 3720 581 3792 ἢ
603 3715 830 3801 χερσοίμπελονθ)
855 3717 956 3792 μοδίων
972 3717 1009 3789 ς’·
1035 3715 1191 3794 ἐξαίμπελον
1207 3717 1308 3793 μοδίων
1326 3717 1374 3778 ιδ’·
1398 3717 1538 3799 προβολὴν

250 3838 438 3914 μακελλικήν·
460 3841 597 3918 χωροίριον
619 3840 722 3914 μοθίων
746 3836 771 3900 ι’·
795 3844 885 3921 ἕτερον
909 3838 1009 3916 μοθίων
1031 3839 1070 3919 γ’·
1092 3835 1333 3925 [προσκαθήμενοι]
1356 3841 1501 3920 Μαρθαῑος
1523 3840 1537 3898 5

249 3959 373 4037 χαλκεὺς
402 3961 417 4018 5
447 3961 651 4040 Πεπλεγμένος
675 3963 775 4038 ἤτοι’
764 3983 779 4022 α
802 3962 1031 4042 Ανατολικος,
1018 3983 1077 4038 εχει
1110 3963 1207 4020 Ανναν
1237 3961 1458 4042 γυναικαδέλρην
1487 3962 1535 4038 τὴν

251 4080 401 4160 Ποταμίαν,
425 4083 663 4164 σιίγγαμβρονέιτ’
639 4085 794 4167 αῦτῇ..
813 4085 912 4164 ,μῦρη
936 4084 1086 4144 ἐνοικιακον
1101 4083 1183 4154 τέλος
1197 4083 1350 4158 νομίσματα
1367 4082 1401 4144 ιδ’
1418 4085 1535 4159 μιλλια-

250 4206 407 4284 ρηοια...
431 4205 527 4278 ὁυίος
549 4208 673 4266 Τισου
632 4227 688 4286 ροις
711 4207 772 4284 ἔχει
794 4209 899 4286 μητέρα
922 4205 1036 4284 Θεοῦώρ
998 4225 1080 4284 ωραν,
1108 4204 1228 4264 οίκιακῦν
1251 4207 1389 4277 τέλος..
1407 4205 1480 4278 ,ίες
1505 4209 1535 4263 το

248 4325 348 4404 χωρίον
377 4329 422 4386 τον
447 4328 573 4388 ίίσίνακον
603 4329 656 4388 ἀπο
682 4333 734 4386 τῶν
757 4329 901 4406 Κυνηγιῦν,
928 4331 1003 4406 χήρα
1029 4330 1046 4402 ἡ
1073 4332 1119 4386 τοῦ
1141 4328 1325 4408 Μερζοίνη,έ
1312 4349 1371 4405 χει
1393 4327 1465 4399 υἱοθς
1488 4325 1536 4388 καὶ

249 4451 399 4530 θυγατέρας
421 4449 466 4510 καὶ
489 4451 609 4532 Τερίκαν
637 4451 771 4537 θυγατέρα
793 4449 973 4529 Ζομπρίτζοιν,
1003 4449 1129 4530 γαμβρὸν
1152 4450 1194 4509 ἐπ’
1208 4452 1274 4532 οῦτῇ
1298 4449 1423 4528 Βλάχον,
1454 4451 1534 4520 τέλος

354 4713 372 4778 ¹)
391 4709 478 4779 ἐτέρων
496 4713 517 4761 1.
588 4712 607 4777 ²)
625 4707 710 4778 έκροίτη
728 4711 749 4762 Ι.
819 4712 840 4772 ³)
858 4709 1029 4779 χρυσέμπελαν
1048 4713 1068 4762 1.
