3208 5310
1289 368 1331 432 49

66 558 133 634 ρᾶηισν
160 555 198 628 είς
225 559 258 617 τὸ
280 555 355 630 Ἔξω
378 558 490 636 Πηηάὸι
519 557 588 618 κατὰ
618 559 715 640 ἄρκτον
742 564 787 618 τοῦ
813 560 953 640 χωραρίου
975 565 1021 621 τοῦ
1043 560 1180 642 Κάρβαρι,
1210 559 1281 620 κατὰ
1304 561 1336 620 δὲ

67 679 210 760 μεσημβρίαν
239 685 287 741 τοῦ
312 681 473 761 Ῥομπὸτου,
505 683 567 741 ὅσον
594 679 641 741 καί
669 675 724 741 οἷὸν
749 682 827 741 ἐστιν.
859 680 925 742 είσίν
948 680 993 742 δίο
1015 679 1063 741 καὶ
1085 681 1206 759 πηγάδια
1222 681 1257 756 β’.
1289 681 1336 742 καί

65 804 97 860 ἐνε
116 805 201 882 ἕτερον
224 799 365 882 χωροίριον
385 803 416 862 τὸ
440 799 495 876 ἔξω
517 807 563 864 τοῦ
586 802 723 878 ἀμπελίου
745 803 791 863 καί
814 809 860 864 τοῦ
882 802 1050 880 κλείοματος
1071 807 1118 864 τοῦ
1137 804 1275 886 χωραρίου
1290 809 1336 866 ποθ

63 925 227 1003 ερεελθὸντος
259 924 312 984 ἀπὸ
341 928 387 984 τοῦ
415 923 595 1004 Χρυοοβέργη
626 924 728 1000 μοδίων
744 923 780 1004 β’,
811 927 905 998 καθὼς
935 929 1022 986 κεῖται
1051 925 1122 985 κατὰ
1153 925 1335 1006 μεσημβρίαν.

61 1047 130 1126 ἕτερον
151 1049 290 1126 χωράριον
312 1047 379 1124 πρὸς
401 1045 473 1106 ὸθοιν
495 1046 588 1106 τούτου
609 1051 655 1106 τοῦ
677 1045 845 1123 κλείσματος
868 1048 882 1104 ὸ
904 1048 1003 1126 Μέγας
1018 1049 1124 1126 Λαχὸς,
1148 1048 1242 1120 καθώς
1265 1047 1337 1107 ἐστιν

59 1165 257 1248 ῐέισπεριὸριστον
272 1167 426 1248 ἀρχόμενον
439 1162 514 1253 [ἀπὸ]
527 1169 557 1227 τὸ
575 1169 637 1228 αθτὸ
649 1169 788 1248 χωρᾶριον
802 1173 849 1228 τοῦ
861 1169 1041 1251 Χρυσοβίργη
1057 1167 1104 1228 καί
1116 1168 1254 1248 διέρχεται
1268 1171 1337 1251 πρὸς

60 1290 113 1348 ίὲσιν
134 1291 197 1370 ἄχρι
219 1296 270 1366 τῆς
293 1289 415 1370 ὸιζιμέας
436 1291 539 1368 πέτρας
560 1295 611 1366 τῆς
633 1292 763 1366 κειμένης
785 1289 824 1362 εἰς
846 1291 894 1365 τὴν
917 1293 1024 1370 κὸηχην
1042 1293 1088 1350 τοῦ
1104 1289 1182 1370 ἁγίου
1199 1291 1336 1372 Παγκρα-

58 1411 98 1470 τίου
119 1411 237 1486 πλησίον
264 1411 336 1471 κατὰ
365 1411 463 1492 ἄρκτον
485 1416 532 1472 τοῦ
553 1411 691 1491 χωραρίου
714 1418 767 1472 τῶν
791 1413 987 1492 Μανδακίδων,
1015 1413 1087 1473 κατὰ
1110 1412 1141 1472 δὲ
1164 1413 1337 1496 μεσημβρίαν

59 1533 176 1607 ίμπελίου
203 1536 251 1593 τοῦ
274 1533 406 1605 Πενθέως
432 1532 480 1594 καί
501 1536 548 1594 τοῦ
569 1535 708 1615 χωραρίου
729 1539 775 1595 τοῦ
797 1532 948 1614 κεντοίρχου
971 1539 1016 1595 τοῦ
1038 1533 1177 1616 Θηλυκοῦ,
1209 1536 1268 1614 ἔχει
1290 1533 1338 1595 καὶ

58 1655 123 1736 ἀγρὸν
145 1657 183 1727 ὡς
206 1656 275 1734 πρὸς
299 1653 370 1714 δύσιν
392 1653 514 1716 κάτωθεν
537 1661 586 1734 τῆς
609 1657 760 1736 ἄκροτὸμου
782 1659 884 1737 πέτρας
906 1655 1008 1732 μοθίων
1024 1656 1062 1736 λ’,
1087 1659 1150 1716 ἄνευ
1165 1663 1218 1716 τῶν
1236 1658 1338 1738 ἀγρῶν.

57 1781 176 1858 ηιηᾶριον
201 1778 231 1836 ἐν
254 1782 288 1859 τῇ
310 1777 455 1860 τοτοθεοίᾳ
475 1783 528 1837 τῶν
544 1779 678 1838 Παλαιῶν
695 1778 831 1838 Ἁλωνίων
846 1777 963 1855 πλησίον
978 1779 1049 1838 κατὰ
1064 1774 1164 1856 ἄρκτον
1179 1782 1225 1838 τοῦ
1240 1799 1339 1858 χωρα-
1448 1861 1450 1865 ,

57 1899 101 1976 ηίευ
126 1905 171 1960 τοῦ
195 1899 332 1978 Ἀργέως,
363 1899 435 1960 κατὰ
458 1899 489 1958 δὲ
513 1899 684 1980 μεσημβρίαν
706 1899 821 1976 πλησίον
844 1900 982 1980 χωραρίου
1004 1905 1050 1960 τοῦ
1074 1901 1216 1980 Πανθέως,
1246 1899 1340 1973 καθὼς

57 2021 207 2098 ηεμματίζει
229 2023 298 2102 πρὸς
320 2021 403 2100 ὸὸοιν,
428 2021 531 2096 μοθίων
547 2020 589 2096 ς’.
615 2023 706 2102 ἕτερον
722 2023 861 2102 χωροίριον
882 2026 929 2082 τοῦ
945 2021 1116 2094 Δικιπὸλεως
1127 2019 1149 2106 ¹)
1172 2023 1203 2082 τὸ
1224 2022 1340 2097 πλησίον

59 2147 95 2202 τοῦ
119 2145 250 2214 Πενθέως
277 2143 380 2218 μοθίων
395 2141 446 2202 ιε’.
478 2145 569 2223 ἕτερον
596 2145 735 2223 χωροίριον
759 2142 798 2213 είς
824 2145 873 2218 τὴν
899 2145 1058 2203 τοποθεσίαν
1084 2148 1130 2203 τοῦ
1152 2144 1341 2219 Χαμολὸκκου

59 2261 144 2336 μοᾶίων
160 2263 196 2340 β’.
228 2267 322 2344 ἕτερον
350 2263 390 2336 εἰς
417 2266 465 2340 τἠν
492 2265 652 2326 τοποθεσίαν
682 2269 728 2324 τοῦ
756 2265 857 2345 Συκίδι,
892 2267 959 2344 ὅπερ
987 2261 1185 2340 ἐξωνησάμεθα
1212 2264 1264 2324 ἀπὸ
1288 2271 1341 2324 τῶν

60 2385 245 2466 θίουσουράδων
272 2385 367 2460 μοδίου
383 2385 410 2446 α’
422 2385 473 2460 ς”.
503 2389 597 2466 ἕτερον
619 2391 757 2467 χωροίριον
779 2391 810 2447 τὸ
832 2388 977 2468 περιελθὸν
1000 2407 1030 2445 τε
1052 2388 1117 2464 ἡμῖν
1141 2388 1193 2446 ἀπὸ
1215 2391 1262 2448 τοῦ
1284 2389 1341 2447 Βε-

59 2506 137 2589 λὸνσο,
158 2510 196 2580 ὡς
219 2509 330 2588 εὓρηται
352 2507 392 2580 εἰς
406 2509 456 2584 τὴν
471 2510 631 2570 τοποθεσίαι
646 2515 696 2585 τῆς
712 2509 904 2590 Ἀγραπιδέας,
922 2509 1023 2584 μοὸίων
1036 2507 1071 2568 δ’.
1096 2511 1188 2588 ἕτερον
1204 2511 1343 2589 χωρᾶφιον

59 2633 97 2687 τοί
116 2631 191 2690 αὐτοῦ
214 2627 254 2700 εἰς
278 2631 326 2704 τὴν
348 2631 506 2690 τοποθεσίαν
528 2635 575 2690 τοῦ
597 2629 774 2711 κλείσματος,
798 2631 890 2702 καθώς
914 2631 970 2690 ἐστι
991 2631 1214 2710 περιωριομένον,
1241 2629 1342 2707 μοθίων

59 2748 89 2822 θ’.
109 2754 223 2832 [ἕτερον]
247 2750 287 2822 εἰς
310 2753 358 2826 τὴν
380 2753 539 2813 τοποθεσίαν
556 2757 603 2813 τοῦ
617 2753 760 2833 Βραχεροῠ
776 2752 879 2829 μοδίων
895 2751 928 2812 ε’.
954 2755 1046 2831 ἕτερον
1063 2749 1102 2822 εἰς
1116 2753 1166 2826 τὴν
1180 2751 1340 2812 τοποθεσίαν

60 2875 96 2929 τοῦ
115 2874 306 2954 Χοιρολάκκου
330 2873 433 2950 μοδίων
446 2871 481 2948 β’.
506 2878 597 2956 ἕτερον
621 2873 661 2946 είς
683 2877 731 2950 τὴν
753 2876 913 2936 τοποθεσίαν
935 2881 988 2933 τῶν
1013 2871 1215 2951 Ἀμυγὸαλέων
1239 2875 1342 2949 μοδίων

59 2993 89 3070 η’.
118 2999 206 3074 ἕτερον
239 2993 279 3068 εἰς
306 2998 355 3072 τὴν
382 2996 543 3056 τοστοθεοίαν
572 3003 626 3056 τῶν
648 2999 755 3056 Στενῶν
785 2998 900 3073 πλησίον
927 2999 973 3056 τοῦ
995 2997 1015 3054 Γ
1018 2995 1112 3070 αβαλᾶ
1135 2991 1236 3070 μοδίων
1253 2993 1277 3054 δ’
1290 2995 1341 3070 ς”.

60 3119 183 3196 χιιρᾶριον
207 3115 248 3189 είς
270 3119 319 3192 τὴν
340 3117 499 3178 τοποθεσίαν
521 3123 567 3178 τοῦ
582 3121 732 3199 Δρινιτικοῠ
753 3120 784 3178 τὸ
806 3120 960 3197 λεγόμενον
982 3122 1032 3191 τῆς
1048 3115 1187 3192 Ἀμπέλου
1209 3117 1240 3176 τὸ
1262 3136 1342 3198 περι-

62 3235 130 3296 ελθὸν
145 3260 174 3298 τε
195 3245 230 3320 τῇ
254 3238 391 3322 ἐκκλησίᾳ
413 3239 466 3299 ἀπὸ
489 3239 630 3300 Νικολάου
652 3245 698 3301 τοῦ
715 3241 859 3320 Μεουᾶρου
881 3238 952 3298 κατὰ
974 3236 1115 3308 ἀνατολὰς
1135 3237 1274 3318 χωραρίου
1297 3242 1344 3298 τοῦ

62 3358 213 3440 Κοντοβσῠρι
241 3359 313 3420 κατὰ
336 3359 408 3420 δύσιν
430 3363 476 3420 τοῦ
499 3361 624 3441 Μαρίτζη
649 3361 751 3438 μοδίων
766 3361 803 3440 γ’.
834 3359 972 3442 χωροίριον
994 3365 1047 3420 τῶν
1071 3358 1185 3420 Πυκνῶν
1209 3360 1345 3421 Ἀπιδέων

61 3479 163 3556 πλησίον
184 3481 258 3542 κατὰ
278 3481 450 3562 μεσημβρίαν
465 3486 512 3542 τοῦ
526 3484 677 3563 Μαλώτσυ,
701 3483 772 3542 κατὰ
788 3483 819 3542 δὲ
834 3484 933 3564 ἄρκτον
950 3529 957 3545 .
972 3529 979 3545 .
994 3531 1001 3546 .
1019 3484 1121 3561 μοθίων
1138 3476 1163 3543 α’
1176 3478 1227 3558 ς”.
1252 3484 1345 3564 ἕτερον

62 3605 184 3683 χωρᾶριον
211 3605 242 3663 τὸ
266 3604 399 3682 σύνεγγυς
425 3607 471 3664 τοῦ
494 3605 574 3664 αὺτοῦ
598 3605 692 3681 μοδίου
707 3603 746 3666 α’.
777 3607 870 3686 ἕτερον
892 3610 1030 3687 χωρὸριον
1054 3605 1093 3677 εἰς
1115 3607 1164 3682 τὴν
1187 3603 1346 3666 τοποθεσίαν

63 3728 101 3797 της
116 3725 213 3806 ’.θρίοις
228 3723 276 3786 καὶ
290 3725 407 3803 πλησίον
422 3726 561 3806 χωραρίου
575 3731 621 3788 τοῦ
637 3726 742 3808 Ζερβοῡ
758 3727 862 3803 μοθίων
874 3727 900 3786 α’
912 3725 963 3803 ς”.
980 3731 1072 3808 ἕτερον
1087 3729 1227 3809 χωρὸφιον
1243 3726 1282 3800 εἰς
1297 3728 1346 3803 τίην

63 3847 206 3907 τοπιθεοίαν
228 3853 279 3922 τῆς
295 3847 429 3923 Λάμπονς
450 3846 567 3923 πλησίον
587 3853 633 3909 τοῦ
648 3847 748 3909 Βελὸνι
767 3847 875 3910 καὶτοῦ
890 3850 1067 3910 Ἀνατολικοϋ
1083 3849 1177 3926 μοθίου
1193 3847 1229 3910 α’.
1254 3852 1347 3929 ἕτερον

65 3963 162 4042 κίστην
188 3967 351 4030 ταποθεοίαν
373 3974 420 4028 τοῦ
442 3969 562 4044 Νικήτου
588 3972 618 4030 τὸ
640 3970 785 4050 περιελθὸν
807 3991 838 4030 τε
860 3972 925 4048 ἡμῖν
948 3971 1002 4032 ἀπὸ
1025 3971 1154 4033 Ἰωάννου
1176 3975 1223 4030 τοῦ
1245 3968 1346 4030 Καλο-

64 4091 226 4169 κυρὸπουλου,
249 4091 344 4162 καθώς
367 4090 437 4150 ἐστιν
460 4089 687 4172 ἰὸιοπεριὸριοτον,
711 4090 814 4168 μοθίων
830 4089 864 4153 δ’.
889 4095 982 4174 ἕτερον
997 4096 1135 4174 χωρᾶφιον
1159 4099 1208 4169 τῆς
1224 4091 1346 4168 Μηλέας

65 4207 89 4266 τί
106 4213 246 4291 περιελθὸν
268 4231 298 4272 τε
320 4213 385 4288 ἡμῖν
409 4213 462 4274 ἀπὸ
484 4215 514 4273 τὸ
530 4213 720 4294 Χρυοολσθρου
741 4213 772 4273 τὸ
793 4213 911 4290 πλησίον
934 4213 1025 4294 ἐντῷ
1048 4213 1087 4274 ἑνί
1111 4217 1187 4293 μέρει
1209 4212 1348 4294 χωραφίου

67 4335 103 4390 τοί
122 4335 269 4417 Μαλώτον,
301 4335 330 4394 ἐν
362 4335 394 4394 δὲ
424 4331 462 4412 τῷ
486 4335 571 4415 ἑτέρῳ
600 4339 647 4395 τοῦ
678 4333 816 4414 χωραρίου
838 4339 885 4396 τοῦ
906 4328 1045 4412 Ῥομπὸτη
1069 4336 1171 4412 μοδίων
1186 4333 1225 4414 γ’.
1256 4336 1350 4416 ἕτερον

67 4458 187 4534 χιιρᾶριον
210 4461 259 4516 τοῦ
273 4455 431 4535 Κηνδαρίου
452 4457 483 4516 τὸ
506 4455 560 4516 ἀπὸ
581 4459 628 4516 τοῦ
643 4456 793 4532 Βᾶκληκος
805 4454 845 4539 (θ)
869 4456 971 4531 μοὸίων
987 4455 1024 4535 γ’.
1049 4457 1141 4536 ἕτερον
1163 4457 1301 4537 χωρᾶριον
1319 4455 1349 4514 ἐν

67 4607 257 4624 ““·“---ι---ι-

157 4717 173 4782 ¹)
192 4717 321 4768 Forsitan
340 4715 484 4780 legendum
504 4719 557 4765 est:
576 4711 734 4772 Νικιτὸλεως.
