3246 5288
264 371 328 436 464

265 569 441 648 συμπένθερε.
473 566 755 648 ί.21Μαιανδρίουί
786 573 841 628 11⁷.
860 593 892 644 ρ.
912 575 982 644 268,
1007 573 1025 630 l.
1045 567 1204 640 19Δουκδς
1223 575 1262 630 εἰσ
1276 575 1319 629 M.
1353 574 1558 644 Βυρηιυείίιίίυυ.

265 715 319 750 ποτε
337 697 514 766 ρτίυίίεριύια
536 698 700 751 ἀειιιοιιείοαί
723 697 748 751 Ι.
774 695 915 751 Sakkelion
937 689 1050 748 Δελτίον
1073 704 1119 750 etc.
1142 697 1193 752 vol.
1214 698 1251 752 ῙΙ.
1263 698 1337 766 saec.
1358 698 1386 764 6,
1408 715 1441 766 p.
1462 697 1561 748 2⁶5·-

266 820 337 872 271.
384 819 479 872 Edidit
502 821 542 873 ibi
563 821 643 873 etiam
667 837 779 873 auream
801 819 902 872 bullam
925 819 1070 873 Μιαίιαὲίίε
1093 819 1257 889 Ραίαοοίσρὶ,
1282 835 1314 872 επ
1337 837 1393 888 qua
1417 819 1558 886 consectum

265 947 311 993 est.
340 941 383 993 De
392 940 516 1008 falsario
530 948 619 994 αυίεω
635 941 728 995 scribit
743 939 783 1009 (p.
802 939 875 1006 268)
892 933 970 992 ἀλλὰ
984 934 1022 1004 τίς
1037 935 1103 992 ποτέ
1120 933 1189 993 ἐστιν
1204 935 1219 991 ὁ
1233 933 1454 1014 παραχαράξας,
1479 933 1560 1002 οὺέεάς

265 1054 334 1113 ἐστιν
358 1056 447 1125 ἀλλος
470 1055 572 1130 ἀλλ’ἢ
595 1059 609 1114 ἀ
634 1056 662 1114 ἐν
685 1055 761 1114 τέλει
783 1061 828 1114 τοῦ
851 1055 1012 1135 ἀντιγράφου
1035 1057 1280 1136 ὑπογεγραμμένος
1302 1057 1364 1116 κτλ.
1399 1063 1480 1116 Inter
1502 1070 1559 1114 ααιιι
1601 1121 1602 1134 ,

265 1297 288 1356 ε’
305 1345 311 1357 .
331 1315 336 1357 .·
357 1347 362 1358 .
387 1300 436 1357 ίιπὶι
460 1300 488 1358 Γ.
506 1299 534 1359 Γ.
555 1300 792 1360 Παπταδοπαθλου
815 1301 930 1379 συλλεγ.
956 1300 986 1359 δὲ
1009 1299 1056 1358 καὶ
1079 1299 1226 1360 ἐκδοθέντα
1247 1301 1297 1360 ὑπο
1320 1301 1348 1360 Γ.
1368 1301 1404 1360 ll.
1423 1301 1559 1379 Ἀγγελο-

263 1424 374 1481 ποίιλου.
408 1429 526 1482 Athenis.
546 1431 638 1484 1865.
680 1447 711 1500 p.
736 1429 874 1496 84-86)
898 1436 984 1484 εσείσί
1007 1425 1123 1503 γράμμα
1146 1421 1295 1500 συνοδικόν,
1324 1447 1376 1498 quo
1394 1430 1559 1500 patriarcha

265 1549 403 1619 confimat
423 1553 473 1619 juo
503 1552 672 1622 stauropeyii
692 1557 717 1604 et
742 1553 921 1621 ροεεευσίυιιεε
944 1554 1107 1620 monasterii,
1140 1553 1238 1606 editum
1261 1569 1332 1605 anno
1356 1553 1453 1620 1798,
1479 1570 1559 1604 meme

264 1674 370 1742 martio,
395 1673 450 1728 ind.
469 1675 493 1728 Ι.
542 1674 690 1728 Ooncordat
713 1675 750 1727 ad
772 1675 879 1727 verbum
903 1691 963 1727 ουαι
985 1675 1049 1728 aliis
1071 1675 1140 1728 αοίίσ
1166 1673 1294 1744 Greqorii
1304 1674 1349 1741 ¹V.
1367 1675 1394 1726 ιἰι
1418 1673 1469 1726 hoc
1492 1673 1559 1726 υοίιι·

264 1795 333 1848 mine
348 1795 434 1861 editis,
456 1802 569 1865 praeter
585 1815 626 1864 ea,
643 1813 712 1866 quae
726 1795 769 1849 ίιίο
784 1797 978 1866 ευίνχιιαρίηιιιε.
995 1789 1143 1870 Γρηγόριος
1158 1790 1220 1850 κτλ,
1243 1789 1316 1847 Ὅσα
1332 1789 1383 1863 μὲν
1398 1789 1462 1848 κτλ.
1481 1813 1558 1865 usque

264 1909 302 1984 μὴ
335 1909 453 1984 δεόμενά
479 1931 545 1970 ποτε
578 1911 756 1982 ἀνανεώσεως
782 1915 800 1984 ἢ
830 1911 1030 1990 ἐπικυρώσεως·
1065 1914 1103 1982 ὡς
1130 1910 1177 1970 καί
1204 1909 1264 1991 περὶ
1292 1915 1337 1969 τοῦ
1366 1909 1394 1967 ἐν
1424 1917 1457 1991 τῇ
1490 1913 1558 1984 νήσω

264 2031 399 2112 Ἀμοργῷ,
430 2031 501 2092 κατά
523 2034 571 2107 τήν
602 2033 735 2112 ἐπαρχίαν
758 2033 853 2112 Σίρνου
875 2035 922 2091 καί
944 2034 1056 2113 Μήλου,
1088 2033 1161 2112 ίεροῡ
1183 2033 1229 2092 καί
1253 2032 1401 2108 σεβασμίου
1424 2033 1557 2110 ἡμετέρσυ

259 1184 438 1253 patriarchae
465 1185 594 1255 Greyorii
621 1187 651 1240 V.
683 1177 739 1257 (Τά
761 1178 832 1236 κατά
854 1179 899 1237 τον
927 1177 1049 1254 ἀοίδιμον
1154 1182 1322 1258 πατριάρχην
1346 1177 1499 1257 Γρηγέριον
1522 1181 1561 1235 τὶν
1601 1195 1602 1234 ι

262 2161 459 2233 πατριαρχικοῦ
483 2159 715 2234 σταιροπηγιακοίι
738 2156 917 2235 μοναστηρίου
938 2162 988 2232 τῆς
1004 2155 1152 2234 ὑπεραγίας
1168 2154 1310 2230 δεσποίνης
1325 2155 1405 2228 ἡμῶν
1422 2152 1557 2214 θεοτὲκου
1602 2151 1603 2164 ί

262 2281 312 2352 τῆς
326 2275 563 2357 παμμακαρίστου,
588 2277 788 2355 ἐπιλεγομένης
804 2285 852 2351 τῆς
868 2277 1111 2356 Χοτζοβιωτίσσης,
1136 2277 1345 2355 ἐνεφανίσθησαν
1361 2273 1409 2334 καί
1424 2275 1479 2349 ἤδη
1496 2275 1557 2346 ἡμῖν

263 2396 388 2475 σιγιλλια
411 2377 457 2471 έξί
486 2398 546 2478 τρία
569 2399 620 2475 μὲν
650 2399 712 2458 καθ’
725 2400 789 2457 αὺτδ
811 2399 956 2480 Τιμοθέου,
987 2401 1127 2481 Κυρίλλου
1150 2397 1196 2458 καί
1224 2398 1363 2457 Μελετίου
1385 2403 1439 2456 τῶν
1460 2416 1554 2473 πετρι-

264 2525 367 2598 αρχῶν,
390 2519 450 2598 τρία
473 2518 504 2578 δὲ
527 2519 572 2579 ίσα
595 2521 739 2600 Ἱερεμίου,
762 2521 897 2596 Τιμοθέου
920 2519 966 2580 καὶ
988 2521 1123 2600 Γαβριὴλ,
1153 2521 1395 2599 κατησροιλισμένα
1424 2517 1553 2598 ἀρχιερα-

262 2642 350 2711 τικαῖς
365 2640 531 2720 ἀπογραφαῖς
545 2647 591 2702 τοῦ
608 2639 780 2723 Παροναξίας
795 2642 842 2701 καί
858 2643 1031 2724 Σαντορίνης,
1052 2642 1228 2702 ἀποδεικτικά
1243 2647 1292 2718 τῆς
1307 2638 1428 2721 ἀρχαίας
1443 2660 1553 2718 σταυρο-

262 2770 402 2841 ιτηγιακῆς
432 2761 512 2836 ἀξίας
533 2767 580 2823 τοῦ
609 2763 788 2844 μσνοιστηρίου
818 2767 909 2824 τούτου
932 2763 978 2824 καί
1002 2767 1040 2824 ὅτι
1073 2765 1210 2845 ἀνηγέρθη
1233 2766 1283 2822 ὑπὸ
1305 2768 1351 2822 τοῦ
1381 2762 1507 2837 ἀοιδίμου
1528 2763 1553 2818 ἐν

263 2886 419 2959 βασιλεῦσιν
441 2881 563 2956 Ἀλεξίου
585 2891 631 2945 τοῦ
654 2887 780 2964 μεγάλου
803 2887 958 2966 Κσμνηνοῦ,
982 2887 1155 2968 ἐπικυρσῡντά
1177 2907 1206 2944 τε
1230 2885 1346 2960 ἄλληλα
1367 2884 1415 2944 καί
1438 2885 1551 2960 ἀποραι-
1603 2915 1604 2920 1

261 3011 374 3087 νέμενα,
402 3008 445 3066 ίνα
468 3007 497 3066 το
521 3010 697 3088 μοναστηριον
720 3013 807 3088 τοῦτο,
831 3008 900 3082 μετὰ
923 3017 976 3068 τῶν
1000 3008 1135 3086 μετοχίων
1159 3010 1249 3088 αὺτοῦ,
1271 3014 1320 3082 τῆς
1337 3005 1480 3082 Παναγίας
1503 3005 1549 3078 δη-

262 3129 347 3204 λαδή,
377 3133 423 3188 τοῦ
447 3129 572 3189 Παλαιοῡ
603 3130 631 3188 ἐν
663 3126 718 3215 [τῇ]
749 3129 867 3211 ἐπαρχίᾳ
894 3129 1065 3210 Σαντορίνης,
1096 3131 1141 3190 σὺν
1171 3127 1209 3206 τῷ
1240 3129 1361 3207 μετοχίῳ
1385 3129 1477 3204 αὐτῆς,
1507 3133 1550 3198 τῆς

262 3251 403 3330 Παναγίας
426 3259 476 3327 τῆς
499 3252 527 3310 ἐν
544 3253 664 3323 Λεύκαις
679 3253 750 3312 κατά
764 3254 812 3326 τὴν
830 3252 965 3332 ἐπαρχίαν
983 3249 1164 3332 Ιίαροναξίας,
1187 3255 1233 3310 τοῦ
1247 3249 1339 3327 νησίου
1354 3257 1404 3325 τῆς
1420 3249 1549 3326 Κέοιςίίί,

261 3377 308 3432 τοῦ
330 3373 401 3432 κατά
423 3375 471 3448 τὴν
496 3373 695 3432 Ἀστυπάλαιαν
720 3374 848 3450 μετοχίου
870 3380 919 3448 τῆς
942 3373 1023 3451 ἁγίας
1045 3373 1172 3453 Τριάδος,
1196 3377 1241 3432 τοῦ
1263 3367 1335 3430 κατὰ
1356 3372 1404 3446 τήν
1420 3369 1486 3448 Ἴον,
1508 3374 1549 3426 τοῦ

263 3494 294 3551 ἐν
316 3499 350 3574 τῇ
374 3497 448 3573 νήσῳ
471 3495 569 3577 Ἀνάφη
600 3495 729 3570 μετοχίου
751 3501 800 3568 τῆς
823 3495 976 3575 Παναγίας,
1006 3497 1064 3570 ἥτις
1086 3493 1133 3553 καὶ
1156 3495 1335 3574 Κριτὼματος
1366 3491 1548 3566 ἐπικέκληται.

262 3616 291 3673 ἐν
313 3621 346 3696 τῇ
371 3615 489 3697 ἐπαρχίᾳ
506 3613 674 3696 Παρσνοξίας
696 3621 741 3675 τοῦ
765 3616 842 3694 ἁγίου
859 3616 965 3692 Νικήτα
987 3621 1032 3675 τοῦ
1055 3617 1160 3694 Σέρμα,
1183 3619 1228 3674 τοῦ
1244 3614 1370 3688 Γαβαλά,
1394 3619 1441 3672 τοῦ
1464 3611 1501 3683 είς
1522 3613 1546 3670 τί

263 3735 435 3816 Καρτεράδο,
459 3741 504 3795 τοῦ
527 3735 566 3808 εἰς
581 3739 626 3796 τὀν
642 3737 900 3818 Μαλαθρθκαμπον,
924 3741 970 3796 τοῦ
986 3739 1112 3816 Σωτῆρος
1128 3739 1242 3816 Χριστοῦ
1258 3736 1286 3794 ἐν
1301 3741 1335 3816 τῇ
1351 3735 1430 3815 Κρίσᾳ
1446 3735 1545 3812 θράσει

261 3864 311 3932 τῆς
336 3857 476 3937 Παναγίας
500 3859 644 3934 Ἀνθούσης
668 3859 696 3916 ἐν
718 3865 751 3940 τῇ
776 3858 895 3940 ἐπαρχίᾳ
918 3859 1020 3936 Σάμου,
1053 3863 1097 3917 τοῦ
1120 3857 1197 3936 ἀγίου
1220 3857 1356 3936 Γεωργίου
1378 3859 1425 3914 τοῦ
1442 3855 1545 3914 Βαλεα-

262 3978 348 4057 μίτου,
372 3983 418 4037 τοῦ
440 3979 530 4054 νησίου
552 3987 601 4054 τῆς
624 3979 792 4058 Ἡρακλείας
814 3977 860 4038 καὶ
883 3985 929 4039 τοῦ
950 3980 1041 4056 νησίου
1063 3986 1113 4056 τῆς
1128 3978 1261 4058 Νικαρίας
1282 3977 1329 4037 καὶ
1352 3977 1423 4052 μετὰ
1447 3979 1544 4035 πάντων

260 4107 314 4159 τῶν
337 4103 481 4176 κτημάτων
504 4097 550 4158 καί
573 4101 766 4179 ἀριερωμάτων
791 4101 878 4182 αὺτοῦ,
902 4100 1010 4182 ὑπάρχῃ
1034 4103 1242 4180 σταυροπήγιον·
1273 4099 1320 4160 καί
1343 4101 1413 4174 μήτε
1437 4101 1543 4177 γύναιον.

262 4225 332 4296 μήτε
354 4220 448 4281 παιδία
471 4223 520 4280 νέα
543 4219 718 4302 είσέρχωνται
742 4220 781 4292 είς
803 4223 852 4295 τὴν
876 4223 960 4298 μονὴν
981 4223 1087 4303 ταύτην,
1111 4225 1181 4298 μήτε
1200 4243 1239 4293 τις
1254 4228 1307 4280 τῶν
1331 4229 1543 4301 μοναστηριακῶν

265 4339 413 4420 ἐξέρχηται
436 4348 481 4402 τοῦ
504 4344 681 4422 μοναστηρίου
703 4343 768 4402 ποτὲ
792 4344 866 4423 παρά
887 4349 1000 4421 γνώμην
1021 4349 1067 4403 τοῦ
1090 4345 1160 4404 κατὰ
1182 4344 1291 4422 καιροὺς
1314 4345 1476 4422 ἡγουμένου.
1512 4339 1543 4411 εἰς

263 4462 428 4522 ἀνακαίνισιν
452 4462 496 4522 οὖν
518 4469 572 4522 τῶν
596 4465 731 4544 ῥηθέντων
754 4465 876 4544 ἀρχαίων
900 4465 1072 4544 σιγγιλλίων,
1095 4467 1188 4538 καθὼς
1203 4463 1249 4524 καὶ
1264 4463 1326 4546 περὶ
1340 4467 1459 4544 πάντων,
1482 4465 1542 4542 γρά-

262 4602 356 4660 φοντες
387 4583 591 4662 ἀποφαινόμεθα
621 4586 777 4664 συνοδικῶς,
809 4585 952 4662 μετὰτῶν
975 4586 1036 4666 περὶ
1058 4589 1132 4663 ἡμᾶς
1154 4587 1306 4668 ίερωτάτων
1333 4587 1485 4666 ἀρχιερέων
1505 4583 1543 4645 καὶ

263 4701 423 4783 ὑπερτίμων,
454 4710 506 4762 τῶν
531 4703 559 4762 ἐν
583 4707 652 4784 άγίῳ
674 4707 806 4781 πνεύματι
833 4707 982 4786 ἀγαπητῶν
1004 4711 1083 4784 ἡμῶν
1107 4709 1234 4788 ἀδελριῖιν
1256 4708 1303 4768 καί
1325 4707 1541 4788 συλλειτουργιῖυ,
