3486 5282
1283 313 1347 378 213

72 513 166 592 τρόποις
194 512 290 590 ἐνοῦσι,
319 517 400 588 τιμᾶν
429 532 459 571 τε
488 507 523 570 τὰ
552 511 613 592 ίερόι
641 511 795 589 ἑκασταχοῦ
817 511 932 586 κείμενα
954 507 1002 569 καί
1023 509 1159 584 σεβάσμια
1182 511 1349 588 μσναστήρια
1430 577 1433 582 ,

73 635 109 694 ἐπ’
129 634 249 713 εόλέγοις
272 631 370 706 αἰτίαις
391 639 545 706 κακονικῶς
567 631 613 692 καί
638 633 841 713 δυναστωτέρας
856 631 1068 712 διαφενδεόοεως
1084 629 1131 691 καί
1146 630 1349 712 όπερασπίοεως

69 754 150 829 ἀξιοῦν
177 755 222 816 καί
249 756 283 816 τά
307 757 374 837 πρός
403 753 514 832 αὔξησιν
540 753 587 815 καί
610 753 754 829 βελτίωσιν
777 753 888 814 ἐκείνων
912 753 1029 814 ἐπινοεῖν
1051 750 1098 814 καί
1121 752 1286 834 ἐφευρίσκειν
1309 751 1348 826 εἰς

69 878 169 954 διηνεκῆ
196 881 282 938 αότῶν
309 877 442 952 διαμονὴν
470 875 517 936 καί
548 879 717 956 συντήρησιν·
750 869 790 948 οίς
812 876 866 958 γάρ
888 881 942 936 τῶν
965 875 1044 936 θείων
1066 873 1113 936 καί
1135 875 1215 956 ἱερῶν
1237 895 1347 953 σκηνω-

67 1003 151 1083 μάτων
177 1002 288 1076 μέμηλε
310 999 425 1080 φροντίς,
455 1001 563 1072 τούτους
584 1001 717 1080 προσήκει
740 998 932 1078 ἐναβρθνεοθαι
953 995 1001 1058 καὶ
1023 998 1220 1078 φιλοτιμεῖσθαι
1243 996 1281 1073 μὴ
1306 998 1346 1078 ἐφ’
1409 1013 1413 1023 ·

66 1115 105 1194 οίς
127 1125 141 1181 ό
166 1124 247 1202 πόρος
275 1122 394 1203 διαρκῶς
420 1121 467 1182 καί
496 1121 617 1197 βεβαίως
642 1122 677 1182 τὰ
702 1123 770 1202 πρός
797 1123 928 1197 διαμονὴν
956 1121 1026 1202 ἔχει,
1057 1115 1135 1181 ἀλλά
1158 1118 1276 1197 μάλιστα
1298 1121 1347 1196 τήν

66 1245 216 1320 ἐπιμέλειαν
236 1245 427 1321 καταβλητέον
442 1243 505 1326 περὶ
521 1244 623 1326 ἐκεῖνα,
646 1247 748 1325 όσαπερ
764 1244 796 1304 ἀν
813 1244 923 1324 ἀπόρως
938 1244 1038 1322 ἔχοντα
1054 1243 1083 1303 ἐν
1097 1243 1212 1323 κινδθνῳ
1227 1248 1347 1324 καταστῇ

63 1366 205 1448 ἀπωλείας,
231 1365 340 1444 καὶμὴ
364 1371 446 1444 μόνον
470 1368 564 1440 αὐτοὺς
586 1371 662 1428 τοῦτο
684 1373 782 1446 ποιεῖν,
807 1367 954 1428 ἀλλὰκαὶ
977 1367 1005 1427 εί
1023 1387 1094 1438 τινες
1117 1367 1202 1427 άλλσι
1223 1367 1348 1443 τοιαθτης

63 1489 216 1564 ἐπιμελείας
237 1489 445 1572 όπομνήοκειεν,
474 1491 659 1569 ἀποδέχεσθαί
681 1488 781 1550 τεκαὶ
805 1491 833 1563 ἐς
857 1491 968 1568 δύναμιν
992 1491 1140 1570 ἐπικυροῦν.
1173 1491 1238 1566 αῦτη
1262 1484 1347 1564 οθνή

64 1612 202 1686 ἐπιμέλεια
223 1615 372 1693 γεγένηται
394 1613 449 1689 ἤδη
472 1612 518 1674 καί
540 1611 602 1694 περί
623 1615 654 1673 τό
676 1613 747 1674 κατὰ
770 1614 819 1690 τὴν
835 1613 970 1693 ἐπαρχίαν
985 1612 1166 1689 Χαλκηδόνος
1182 1612 1211 1673 ἐν
1225 1617 1259 1695 τῇ
1274 1615 1348 1691 νήσῳ

63 1735 208 1812 Ἀντιγόνου
239 1735 311 1817 ίερόν
338 1734 386 1796 καὶ
416 1733 565 1812 σεβάσμιον
594 1739 782 1816 μοναοτήριον,
815 1730 864 1795 ἐπ”
878 1735 991 1812 όνόματι
1017 1737 1170 1810 τιμώμενον
1196 1739 1243 1794 τοό
1270 1735 1347 1812 ἁγίου

61 1855 166 1930 ἐνδόξου
187 1857 428 1939 μεγαλοκάρτυρος
444 1857 596 1938 Γεωργίου·
627 1856 652 1918 σί
674 1858 728 1939 γόιρ
750 1859 879 1938 χρήσιμοι
902 1855 1066 1937 μαγίστορες
1089 1857 1121 1916 ἐκ
1142 1860 1188 1915 τοῦ
1211 1853 1347 1936 βουφετίου

58 1985 112 2038 τῶν
133 1981 273 2061 καπήλων,
295 1985 349 2040 τῶν
373 1979 555 2042 δουλευόντων
579 1980 608 2039 ἐν
623 1986 656 2062 τῇ
672 1979 854 2060 βασιλευούσῃ
869 1985 922 2038 τῶν
938 1978 1048 2038 πόλεων
1064 1977 1135 2038 κατά
1149 1979 1180 2037 τό
1196 1979 1346 2057 Φανάριον,

60 2101 165 2177 δηλαδὴ
180 2101 340 2182 Τζουπαλή,
364 2101 492 2180 Παλατά,
516 2101 740 2162 Κοντοσκάλλιον
760 2099 807 2161 καί
823 2102 1010 2182 Ὑψωμαθεῖα,
1033 2101 1218 2180 παραστάντες
1234 2099 1346 2158 ἐνώπιον

62 2229 105 2300 τής
131 2225 207 2299 ήμῶν
236 2226 410 2303 μετριότητος
437 2223 583 2304 ουνοδικῶς
605 2207 827 2305 προκαθημένης,
858 2223 1028 2302 ἀνήγγειλαν
1050 2220 1097 2283 καί
1121 2215 1346 2301 ἐξετραγῴδηοαν

58 2345 89 2403 τόι
111 2345 179 2404 καεά
200 2347 230 2405 τό
254 2348 433 2426 μοναστήριον
455 2350 532 2406 τοῦτο
556 2346 763 2424 δυστυχήματα·
786 2347 837 2426 πρό
859 2347 967 2427 χρόνων
988 2347 1043 2426 γάρ
1065 2365 1143 2404 τινων
1167 2337 1243 2422 εἶχον
1265 2363 1344 2422 περι-

57 2469 206 2543 ποιούμενοι
232 2469 297 2528 αθτδ
326 2466 373 2528 καὶ
401 2469 596 2547 ἀγωνιζόμενοι
623 2467 670 2528 καί
696 2468 913 2547 προθυμοόμενοι
941 2465 980 2539 είς
1007 2467 1151 2544 ἀνάκτησιν
1173 2467 1275 2545 τσίιτου,
1306 2465 1345 2541 μὴ

58 2591 261 2670 κατορθωμένου
289 2589 321 2650 δὲ
348 2590 437 2662 αὺτοῖς
464 2594 509 2651 τοῦ
536 2595 646 2672 σκοποῦ,
676 2589 754 2650 ἀλλά
782 2588 963 2665 καὶμᾶλλον
987 2589 1154 2669 ἐρημώσεως
1177 2588 1345 2649 ἐπαπειλου-

60 2712 149 2789 μένης,
177 2712 335 2772 τελευταῖον
365 2709 419 2795 ἰδίᾳ
450 2713 535 2772 αὐτῶν
563 2713 661 2796 γνώμῃ
687 2710 733 2771 καὶ
756 2711 868 2787 θελήσει
889 2712 1025 2792 ήτήσαντο
1052 2712 1170 2790 θερμῶς,
1187 2715 1346 2770 ισυνενῶσαι

60 2833 118 2892 αότό
138 2837 214 2894 τοῦτο
236 2835 267 2892 τό
290 2835 469 2914 μοναοιήριον
491 2832 531 2912 τῷ
552 2833 624 2893 κατά
638 2833 686 2908 τὴν
702 2833 911 2910 Πελοπόννησον
927 2833 1046 2912 κειμένῳ
1063 2831 1128 2912 ἱερῷ
1142 2829 1190 2892 καί
1205 2830 1345 2912 σεβασμίῳ

58 2955 177 3034 ἡμετέρῳ
206 2953 394 3036 πατριαρχικῷ
424 2953 471 3015 καί
499 2953 726 3035 στανροπηγιακῷ
754 2954 924 3036 μοναοπηρίῳ
950 2961 999 3030 τῆς
1027 2954 1175 3035 ὑπεραγίας
1202 2952 1346 3030 δεσποίνης

58 3075 132 3148 ἡμῶν
153 3079 290 3156 θεοτόκου,
310 3077 529 3157 Μεγασπήλαιον
556 3077 775 3158 ἐπικεκλημένῳ,
799 3075 838 3149 είς
861 3077 995 3136 ἀνάστασιν
1019 3077 1112 3136 αθτοῡ·
1135 3073 1182 3134 καί
1205 3073 1275 3150 δῆτα
1296 3075 1345 3150 τὴν

59 3196 193 3278 ἀφιέρωσιν
223 3201 311 3260 αθτών
340 3200 437 3275 ταύτην
472 3199 606 3276 ἐζήτησαν
640 3200 838 3279 ἐπικυρωθῆναι
867 3195 915 3258 καὶ
943 3196 1194 3277 κατασφαλιοθήναι
1225 3195 1269 3256 διὰ
1299 3200 1345 3257 τοῦ

58 3321 183 3417 παρόντος
204 3322 340 3402 ἡμετέρου
360 3326 555 3404 πατριαρχικοό
577 3321 624 3382 καί
646 3322 785 3382 ουνοδικοῦ
808 3323 837 3382 ἐν
858 3322 1029 3403 μεμβράναις
1044 3319 1236 3400 οιγιλλιώδους
1251 3321 1344 3399 γράμ-

59 3461 139 3514 ματος
161 3440 201 3514 είς
224 3445 338 3518 μόνιμον
359 3441 406 3503 καί
429 3442 541 3520 διηνεκῆ
563 3443 613 3519 τήν
636 3443 796 3524 ἀσφάλειαν,
824 3444 869 3502 ἵνα
892 3442 929 3519 μὴ
952 3449 986 3526 τῇ
1008 3446 1054 3503 ποῶ
1076 3444 1175 3523 χρόνου
1196 3443 1346 3520 παρατάσει

61 3561 96 3634 είς
115 3564 205 3642 λήθης
228 3565 335 3646 ἐμπέσῃ
358 3565 438 3640 βυθδν
460 3563 507 3625 καί
530 3561 644 3642 ἐξίτηλα
666 3567 779 3646 γένηται
797 3567 815 3641 ή
830 3565 930 3626 τούτων
947 3565 1097 3647 ἀφιέρωοις.
1122 3563 1164 3624 διδ
1179 3564 1228 3638 τήν
1244 3561 1346 3639 αἴτησιν

62 3685 139 3745 ἀντῶν
160 3687 258 3762 τοώτην
282 3689 402 3762 εθμενῶς
425 3685 635 3767 ἀποδεξάμενοι,
659 3685 775 3766 εὔλογον
798 3683 879 3747 οὖσαν
903 3685 950 3746 καί
970 3688 1038 3768 πρός
1061 3685 1196 3766 ὠφέλειαν
1211 3682 1258 3745 καί
1274 3683 1345 3760 βελ-

59 3804 142 3868 τίοσιν
163 3812 210 3869 τοῦ
225 3809 353 3890 ῥηθέντος
369 3809 548 3890 μοναστηρίου
565 3809 716 3890 ἀφορῶσαν,
739 3807 879 3891 κοινῇκαὶ
896 3807 1023 3892 συνοδικῇ
1040 3808 1183 3887 διαγνώσει
1198 3810 1347 3889 γράφοντες

61 3927 255 4008 ἀποφαινόμεθα
283 3929 352 4006 μετά
373 3937 427 3990 τῶν
449 3928 511 4010 περὶ
532 3933 608 4006 ἡμᾶς
631 3931 782 4012 ἱερωτάτων
806 3931 956 4011 ἀρχιερέων
978 3928 1025 3991 καί
1048 3925 1209 4012 όπερτίμων,
1240 3935 1293 3989 τῶν
1317 3928 1346 3988 ἐν

62 4048 122 4130 ἀγίῳ
135 4053 268 4128 πνεόματι
283 4053 432 4131 ἀγαπητῶν
446 4054 525 4128 ήμῶν
542 4053 668 4134 ἀδελφῶν
683 4052 729 4113 καὶ
745 4053 974 4134 συλλειτουργῶν,
997 4053 1041 4112 ἵνα
1055 4055 1085 4113 τό
1101 4051 1183 4134 ῥηθὲν
1199 4053 1346 4127 σεβάσμιον

63 4179 230 4256 μοναπήριον
253 4175 284 4235 τό
309 4175 337 4234 ἐν
352 4181 386 4258 τῇ
401 4177 475 4255 νήσῳ
491 4176 642 4254 Ἀντιγόνου
657 4180 703 4236 τοῦ
719 4176 796 4254 άγίου
812 4171 921 4247 ἐνδόξου
938 4175 1184 4256 μεγαλομάρτυρος
1199 4171 1346 4254 Γεωργίου,

62 4293 139 4358 πάλαι
159 4298 225 4358 ποτέ
249 4297 299 4358 ὑπό
321 4299 369 4374 τὴν
394 4297 533 4376 ἐπίσκεψιν
555 4299 675 4378 ὑπάρχον
691 4301 737 4359 τοῦ
753 4297 888 4378 ρουφετίου
904 4302 956 4374 τῶνΙ
972 4296 1116 4378 καπήλων,
1140 4298 1178 4368 ῶς
1194 4295 1239 4357 διόι
1253 4303 1347 4373 κοινῆς

65 4417 138 4477 αἰτῶν
160 4423 275 4498 γνώμης
297 4422 344 4480 καὶ
366 4419 508 4495 θελήσεως
525 4418 576 4480 καὶ
598 4421 783 4501 προαιρέσεως
804 4416 954 4500 ἀφιερωθὲν
969 4417 1016 4479 καί
1030 4418 1209 4500 προσηλωθὲν
1224 4419 1262 4500 τῷ
1276 4415 1348 4479 κατά

64 4535 105 4610 τήν
120 4541 327 4618 Πελοπόννησον
350 4545 469 4623 κειμένῳ
492 4541 557 4623 ἱερῷ
580 4541 752 4622 μοναοσηρίῳ
767 4547 812 4603 τοῦ
827 4539 964 4622 Μεγάλου
981 4539 1132 4624 Σπηλαίου,
1156 4543 1226 4618 μετὰ
1241 4544 1348 4602 πάντων

66 4663 110 4716 τῶν
129 4670 231 4724 σκευῶν
254 4662 301 4724 καί
323 4666 469 4742 κτημάτων
490 4663 538 4726 καί
560 4665 756 4746 ἀφιερωμάτων
779 4665 868 4746 αὐτοῦ,
890 4671 1006 4742 κινητῶν
1021 4685 1051 4725 τε
1066 4663 1112 4725 καί
1128 4663 1272 4744 ἀκινήτων,
1293 4669 1347 4722 τῶν
