3222 5284
223 351 286 416 368

223 545 261 620 μὴ
286 547 411 616 τοιαύτας
442 545 570 620 ούδαμῶς
600 547 797 620 έλκυσθήσεται
821 544 860 616 εἰς
882 546 1045 626 ὑπόδειγμα,
1077 543 1140 606 σὐδὲ
1163 545 1245 606 διύσει
1273 549 1371 627 χώραν
1399 545 1529 624 ἀφορμῆς

222 671 279 738 τοῖς
302 669 422 742 ζητοῦσιν
445 667 571 747 ἀφορμὰς
592 669 660 748 πρδς
681 669 712 726 τδ
735 667 769 726 τά
791 669 979 746 καθεστάμιστα
999 670 1111 746 συγχεῖν
1132 665 1180 728 καί
1195 668 1228 728 τά
1243 669 1341 740 καλῶς
1357 667 1530 748 διωρισμένα

224 787 423 865 μετατλάττειν
445 809 475 848 τε
497 787 544 848 καί
567 793 756 868 μεταμορφούν
779 788 825 848 καί
842 790 880 864 μὴ
896 790 964 870 πρδς
978 791 1023 850 τδν
1040 789 1215 870 διωρισμένον
1237 791 1396 850 ἀπευθύνειν
1411 790 1529 870 σκοπὸν,

223 911 301 971 ἀλλὰ
324 911 471 986 μεθέλκειν
494 909 533 982 εἰς
555 912 585 970 τδ
607 909 675 970 ίδιον
699 910 841 986 βούλημα·
864 914 915 971 νάν
938 911 993 990 γὰρ
1016 912 1054 984 ὡς
1076 913 1183 988 τοιαύτη
1200 914 1251 988 μέν
1265 933 1305 984 τις
1320 911 1528 991 παραδεχθείη,

222 1035 282 1094 οἵαν
304 1035 319 1090 ὁ
341 1035 428 1112 λόγος
449 1035 687 1114 προανεφώνησεν,
719 1033 849 1112 ἑλεχθείη
874 1033 905 1092 δὲ
928 1033 967 1110 μὴ
997 1035 1105 1110 τοιαύτη
1137 1032 1203 1094 ούσα
1234 1033 1447 1116 (ἀλλοιούμενσι
1468 1031 1528 1112 γάρ

223 1157 305 1232 ἐσμεν
329 1155 449 1230 μάλιστα
470 1156 578 1214 πάντων
601 1154 627 1213 οἱ
649 1151 809 1238 ἅνθρωποι),
833 1152 879 1214 καὶ
902 1151 997 1234 φανείη
1019 1155 1087 1235 πρδς
1110 1154 1219 1232 βλάβην
1242 1153 1308 1214 σύσα
1330 1161 1381 1230 τῆς
1397 1161 1487 1231 μονῆς
1507 1157 1528 1228 ἢ

222 1283 275 1337 τῶν
300 1277 328 1336 έν
352 1277 428 1357 αὑτῇ,
459 1275 527 1336 ἀλλ’
540 1278 590 1336 σύκ
610 1275 710 1356 ὄνησιν,
743 1275 907 1357 ἐξέσταιτῇ
936 1278 1131 1358 καθηγουμένη
1162 1275 1232 1352 μετά
1253 1283 1303 1352 τῆς
1330 1277 1528 1358 προσηκούσης

223 1397 315 1468 αίδοῖις
336 1418 367 1457 τε
389 1395 436 1457 καὶ
458 1398 626 1478 ἡμερότητος
657 1393 780 1458 ἀπειπεῖν
811 1400 878 1480 αὐτῇ
901 1399 949 1473 τὴν
973 1397 1002 1457 ἐν
1024 1404 1058 1478 τῇ
1081 1402 1151 1479 μονῇ
1181 1397 1278 1457 λσιπδν
1310 1398 1455 1477 διαγωγὴν
1478 1398 1530 1458 καί

224 1523 284 1597 μετ’
297 1523 386 1599 εύχῶν
409 1520 627 1598 ἀποπέμψασθαι.

327 1643 404 1722 Κεφ.
426 1641 480 1701 ιε’.
515 1641 596 1723 Περὶ
618 1646 673 1702 τοῦ
697 1643 740 1717 μὴ
772 1641 995 1703 ἀλλοιούσθαί
1016 1661 1095 1702 ποτε
1117 1643 1174 1717 τὴν
1206 1642 1429 1717 κοινοβιακὴν
1453 1641 1529 1700 δια-

222 1769 345 1844 γωγήν.
392 1762 459 1844 Περί
485 1785 520 1842 γε
551 1765 604 1838 μὴν
634 1770 683 1838 τῆς
713 1765 888 1840 κοινοβιακῆς
918 1764 1060 1843 διαγωγῆς
1091 1761 1194 1843 εἴρηται
1226 1762 1277 1840 μὲν
1305 1763 1449 1836 πολλάκις
1478 1763 1530 1822 καί

222 1887 371 1964 πολλαχοῦ
392 1891 439 1946 τού
461 1887 594 1966 παρόντος
618 1888 814 1963 συντάγματος,
839 1884 976 1967 εἰρήσεται
999 1887 1030 1946 δὲ
1052 1885 1099 1946 καὶ
1121 1889 1176 1965 νῦν,
1200 1887 1239 1958 ὡς
1261 1879 1317 1945 οίέν
1332 1905 1362 1944 τε
1384 1880 1431 1945 διὰ
1454 1884 1530 1962 βρα-

222 2011 311 2086 χέων·
336 2007 421 2086 δγδιρ
444 2007 590 2086 βούλομαι,
615 2008 717 2088 σφοδρα
740 2006 886 2087 βούλομαι,
911 2006 1047 2084 βούλομαι
1070 2006 1101 2066 δὲ
1116 2009 1165 2083 τὴν
1179 2007 1358 2083 κοινοβιακὴν
1372 2007 1531 2086 ’διαγωγὴν

223 2129 269 2189 καὶ
297 2132 459 2189 κατάποσιν
488 2131 745 2212 ἐμπαραμεῖναιτξγ
773 2136 843 2212 μονῇ
872 2129 1061 2190 ἀναλλοίωτθν
1082 2149 1112 2190 τε
1135 2128 1182 2189 καὶ
1209 2130 1414 2210 ἀμετάτρεπτον
1442 2129 1529 2209 μέχρι

222 2257 272 2327 τῆς
286 2256 333 2312 τοῦ
355 2254 457 2324 παντδς
478 2249 556 2311 τοῦδε
580 2255 732 2322 συστάσεως
746 2251 819 2311 κατὰ
834 2251 940 2327 μηδένα
955 2251 1041 2331 λόγον
1055 2252 1338 2332 ταρσιχαραττομένην
1353 2254 1372 2325 ἢ
1388 2250 1529 2310 ἀλλοιου-

224 2374 320 2452 μένην,
345 2373 417 2449 μηδὲ
439 2375 677 2453 παρακινουμένην
700 2372 735 2432 δι’
747 2375 888 2448 ἡντιναοῦν
911 2372 998 2434 αἰτίαν
1021 2375 1193 2454 ἢπρόφασιν,
1217 2374 1256 2449 μὴ
1272 2372 1319 2432 διὰ
1331 2372 1462 2450 πλοῦτον,
1487 2375 1530 2448 μὴ

225 2493 271 2552 διά
289 2493 394 2574 πενίαν,
418 2495 456 2570 μὴ
481 2492 514 2552 δι’
527 2494 639 2574 ἀφορίαν
661 2498 679 2570 ἦ
703 2494 838 2574 εθφορίαν,
863 2497 901 2570 μὴ
925 2494 960 2554 δι’
974 2495 1065 2571 ἀλλην
1088 2491 1230 2554 ὁποιανοῦν
1246 2493 1419 2572 εύλογοφανῆ
1435 2493 1531 2553 αἰτίαν

223 2618 242 2690 ἡ
265 2615 400 2695 ἀφορμήν,
430 2615 508 2675 ἀλλὰ
529 2619 616 2692 πάντη
638 2637 669 2674 τε
691 2614 738 2676 καὶ
760 2619 869 2688 πάντως
890 2618 939 2691 τἠν
961 2616 1135 2692 νισινοβιαιιὴν
1159 2616 1358 2694 φυλλάττεσθαι
1382 2615 1530 2695 διαγωγὴν

224 2734 270 2795 καὶ
293 2739 456 2796 κατάστασιν
484 2739 567 2817 μέχρι
593 2739 694 2809 παντδς
721 2736 954 2818 ἀπαράθρσιυστον,
981 2741 1033 2797 κάν
1056 2736 1095 2808 είς
1119 2729 1361 2813 δύσμσναζουσῶν
1384 2735 1530 2815 διάρκειαν

222 2863 379 2937 περιστῆναι
406 2859 496 2941 συμβῇ
519 2861 567 2935 τὴν
591 2860 656 2919 ύλον
684 2860 817 2940 πράσοδον
839 2866 889 2936 τῆς
912 2865 1007 2938 μονῆς,
1031 2858 1078 2918 καὶ
1101 2859 1184 2929 αθτάς
1210 2859 1392 2934 κοινοβιακῶς
1419 2857 1530 2932 βουλέ-

224 2981 296 3056 μεθα
318 2983 366 3056 ζῆν
389 2979 435 3040 καί
458 2976 496 3058 τῷ
519 2985 568 3058 τῆς
592 2981 733 3058 διαγωγῆς
756 2982 855 3057 ταύτης
876 2983 970 3041 κανόνι
993 2983 1121 3058 στοιχεῖν.
1151 2983 1203 3039 κᾶν
1220 2980 1270 3056 μὲν
1286 2985 1339 3039 τῶν
1361 2981 1531 3058 ἡγουμενῶν

222 3123 263 3173 τις
287 3103 406 3162 ἐναντίον
431 3101 564 3184 βουληθῇ,
593 3102 642 3174 τὰς
665 3103 791 3180 μοναχάς
813 3103 976 3182 ἀντιλέγειν,
1005 3099 1028 3162 εί
1052 3102 1076 3161 δ’
1089 3101 1116 3161 αῖ
1140 3102 1270 3182 μοναχαί,
1297 3102 1346 3176 τἠν
1368 3103 1530 3181 ἡγουμένην

223 3225 398 3302 ἀντιπίπτειν,
427 3223 450 3282 εἰ
474 3223 505 3283 δὲ
528 3222 575 3283 καί
598 3225 734 3299 σύμπασαι
757 3227 971 3304 συμφωνήσαιεν,
995 3226 1044 3299 τὴν
1066 3231 1115 3300 τῆς
1138 3230 1226 3300 μονῆς
1247 3223 1530 3300 ἀντιλαμβανομένην

222 3346 256 3404 τὰ
282 3346 347 3426 παρ’
363 3347 444 3421 ἡμῶν
474 3344 677 3424 διατεταγμένα
707 3346 863 3426 διεκδικεῖν,
895 3345 919 3406 εἰ
949 3346 980 3406 δὲ
1006 3345 1053 3406 καὶ
1083 3347 1148 3421 αύτη
1180 3347 1297 3420 ἐκείναις
1327 3347 1529 3425 συνοπαχθείη,

224 3467 318 3526 ἀδειαν
342 3466 521 3547 ἐκχωρούμεν
543 3466 622 3526 παντὶ
645 3465 684 3546 τῷ
707 3467 868 3548 βουλομένῳ
891 3465 956 3548 ὑπὲρ
977 3469 1105 3544 εθσεβσῖις
1128 3468 1308 3546 ἀγωνίζεσθαι
1329 3465 1457 3550 πράξεως
1478 3467 1530 3528 καὶ

224 3587 394 3667 δικαστηρίῳ
411 3591 550 3668 προσιέναι
574 3588 609 3648 δι’
622 3588 685 3647 αύτδ
707 3591 738 3648 τδ
760 3591 849 3650 καλὸν
871 3587 918 3650 καί
941 3590 986 3648 τὀν
1009 3589 1075 3671 ὑπὲρ
1097 3592 1191 3650 τούτου
1215 3592 1309 3666 μισθδν
1331 3587 1379 3649 καὶ
1400 3590 1435 3650 τά
1456 3591 1529 3670 παρ’
1576 3615 1584 3634 ·

223 3711 303 3784 ἡμῶν
328 3710 530 3788 διατεταγμένα
553 3713 643 3786 ζητεῖν
666 3712 741 3789 ἔχειν
763 3713 793 3771 τδ
818 3712 939 3793 ἐνεργόν,
962 3710 1009 3771 καί
1031 3712 1081 3782 τὰς
1102 3713 1279 3793 πρωταιτίσυς
1299 3719 1350 3788 τῆς
1364 3715 1411 3772 τοῦ
1430 3733 1530 3773 κοινο-

225 3831 330 3905 βιακῶς
353 3833 401 3906 ζῆν
424 3833 603 3904 καταλύσεως
635 3829 746 3904 ἐξωθεῖν
776 3840 825 3909 τῆς
848 3839 935 3910 μονῆς
957 3831 1004 3893 καί
1026 3835 1065 3908 μὴ
1095 3834 1214 3910 νομίζειν
1236 3838 1312 3894 τούτο
1336 3835 1431 3915 μικρὸν
1454 3832 1531 3896 εἶναι

225 3954 404 4034 κατόρθωμα,
429 3949 507 4014 ἀλλά
529 3952 577 4014 καὶ
599 3957 668 4014 πάνυ
691 3953 833 4034 μέγακαὶ
856 3958 997 4036 σωτήριον.

328 4075 406 4154 Κεφ.
422 4073 485 4150 ις’.
508 4074 589 4157 Περὶ
603 4080 658 4137 τοῦ
674 4077 731 4152 τὴν
747 4076 847 4152 αύτὴν
864 4071 952 4138 εῖναι
966 4083 1081 4138 πασῶν
1095 4083 1159 4137 τῶν
1174 4079 1388 4154 μοναζουσῶν
1404 4079 1529 4159 βρῶσίν

223 4217 258 4257 τε
280 4197 336 4259 καὶ
357 4202 452 4258 πόσιν
475 4197 530 4257 καί
554 4198 758 4274 ἐνδυμενίαν
779 4197 885 4279 χωρὶς
907 4207 971 4259 τῶν
995 4201 1181 4280 ἀρρώστων.
1211 4199 1275 4260 Ἐπὶ
1298 4199 1330 4259 δὲ
1351 4201 1457 4273 τούτοις
1479 4201 1530 4261 καί

224 4324 300 4379 τοῦτο
333 4320 515 4400 διοριζόμεθα,
546 4320 590 4379 ἵνα
612 4323 712 4392 πάσαις
734 4320 795 4396 ύμῖν
817 4322 835 4394 ἡ
860 4321 926 4395 αὐτὴ
958 4325 1041 4401 τροφή
1065 4342 1094 4380 τε
1117 4320 1171 4381 καί.
1186 4323 1264 4394 πόσις
1287 4320 1339 4402 εἴη,
1369 4321 1474 4394 ἔνδυσίς
1497 4343 1530 4383 τε

223 4439 270 4500 καὶ
293 4441 466 4523 ύπύδησιςῐ),
497 4439 605 4516 καὶμὴ
636 4443 751 4524 διαφορά
772 4443 811 4514 τίς
833 4463 900 4502 ποτε
928 4445 1028 4504 τούτων
1053 4443 1082 4502 έν
1104 4445 1166 4521 ύμῖν
1187 4446 1310 4523 γένηται.
1355 4448 1413 4517 τοῖς
1437 4448 1529 4518 αὐτοῖς

328 4705 348 4771 ¹)
368 4701 483 4764 ύιιάδυσις
502 4705 541 4770 O„
560 4705 776 4756 emendationem
795 4709 934 4772 proposuit
953 4707 991 4757 Μ.
