3486 5282
1347 367 1410 432 219

107 549 197 628 γαλης
223 553 390 634 ἐκκλησίας,
413 555 461 617 καὶ
485 556 567 634 ἐδόθη
584 555 623 632 είς
638 559 668 618 τθ
684 557 765 640 ῥηθὲν
781 559 852 640 ίερθν
868 559 1003 640 ἡμέτερον
1017 560 1214 640 πατριαρχικθν
1230 559 1277 622 καί
1293 582 1409 643 σταυρο-

107 675 241 752 πηγιακάν
267 679 449 758 μοναστήριον
471 683 517 740 τοῦ
540 680 617 757 ἁγίου
640 677 751 754 ἐνδόξου
774 679 1020 762 μεγαλομιίρτυρος
1035 680 1173 762 Γεώρηίου
1187 679 1226 759 τῷ
1242 683 1272 742 ἐν
1286 690 1319 765 τῇ
1335 686 1409 764 νήσῳ

108 797 271 875 Ἀντιγόνου.
321 800 354 860 ἐν
377 801 444 860 ἔτει
468 801 581 884 ,αψῑιθ
604 799 689 864 κατά
716 811 804 880 μῆνα
830 802 1019 884 ίανουοίριον
1050 805 1280 880 ἐπινεμήσειυς
1309 803 1325 865 ι’
1338 803 1359 888 ¹)
1383 809 1408 894 ί.

205 921 423 1001 ίΝεὸρυτος,
441 923 616 1004 ἐλέῳθεοῦ
631 921 895 1006 ἀρχιεπίσκοπος
907 927 1307 1007 Κώνσταντινουπθλεως,
1320 929 1410 1000 Νέας

108 1041 248 1123 Ῥώμης,
275 1043 332 1104 καί
355 1044 591 1122 οίκουμενικάς
613 1053 827 1131 πατριάρχης
849 1055 874 1127 †.

107 1167 119 1234 ί
135 1164 354 1245 Καισαρείας
378 1168 560 1250 Γρηγὲριος
576 1173 602 1247 †.
788 1177 805 1249 †
822 1173 957 1252 Ἐρέσου
979 1172 1180 1248 Σαμουήλί.

107 1286 354 1365 ίἨρακλείας
377 1290 587 1368 Μεθὸθιοςί.
788 1301 805 1372 †

107 1407 377 1485 ηΝικομηθείας
400 1411 631 1491 Ἀθαναίσιοςί.
788 1415 980 1494 ηΧαλκηδέ
987 1435 1041 1486 νος
1064 1417 1106 1474 Ἱε
1113 1416 1270 1495 ρθθεοςη.

107 1530 276 1611 ηλέρκων
300 1531 447 1606 Ἀνανίας
462 1537 487 1610 ί.
788 1542 805 1614 †

820 1291 965 1364 Κυζίκου
988 1293 1188 1370 Ἀγοίπιοςη.

819 1537 935 1618 Ἀρτης
958 1539 1171 1618 Μακάριοςη.

363 1879 440 1944 XII.
466 1879 690 1968 7306-1798,
714 1905 824 1948 mense
847 1883 1021 1966 februario,
1045 1883 1110 1948 ind.
1132 1884 1158 1948 I.

131 2059 301 2116 Ραίτὶατσάα
320 2061 469 2133 (ἐπιφανέσιν
491 2063 520 2118 V.
537 2065 676 2134 confimat
692 2067 743 2134 jus
758 2067 986 2137 ιίαατορορίοιιιιι,
1010 2067 1074 2119 iura
1090 2071 1114 2118 et
1125 2065 1275 2136 privileyia
1291 2071 1316 2118 et
1326 2083 1390 2134 μοι·

511 2214 516 2224 .
607 2171 734 2224 sessiones
751 2172 915 2224 ιιιοσιαιίοιάέ.

215 2392 232 2463 θ
262 2389 283 2448 Γ
290 2391 460 2470 ρηγὸριος,
495 2389 583 2469 ἐλέῳ
616 2391 692 2450 θεοῦ
725 2391 989 2470 ἀρχιεπίσκοπος
1017 2391 1412 2469 Κωνσταντινουπὸλευις,

117 2506 200 2580 Νέας
224 2511 367 2590 Ῥώμης,
389 2510 445 2572 καί
467 2510 704 2588 οίκουμενικθς
725 2515 940 2593 πατριάρχης
962 2517 987 2589 †.

217 2637 234 2707 †
256 2629 334 2692 Ὅσα
361 2633 413 2709 μὲν
439 2633 511 2694 κατὰ
536 2633 598 2706 τοίις
626 2633 714 2706 θείους
742 2635 858 2710 θεσμοὺς
885 2633 931 2694 καὶ
953 2634 1015 2706 τοίις
1038 2635 1126 2714 ίεροίις
1148 2634 1345 2706 ἀποοτολικοὶις
1366 2632 1413 2694 καί

120 2752 270 2826 αινοδικοθς
293 2757 412 2826 κανόνας
433 2757 563 2834 τυγχάνει
585 2755 837 2835 διακυβερνώμενα,
861 2756 972 2830 πολλὴν
996 2757 1088 2834 ἔχουσι
1102 2757 1152 2832 τὴν
1166 2759 1246 2834 χοίριν
1261 2755 1335 2836 παρά
1350 2758 1413 2816 θεοῦ

120 2872 161 2932 καί
182 2877 213 2936 τ“ο
236 2876 324 2948 κλέος
346 2879 488 2956 μέγιστον·
513 2880 565 2938 ὅσα
588 2878 619 2938 δὲ
641 2879 791 2938 τοίιναντίον
813 2878 976 2959 παραβαίνει
997 2885 1051 2938 τῶν
1074 2879 1144 2958 θρών
1165 2879 1360 2959 ἑκτρειιόμενα,
1384 2880 1414 2938 ἐν

121 2997 216 3070 τοίτοις
240 3001 381 3080 προρανὴς
402 3001 420 3075 ἡ
444 3000 562 3076 ἀκοσμία
584 2999 630 3060 καί
654 3001 814 3076 κατάδηλος
835 3001 853 3075 ἡ
876 3001 962 3081 ρθορά
984 2999 1029 3061 καὶ
1051 2999 1095 3060 ἐπί
1116 3005 1195 3061 πᾶσιν
1215 3003 1302 3075 ἡτῶν
1318 3005 1413 3078 ψυχῶν

122 3117 251 3182 ἀπώλεια.
298 3119 324 3182 εί
346 3123 410 3202 γάρ,
432 3122 556 3202 καθάπερ
579 3122 605 3182 οί
626 3121 687 3201 περί
710 3129 764 3182 τῶν
786 3124 849 3182 καθ’
863 3126 964 3184 ἕκαστα
987 3123 1143 3199 ἐκκλησιῶν
1165 3124 1253 3200 νόμοι,
1276 3121 1345 3182 οίιιιυ
1367 3121 1414 3182 καί

123 3238 144 3296 οί
162 3243 222 3322 περὶ
245 3249 299 3302 τῶν
322 3251 565 3321 σταυροπηγιακῶν
588 3244 772 3324 μοναστηρίων
794 3243 848 3304 τών
871 3246 921 3306 θπθ
942 3243 981 3325 τῷ
1003 3245 1066 3304 καθ’
1079 3246 1154 3320 ἡμᾶς
1178 3243 1351 3322 ἀποοτολικῷ
1366 3243 1413 3304 καὶ

126 3360 297 3444 οίιιοιιμενικῷ
328 3366 415 3446 θρόνῳ
442 3360 643 3446 ἀπαράτρεπτοι
666 3365 874 3446 διαφυλάττοντα
897 3365 944 3427 καὶ
966 3373 1015 3441 τῆς
1037 3366 1108 3426 κατά
1130 3367 1229 3442 νόμους
1253 3365 1414 3442 ἐπιμελείας

126 3483 166 3542 καί
187 3486 353 3568 προστασίας
374 3485 489 3548 κάκεῖνα
511 3485 633 3562 ἠξιοῦντο
656 3488 731 3568 παρὰ
752 3495 805 3548 τῶν
829 3487 872 3548 ἀεὶ
894 3491 1156 3570 πατριαρχευθνπων,
1180 3490 1230 3549 οίικ
1252 3491 1284 3548 ἀν
1299 3493 1415 3548 τοσαῦτα

127 3605 167 3665 καί
191 3610 345 3684 τηλικοῶτα
369 3609 403 3670 τά
431 3609 506 3670 δεινά
533 3611 589 3682 τοῖς
613 3610 800 3690 μοναοιηρίοις
828 3611 998 3686 συνέβαινεν·
1030 3608 1098 3671 ἀλλ’
1112 3610 1206 3686 ἐπειδὴ
1230 3612 1279 3672 οίικ
1300 3609 1414 3686 οἴδαμεν

127 3727 191 3801 ἓπυς
212 3739 267 3794 τών
289 3730 371 3812 ίερών
392 3733 633 3811 παρημελημένων
656 3734 746 3808 νόμιον
769 3731 809 3802 εἰς
832 3733 961 3808 τοσαθιην
983 3733 1123 3814 προῆλθον
1146 3733 1345 3794 ἀκαταστασίαν
1367 3731 1415 3793 καί

130 3849 244 3930 ἐλεεινὴν
273 3853 414 3914 ἀπώλειαν
437 3852 471 3912 τά
493 3853 553 3933 ίερά
574 3858 658 3914 ταῦτα
679 3847 853 3936 καταγώγια,
883 3855 930 3914 διὰ
949 3859 1033 3916 ταῦτα
1057 3855 1133 3927 εὺθίις
1156 3857 1328 3935 ἀνειληφέσιν
1350 3857 1414 3929 ἡμῖν

130 3972 181 4046 τοῐις
200 3975 300 4047 οἴακας
322 3979 368 4036 τοῦ
390 3975 538 4054 παγκοίνου
560 3973 662 4036 τουτουί
685 3978 812 4055 σκάρους,
836 3973 915 4048 ἔδοξε
938 3977 1007 4057 προς
1026 3979 1081 4047 τοῖς
1097 3977 1197 4050 ἀλλοις
1211 3975 1258 4037 καὶ
1273 3972 1307 4037 τά
1321 3997 1414 4057 παρη-

130 4096 266 4174 μελημένα
294 4097 363 4158 αἰιτά
390 4099 474 4176 εθαηῆ
499 4100 666 4176 μοναστηρια
689 4099 895 4178 διορθώσασθαι,
927 4099 1045 4178 ἀφορῶσι
1067 4100 1135 4178 προς
1156 4101 1187 4158 τ“ο
1210 4099 1322 4159 ἐκείνων
1344 4120 1415 4174 συμ-

130 4219 207 4300 φέρον,
238 4221 278 4292 ῶς
302 4220 376 4295 μέλη
399 4221 499 4298 γνήσια
521 4219 585 4280 ὄντα
606 4225 656 4294 τῆς
679 4221 740 4280 καθ’
754 4221 829 4296 ἡμᾶς
852 4219 933 4298 ἀγίας
955 4225 1000 4280 τοῦ
1016 4221 1131 4298 Χριστοῦ
1154 4221 1284 4298 μεγάλης
1307 4221 1415 4296 ἐκκλη-

132 4338 180 4412 σίας
204 4340 317 4421 καὶτῷ
345 4321 572 4421 σταυροπηγιακιξι
600 4339 646 4402 καὶ
673 4340 861 4422 πατριαρχικῷ
890 4341 1029 4422 προνομίῳ
1057 4343 1235 4418 τετιμημένα,
1266 4343 1364 4414 ἀλλοις
1385 4363 1414 4400 τε

132 4460 183 4522 οθθὲ
202 4465 313 4536 καινούς
335 4485 409 4536 τινας
433 4463 476 4542 ἀρ’
490 4465 591 4524 ἑαυτῶν
613 4465 712 4539 νόμους
734 4465 861 4543 φέρομεν,
894 4464 961 4524 ἀλλ’
974 4463 1104 4544 ἀρχαίους
1125 4465 1182 4534 τοῖς
1206 4463 1414 4540 ἐνασκουμένοις

223 4727 244 4791 ¹)
263 4725 356 4776 Editio
376 4725 439 4776 Oec.
459 4723 491 4774 α’.
511 4725 599 4775 Error.
