3246 5288
247 339 312 402 446

249 535 385 618 ἀφαίρεσιν
400 535 554 612 ὑποστῆναι.
585 535 631 596 καὶ
647 537 733 598 αθτῶν
749 544 802 596 τῶν
826 537 1021 618 μοναστηρίων,
1046 531 1083 598 ῶν
1099 529 1139 610 είς
1158 535 1290 614 δεσπότης
1312 536 1327 594 ό
1350 535 1546 616 φιλάνθρωπος

248 659 340 739 κύριος
370 658 414 720 διὰ
442 665 492 736 τής
521 660 573 740 πρό
597 653 709 720 Ιπολλοῦ
731 654 954 742 προσκυρώσεως.
1000 658 1046 720 καί
1068 661 1169 738 γέγονε
1191 661 1277 739 τοῦτο,
1306 659 1382 734 πλὴν
1405 661 1455 719 ούκ
1478 659 1544 734 ἔστη

249 784 333 862 μέχρι
361 782 453 842 τούτου
483 781 516 842 τά
545 787 594 858 τῆς
621 783 751 862 τιμωρίας
774 784 873 862 αὐτοῖς,
903 781 981 842 ἀλλά
1002 780 1042 860 τῷ
1065 780 1287 862 Οίκοπροαστείῳ
1309 781 1343 841 τὰ
1373 783 1545 859 μονασσήρια

248 905 447 983 συνηνῶθησαν,
478 903 565 964 καίτοι
588 925 621 982 γε
649 903 704 982 θεῷ
726 903 780 979 ήδη
811 903 978 980 ἀνακείμενα
999 902 1047 964 καί
1069 904 1176 985 σύδένα,
1200 904 1239 975 ῶς
1261 902 1374 984 εἴρηται,
1407 902 1544 978 δεσπότην

249 1028 359 1106 ἔχοντα,
388 1026 466 1086 ἀλλὰ
486 1025 561 1106 παρὰ
584 1025 666 1101 μόνον
690 1024 931 1106 διακυβερνῶμενα
952 1029 999 1086 τοῦ
1020 1026 1054 1086 τὰ
1076 1029 1164 1086 πάντα
1187 1026 1337 1106 ἐφορῶντος
1358 1026 1432 1104 θεοῦ,
1456 1021 1489 1095 ἐξ
1513 1017 1543 1082 οὗ

108 1199 121 1227 ,
204 1139 206 1142 ’
249 1149 284 1224 δή
307 1146 354 1210 καί
370 1148 504 1230 ἀφήρηται
518 1148 593 1228 παρὰ
612 1148 661 1220 τὰς
683 1144 820 1220 διατάξεις
841 1147 889 1207 καὶ
910 1149 972 1220 τσθς
994 1148 1081 1228 ἱερούς
1103 1149 1230 1227 κανόνας,
1254 1148 1269 1208 θ
1292 1147 1326 1223 δὴ
1350 1149 1460 1218 πάντως
1482 1145 1542 1206 ούδ’

249 1271 320 1354 ἀκοῇ
343 1272 457 1352 φορητόν
474 1270 529 1331 ἐστι
549 1269 617 1353 όσίᾳ.
643 1269 688 1343 Ιτίς
709 1270 763 1352 γὰρ
786 1271 931 1348 ἀνάσχοιτο
954 1273 1095 1347 κοσμικαῖς
1117 1269 1240 1351 δικαίοις,
1262 1272 1320 1342 τοῖς
1339 1273 1416 1330 κάτω
1437 1269 1544 1341 ταύταις

208 1447 211 1454 ,
249 1392 295 1454 καί
318 1393 406 1473 ῥέουσι
428 1389 615 1472 συναναμῖξαι,
646 1393 716 1471 άπερ
738 1393 801 1464 θεός
823 1389 971 1466 ἀνεδέξατο
994 1390 1041 1452 καί
1063 1393 1102 1463 ῶς
1124 1391 1211 1452 οἰκεῖα
1233 1391 1440 1470 ήναγκαλίσατο
1466 1439 1473 1452 .
1500 1437 1507 1450 .
1535 1439 1541 1452 .
1617 1420 1618 1432 ι

248 1517 267 1592 ή
298 1513 424 1588 βασιλεία
455 1535 506 1589 μου
533 1515 602 1594 πρός
632 1515 695 1574 αθτό
723 1517 754 1572 τ“ο
786 1513 890 1574 δίκαιον
920 1513 1048 1592 ἀφορῶσα
1076 1513 1124 1572 καί
1152 1515 1228 1594 πρός
1248 1514 1279 1574 τό
1302 1515 1375 1574 θεῖον
1397 1511 1445 1572 καῖ
1467 1512 1542 1594 ἰερδν

250 1637 330 1714 ἔργον
361 1633 546 1694 ἀποκλίνουσα
574 1632 621 1694 καί
650 1634 711 1706 τούς
741 1634 907 1707 διοικοῖντας
937 1633 981 1694 ἐπὶ
1009 1641 1059 1710 τῆς
1089 1631 1232 1712 δεσποίνης
1254 1633 1302 1695 καὶ
1323 1637 1471 1706 κακίζουσα
1492 1633 1542 1694 καί
1617 1625 1618 1668 ί

250 1763 298 1835 τής
320 1760 434 1834 γνώμης
456 1757 506 1816 οθκ
529 1757 682 1837 ἐπαινοῦσα,
706 1757 754 1816 άτε
777 1757 885 1832 ἐκείνης
908 1756 995 1833 μηδὲν
1018 1757 1062 1818 ἐπὶ
1083 1761 1140 1828 τοῖς
1161 1757 1289 1830 τοιούτοις
1311 1757 1460 1829 συνειδυίας
1482 1749 1543 1840 (οἷα

250 1879 463 1955 θαλαμευσμένη
494 1875 652 1938 ἐκπαίδων
674 1876 721 1938 καί
744 1877 823 1958 ἱερῶν
846 1877 893 1938 καί
915 1878 1063 1939 πολιτικῶν
1085 1881 1255 1959 πραγμάτων
1277 1879 1341 1940 οθδὲ
1365 1877 1542 1959 βραχυτάτην

252 2002 369 2078 ἐχούσης
391 2002 497 2079 πεῖραν,
520 2005 573 2060 τῶν
593 1999 761 2060 διοικούντων
784 1999 816 2060 δὲ
837 2003 1017 2080 πραττόντων,
1040 2002 1109 2080 ύπερ
1132 2001 1288 2081 ἐβούλοντο,
1310 1998 1357 2059 καί
1376 2000 1469 2080 ῶσπερ
1483 2000 1544 2060 τινὰ
1618 2081 1619 2084 ¹

250 2123 365 2198 λεοντῆν
396 2121 600 2198 ἐπενθυομένων
630 2124 660 2182 τό
692 2121 801 2198 ἐκείνης
830 2121 940 2204 όνσμα),
969 2123 1004 2182 τὰ
1032 2127 1078 2183 τοῦ
1108 2123 1171 2182 θεοῦ
1200 2121 1239 2200 τῷ
1268 2120 1324 2202 θεῷ
1346 2117 1419 2183 είναί
1439 2143 1470 2182 τε
1493 2121 1541 2182 καί
1618 2095 1619 2184 ί

251 2243 389 2320 διαμένειν
412 2245 665 2325 προσαφιερωμένα,
689 2244 751 2304 δέον
774 2239 843 2305 εἶναι
866 2246 955 2326 ἔκρινε
977 2243 1024 2306 καὶ
1047 2245 1188 2305 ἀπέσπασε
1211 2244 1261 2320 μὲν
1283 2250 1336 2304 τῶν
1360 2245 1471 2305 δικαίων
1493 2249 1541 2304 τοῦ

250 2365 479 2446 Οίκσπροαστείου
507 2366 542 2426 τὰ
572 2368 737 2446 μοναστήρια
768 2367 859 2446 ἀφυῶς
888 2387 919 2425 τε
947 2364 995 2426 καί
1021 2367 1191 2446 παραλόγως
1213 2367 1302 2428 ἐκεῖσε
1323 2367 1540 2445 προσενωθέντα,
1618 2427 1619 2436 ,

250 2487 446 2550 αθτοδέσποτον
469 2487 500 2548 δὲ
522 2488 606 2548 πάλιν
630 2483 699 2547 είναι
721 2486 863 2567 διωρίσατο
886 2487 930 2548 διά
953 2493 999 2548 τοῦ
1019 2489 1152 2568 παρόντος
1179 2487 1307 2563 εθσεβοίις
1333 2489 1543 2568 γρυσοβούλλου

250 2610 395 2690 σιγιλλίου,
423 2607 521 2690 πρᾶξιν
550 2613 714 2690 συντηροθσα
742 2607 790 2670 καί
818 2607 873 2690 θεῷ
903 2609 984 2688 φίλην
1013 2607 1060 2670 καί
1090 2609 1128 2690 τῷ
1156 2608 1251 2690 δικαίῳ
1274 2609 1472 2686 συμβαίνουσαν
1494 2609 1543 2668 καὶ

250 2733 332 2814 ἱεροῖς
354 2734 448 2794 κανόσι
463 2737 631 2810 στοιχοῦσαν,
654 2730 702 2791 καί
724 2731 875 2811 ἀνθρώποις
897 2731 1071 2813 ἀρέσκουσαν,
1097 2733 1136 2792 ἔτι
1158 2731 1189 2791 δὲ
1211 2731 1258 2792 καὶ
1281 2731 1421 2806 βασιλέως
1443 2729 1543 2806 ἐπιβε-
1619 2777 1620 2780 ¹

251 2855 365 2929 βαισῦσα
379 2856 485 2934 γραφὴν
495 2852 542 2914 καὶ
554 2853 697 2934 σφραγῖδα,
713 2855 748 2930 ήν
760 2854 923 2930 οεβάζεσθαι
933 2853 979 2914 καὶ
992 2856 1129 2934 συντηρεῖν
1140 2852 1293 2933 λυσιτελές,
1310 2851 1386 2934 εἴπερ
1397 2873 1422 2914 τι
1434 2852 1543 2914 ἀλλο.“
1619 2823 1620 2858 ³

353 2985 434 3040 Ηαιιο
456 3001 569 3040 auream
591 2983 693 3038 όιιίίανη
715 2981 885 3053 confirmavit
906 2983 1055 3054 ίωρασίστ
1073 2983 1263 3038 commacina·
1282 2983 1379 3038 Dum
1400 2981 1542 3052 (1069-

253 3104 357 3176 106⁷).
403 3105 475 3175 Ejus
496 3105 593 3178 ιέφύίίίι
609 3105 795 3178 ,ίτσριιιειτίυιιι
816 3105 898 3160 habes
919 3105 996 3176 apud
1018 3105 1198 3176 Nicephorum
1217 3122 1249 3175 p.
1275 3105 1414 3160 77-78:
1441 3095 1543 3178 ,Ἐπεὶ

250 3223 311 3295 τούς
334 3220 550 3295 εὐλαβεστοίτους
573 3221 709 3300 μονσχούς
731 3225 780 3297 τῆς
795 3219 872 3293 Νέας
887 3221 983 3296 Μανῆς
1005 3225 1055 3296 τής
1077 3220 1225 3300 ὑπεραγίοις
1248 3221 1376 3280 θεοτόκου
1397 3225 1447 3295 τής
1464 3220 1542 3302 ἐντῇ

250 3346 324 3424 νήσῳ
341 3343 399 3423 Χίῳ
422 3343 609 3423 διακειμένης,
631 3343 715 3420 ήγουν
737 3345 783 3402 τόν
805 3363 835 3402 τε
858 3343 979 3420 μοναχδν
995 3341 1118 3417 Νικήταν
1141 3343 1187 3402 καί
1208 3343 1254 3402 τόν
1274 3341 1396 3419 μοναχδν
1412 3341 1544 3416 Ἰωάννην
1618 3323 1620 3332 ’

252 3459 328 3546 εὗρεν
350 3465 368 3538 ἡ
392 3464 519 3537 βασιλεία
542 3484 594 3538 μου
616 3463 724 3543 θερμῶς
747 3464 973 3544 διαλιπαροῖνντας
995 3463 1042 3523 καὶ
1065 3463 1211 3540 δεομένους
1233 3465 1325 3542 αθτής,
1347 3464 1418 3522 ὥστε
1440 3465 1543 3543 χρυσό-

252 3587 373 3662 βουλλσν
388 3586 523 3664 σιγιλλιον
539 3587 665 3664 γενέσθαι
680 3587 783 3658 τούτοις
799 3585 838 3660 είς
854 3587 1012 3666 έπικύρωσιν
1026 3592 1080 3646 τῶν
1095 3587 1316 3668 προσκτηθέντων
1328 3591 1360 3668 τῇ
1373 3585 1487 3670 ῥηθείσῃ
1498 3585 1542 3645 ἀπ’

252 3711 347 3782 αύτούς
369 3714 440 3790 μονῇ
461 3707 675 3789 χρυσοβούλλων
698 3709 850 3790 σιγιλλίων,
873 3709 903 3767 ού
919 3709 975 3769 δεῖν
992 3709 1064 3787 ἔγνω
1079 3710 1097 3787 ή
1113 3709 1270 3786 γαληνότης
1284 3708 1364 3783 ήμῶν
1379 3709 1429 3784 τήν
1443 3709 1543 3769 τούτων

252 3831 462 3909 ἀποπέμψασθαι
494 3831 596 3911 δέησιν,
627 3830 706 3890 ἀλλά
727 3830 887 3911 φιλαγάθως
909 3828 956 3903 ούς
978 3831 1148 3892 ἀποκλίνασα
1169 3831 1272 3902 τούτοις
1295 3831 1410 3906 εύήκσον
1441 3828 1543 3913 (χαίρει

251 3953 306 4034 γάρ
335 3951 379 4012 ἐπὶ
408 3955 467 4025 ταῖς
496 3953 630 4026 τοιαύταις
661 3951 790 4024 εθποιίαις
819 3951 866 4013 καὶ
896 3950 991 4031 φθάνει
1020 3951 1063 4014 ἐπί
1092 3955 1152 4024 ταῖς
1181 3959 1234 4013 τῶν
1265 3951 1345 4012 θείων
1374 3955 1542 4032 πραγμάτων

252 4074 398 4155 ἀναφοραῖς
412 4074 462 4147 τὰς
479 4072 597 4150 αἰτήσεις
618 4075 637 4152 ή
659 4073 755 4155 πρᾶξις
772 4072 877 4157 αιίτῆς),
900 4075 1016 4151 όμοιλῶς
1030 4077 1186 4155 προσήκατο
1201 4073 1299 4150 ταύτην
1320 4071 1368 4134 καί
1391 4073 1543 4148 βασιλικῶς

251 4194 299 4257 καὶ
321 4197 542 4278 μεγαλοπρεπῶς
565 4193 713 4277 ἐξεπέρανε
735 4197 830 4257 θᾶττον
852 4199 871 4271 ή
893 4196 980 4276 λόγος
1001 4197 1068 4277 πρδς
1089 4197 1138 4271 τὴν
1154 4195 1329 4278 ἐκπλήρωσιν
1353 4197 1437 4272 αὐτῆς
1458 4217 1541 4256 κατε-

253 4319 408 4397 πειγμένως
430 4319 565 4378 σπεύσασα
590 4319 670 4380 ...“
707 4325 746 4380 Ec
767 4326 797 4378 τίι
818 4323 874 4379 alio
896 4323 1064 4395 σύιμεσόιιάσ
1086 4325 1126 4378 τέο
1147 4325 1282 4396 loquitur:
1304 4315 1365 4398 περὶ
1387 4315 1442 4377 τῶν
1465 4297 1550 4380 ὁσίων

252 4439 358 4522 ἀνδρῶν
388 4439 466 4520 ἱερῶν
496 4439 543 4502 καί
574 4439 653 4500 θείων
683 4439 729 4502 καί
760 4440 886 4516 εύλαβῶν
916 4439 963 4501 καὶ
993 4441 1107 4517 ἀσκήσει
1137 4439 1184 4500 καὶ
1214 4441 1297 4523 ἀρετή
1324 4437 1371 4500 καί
1394 4441 1474 4520 λόγῳ
1496 4439 1542 4515 τήν

180 4561 183 4568 ’
252 4563 355 4624 ἑαυτῶν
383 4565 569 4639 οεμνυνάντων
595 4564 767 4642 κατάστασιν,
797 4563 846 4635 τὰς
870 4561 998 4643 αίτήσεις,
1029 4561 1119 4623 όποῖαί
1141 4563 1202 4622 ποτ’
1218 4565 1251 4622 ἂν
1274 4557 1340 4644 τίεν,
1368 4565 1445 4643 παρά
1466 4583 1541 4622 τινων

252 4685 282 4745 σθ
306 4684 408 4746 δίκαιον
436 4684 667 4766 οἰποστρόφεσθαίι
697 4689 737 4762 (ρ.
766 4689 826 4760 77).
872 4692 974 4746 Auctor
1003 4691 1132 4748 ύύισνίαε
1154 4691 1192 4746 ad
1222 4688 1311 4746 όυὶίαε
1333 4689 1539 4759 σοηβπσιααοιιύ
