<?xml version="1.0" encoding="UTF-8"?>
<!DOCTYPE html PUBLIC "-//W3C//DTD XHTML 1.0 Transitional//EN"
    "http://www.w3.org/TR/xhtml1/DTD/xhtml1-transitional.dtd">
<html xmlns="http://www.w3.org/1999/xhtml" xml:lang="en" lang="en">
 <head>
  <title>
</title>
<meta http-equiv="Content-Type" content="text/html;charset=utf-8" />
  <meta name='ocr-system' content='tesseract 3.04.00' />
  <meta name='ocr-capabilities' content='ocr_page ocr_carea ocr_par ocr_line ocrx_word'/>
</head>
<body>
  <div class='ocr_page' id='page_1' title='image "./actaetdiplomata00miklgoog_0155.png"; bbox 0 0 3166 5298; ppageno 0'>
   <div class='ocr_carea' id='block_1_1' title="bbox 741 569 1088 638">
    <p class='ocr_par' dir='ltr' id='par_1_1' title="bbox 741 569 1088 638">
     <span class='ocr_line' id='line_1_1' title="bbox 741 569 1088 638; baseline -0.003 -3"><span class='ocrx_word' id='word_1_1' title='bbox 741 569 868 636; x_wconf 88' lang='lat' dir='ltr'>XXVI.</span> <span class='ocrx_word' id='word_1_2' title='bbox 896 570 971 636; x_wconf 85' lang='lat' dir='ltr'>Sine</span> <span class='ocrx_word' id='word_1_3' title='bbox 993 592 1088 638; x_wconf 82' lang='lat' dir='ltr'>anno.</span> 
     </span>
    </p>
   </div>
   <div class='ocr_carea' id='block_1_2' title="bbox 481 752 1352 824">
    <p class='ocr_par' dir='ltr' id='par_1_2' title="bbox 481 752 1352 824">
     <span class='ocr_line' id='line_1_2' title="bbox 481 752 1352 824; baseline 0 -16"><span class='ocrx_word' id='word_1_4' title='bbox 481 754 601 808; x_wconf 76' lang='lat' dir='ltr'><em>Donatio</em></span> <span class='ocrx_word' id='word_1_5' title='bbox 611 752 692 822; x_wconf 80' lang='lat' dir='ltr'><em>facta</em></span> <span class='ocrx_word' id='word_1_6' title='bbox 707 755 868 809; x_wconf 65' lang='lat' dir='ltr'><em>monasterio</em></span> <span class='ocrx_word' id='word_1_7' title='bbox 883 772 902 810; x_wconf 93' lang='grc' dir='ltr'>α</span> <span class='ocrx_word' id='word_1_8' title='bbox 916 754 1043 810; x_wconf 83' lang='grc' dir='ltr'>τηυααοίυο</span> <span class='ocrx_word' id='word_1_9' title='bbox 1059 755 1157 810; x_wconf 85' lang='grc' dir='ltr'>Ιαοοόο</span> <span class='ocrx_word' id='word_1_10' title='bbox 1168 753 1352 824; x_wconf 69' lang='grc' dir='ltr'>ουινβουιαίυτ.</span> 
     </span>
    </p>
   </div>
   <div class='ocr_carea' id='block_1_3' title="bbox 681 957 1152 1040">
    <p class='ocr_par' dir='ltr' id='par_1_3' title="bbox 681 957 1152 1040">
     <span class='ocr_line' id='line_1_3' title="bbox 681 957 1152 1040; baseline 0.004 -24"><span class='ocrx_word' id='word_1_11' title='bbox 681 959 882 1040; x_wconf 89' lang='grc' dir='ltr'>Πρόσταγμα</span> <span class='ocrx_word' id='word_1_12' title='bbox 905 957 1152 1038; x_wconf 79' lang='grc' dir='ltr'>ἐπιπυρωτινιόν.</span> 
     </span>
    </p>
   </div>
   <div class='ocr_carea' id='block_1_4' title="bbox 271 1127 1545 1336">
    <p class='ocr_par' dir='ltr' id='par_1_4' title="bbox 271 1127 1545 1336">
     <span class='ocr_line' id='line_1_4' title="bbox 374 1127 1545 1217; baseline -0.001 -26"><span class='ocrx_word' id='word_1_13' title='bbox 374 1136 391 1209; x_wconf 88' lang='lat'><em>†</em></span> <span class='ocrx_word' id='word_1_14' title='bbox 408 1131 485 1192; x_wconf 85' lang='grc' dir='ltr'>Ἐπεὶ</span> <span class='ocrx_word' id='word_1_15' title='bbox 507 1134 523 1191; x_wconf 90' lang='grc' dir='ltr'>ό</span> <span class='ocrx_word' id='word_1_16' title='bbox 545 1133 597 1193; x_wconf 79' lang='grc' dir='ltr'>ἀπό</span> <span class='ocrx_word' id='word_1_17' title='bbox 620 1133 650 1192; x_wconf 86' lang='grc' dir='ltr'>τδ</span> <span class='ocrx_word' id='word_1_18' title='bbox 673 1134 788 1212; x_wconf 77' lang='grc' dir='ltr'>τιάστρον</span> <span class='ocrx_word' id='word_1_19' title='bbox 804 1133 909 1209; x_wconf 86' lang='grc' dir='ltr'>Ζιχνῶν</span> <span class='ocrx_word' id='word_1_20' title='bbox 932 1127 1109 1217; x_wconf 75' lang='grc' dir='ltr'>[μοναχδς]1)</span> <span class='ocrx_word' id='word_1_21' title='bbox 1126 1132 1141 1190; x_wconf 92' lang='grc' dir='ltr'>ό</span> <span class='ocrx_word' id='word_1_22' title='bbox 1157 1129 1291 1206; x_wconf 76' lang='grc' dir='ltr'><strong>Ἰάκωβος</strong></span> <span class='ocrx_word' id='word_1_23' title='bbox 1307 1131 1382 1210; x_wconf 86' lang='grc' dir='ltr'>έχων</span> <span class='ocrx_word' id='word_1_24' title='bbox 1399 1131 1446 1190; x_wconf 88' lang='grc' dir='ltr'>διὰ</span> <span class='ocrx_word' id='word_1_25' title='bbox 1458 1151 1545 1211; x_wconf 82' lang='grc' dir='ltr'>χρυσο-</span> 
     </span>
     <span class='ocr_line' id='line_1_5' title="bbox 271 1251 1545 1336; baseline -0.003 -22"><span class='ocrx_word' id='word_1_26' title='bbox 271 1254 392 1330; x_wconf 87' lang='grc' dir='ltr'>βοόλλου</span> <span class='ocrx_word' id='word_1_27' title='bbox 415 1260 465 1330; x_wconf 83' lang='grc' dir='ltr'>τῆς</span> <span class='ocrx_word' id='word_1_28' title='bbox 487 1255 629 1330; x_wconf 82' lang='grc' dir='ltr'><strong>βασιλείας</strong></span> <span class='ocrx_word' id='word_1_29' title='bbox 652 1275 703 1329; x_wconf 85' lang='grc' dir='ltr'>μου</span> <span class='ocrx_word' id='word_1_30' title='bbox 725 1253 787 1336; x_wconf 85' lang='grc' dir='ltr'>περὶ</span> <span class='ocrx_word' id='word_1_31' title='bbox 808 1253 840 1313; x_wconf 84' lang='grc' dir='ltr'>τδ</span> <span class='ocrx_word' id='word_1_32' title='bbox 862 1257 978 1314; x_wconf 75' lang='grc' dir='ltr'>τοιοῦτον</span> <span class='ocrx_word' id='word_1_33' title='bbox 1000 1256 1114 1334; x_wconf 78' lang='grc' dir='ltr'>αάστρον</span> <span class='ocrx_word' id='word_1_34' title='bbox 1137 1252 1276 1334; x_wconf 81' lang='grc' dir='ltr'>μονόδριον</span> <span class='ocrx_word' id='word_1_35' title='bbox 1300 1251 1339 1325; x_wconf 87' lang='grc' dir='ltr'>εἰς</span> <span class='ocrx_word' id='word_1_36' title='bbox 1362 1252 1451 1329; x_wconf 88' lang='grc' dir='ltr'>δνομα</span> <span class='ocrx_word' id='word_1_37' title='bbox 1473 1253 1545 1328; x_wconf 80' lang='grc' dir='ltr'>τιμώ-</span> 
     </span>
    </p>
   </div>
   <div class='ocr_carea' id='block_1_5' title="bbox 174 1372 1545 1456">
    <p class='ocr_par' dir='ltr' id='par_1_5' title="bbox 174 1372 1545 1456">
     <span class='ocr_line' id='line_1_6' title="bbox 174 1372 1545 1456; baseline -0.004 -20"><span class='ocrx_word' id='word_1_38' title='bbox 174 1423 179 1436; x_wconf 92' lang='grc'>.</span> <span class='ocrx_word' id='word_1_39' title='bbox 273 1397 354 1452; x_wconf 89' lang='grc' dir='ltr'>μενον</span> <span class='ocrx_word' id='word_1_40' title='bbox 380 1382 429 1452; x_wconf 84' lang='grc' dir='ltr'>τῆς</span> <span class='ocrx_word' id='word_1_41' title='bbox 456 1375 604 1456; x_wconf 86' lang='grc' dir='ltr'>ὑπεραγίας</span> <span class='ocrx_word' id='word_1_42' title='bbox 630 1377 758 1436; x_wconf 82' lang='grc' dir='ltr'>θεοτόιιου</span> <span class='ocrx_word' id='word_1_43' title='bbox 784 1373 831 1436; x_wconf 84' lang='grc' dir='ltr'>ναὶ</span> <span class='ocrx_word' id='word_1_44' title='bbox 854 1376 1073 1451; x_wconf 78' lang='grc' dir='ltr'>έπυιειιλημένον</span> <span class='ocrx_word' id='word_1_45' title='bbox 1094 1379 1143 1451; x_wconf 77' lang='grc' dir='ltr'>τῆς</span> <span class='ocrx_word' id='word_1_46' title='bbox 1166 1375 1308 1456; x_wconf 84' lang='grc' dir='ltr'>Ὀστρινής</span> <span class='ocrx_word' id='word_1_47' title='bbox 1329 1372 1378 1434; x_wconf 81' lang='grc' dir='ltr'>καὶ</span> <span class='ocrx_word' id='word_1_48' title='bbox 1401 1375 1473 1436; x_wconf 83' lang='grc' dir='ltr'>θεῖον</span> <span class='ocrx_word' id='word_1_49' title='bbox 1493 1375 1545 1432; x_wconf 79' lang='grc' dir='ltr'>ναίον</span> 
     </span>
    </p>
   </div>
   <div class='ocr_carea' id='block_1_6' title="bbox 270 1494 1568 2068">
    <p class='ocr_par' dir='ltr' id='par_1_6' title="bbox 270 1494 1568 2068">
     <span class='ocr_line' id='line_1_7' title="bbox 271 1494 1545 1578; baseline -0.004 -20"><span class='ocrx_word' id='word_1_50' title='bbox 271 1497 434 1574; x_wconf 81' lang='grc' dir='ltr'>ἐπ’όνόματι</span> <span class='ocrx_word' id='word_1_51' title='bbox 462 1499 640 1574; x_wconf 81' lang='grc' dir='ltr'>τετιμημένον</span> <span class='ocrx_word' id='word_1_52' title='bbox 666 1503 714 1573; x_wconf 79' lang='grc' dir='ltr'>τῆς</span> <span class='ocrx_word' id='word_1_53' title='bbox 742 1495 823 1577; x_wconf 85' lang='grc' dir='ltr'>ἁγίας</span> <span class='ocrx_word' id='word_1_54' title='bbox 845 1497 1030 1578; x_wconf 86' lang='grc' dir='ltr'>Ἀναστασίας,</span> <span class='ocrx_word' id='word_1_55' title='bbox 1065 1496 1104 1557; x_wconf 86' lang='grc' dir='ltr'>ἔτι</span> <span class='ocrx_word' id='word_1_56' title='bbox 1130 1497 1161 1557; x_wconf 91' lang='grc' dir='ltr'>δὲ</span> <span class='ocrx_word' id='word_1_57' title='bbox 1188 1495 1235 1556; x_wconf 77' lang='grc' dir='ltr'>καὶ</span> <span class='ocrx_word' id='word_1_58' title='bbox 1262 1494 1302 1569; x_wconf 86' lang='grc' dir='ltr'>εἰς</span> <span class='ocrx_word' id='word_1_59' title='bbox 1328 1497 1359 1556; x_wconf 79' lang='grc' dir='ltr'>τό</span> <span class='ocrx_word' id='word_1_60' title='bbox 1387 1495 1487 1577; x_wconf 84' lang='grc' dir='ltr'>χωρίον</span> <span class='ocrx_word' id='word_1_61' title='bbox 1511 1497 1545 1554; x_wconf 70' lang='grc' dir='ltr'>τόν</span> 
     </span>
     <span class='ocr_line' id='line_1_8' title="bbox 271 1617 1547 1700; baseline -0.005 -18"><span class='ocrx_word' id='word_1_62' title='bbox 271 1617 363 1682; x_wconf 85' lang='grc' dir='ltr'>Θολδν</span> <span class='ocrx_word' id='word_1_63' title='bbox 389 1625 442 1698; x_wconf 79' lang='grc' dir='ltr'>γήν</span> <span class='ocrx_word' id='word_1_64' title='bbox 470 1621 570 1696; x_wconf 88' lang='grc' dir='ltr'>μοδίων</span> <span class='ocrx_word' id='word_1_65' title='bbox 586 1619 615 1679; x_wconf 83' lang='grc' dir='ltr'>τ’</span> <span class='ocrx_word' id='word_1_66' title='bbox 638 1619 709 1680; x_wconf 73' lang='grc' dir='ltr'>κατὰ</span> <span class='ocrx_word' id='word_1_67' title='bbox 731 1621 817 1700; x_wconf 89' lang='grc' dir='ltr'>λόγον</span> <span class='ocrx_word' id='word_1_68' title='bbox 839 1621 1012 1698; x_wconf 84' lang='grc' dir='ltr'>γονυιότητος</span> <span class='ocrx_word' id='word_1_69' title='bbox 1034 1617 1082 1680; x_wconf 78' lang='grc' dir='ltr'>καὶ</span> <span class='ocrx_word' id='word_1_70' title='bbox 1103 1620 1229 1698; x_wconf 78' lang='grc' dir='ltr'><strong>κατέχων</strong></span> <span class='ocrx_word' id='word_1_71' title='bbox 1251 1623 1334 1678; x_wconf 83' lang='grc' dir='ltr'>ταῦτα</span> <span class='ocrx_word' id='word_1_72' title='bbox 1356 1619 1547 1700; x_wconf 83' lang='grc' dir='ltr'>προσενόρωσεν</span> 
     </span>
     <span class='ocr_line' id='line_1_9' title="bbox 272 1730 1568 1824; baseline -0.003 -23"><span class='ocrx_word' id='word_1_73' title='bbox 272 1742 351 1814; x_wconf 80' lang='grc' dir='ltr'>οσίτδς</span> <span class='ocrx_word' id='word_1_74' title='bbox 378 1741 423 1802; x_wconf 84' lang='grc' dir='ltr'>διὰ</span> <span class='ocrx_word' id='word_1_75' title='bbox 448 1745 610 1822; x_wconf 83' lang='grc' dir='ltr'><strong>γράμματος</strong></span> <span class='ocrx_word' id='word_1_76' title='bbox 637 1743 715 1802; x_wconf 73' lang='grc' dir='ltr'>αὑτοῦ</span> <span class='ocrx_word' id='word_1_77' title='bbox 743 1748 775 1824; x_wconf 80' lang='grc' dir='ltr'>τῃ</span> <span class='ocrx_word' id='word_1_78' title='bbox 802 1741 873 1802; x_wconf 79' lang='grc' dir='ltr'>κατὰ</span> <span class='ocrx_word' id='word_1_79' title='bbox 893 1741 924 1800; x_wconf 85' lang='grc' dir='ltr'>τδ</span> <span class='ocrx_word' id='word_1_80' title='bbox 948 1741 1105 1802; x_wconf 85' lang='grc' dir='ltr'>Μενοίιιεων</span> <span class='ocrx_word' id='word_1_81' title='bbox 1128 1740 1190 1822; x_wconf 88' lang='grc' dir='ltr'>όρος</span> <span class='ocrx_word' id='word_1_82' title='bbox 1213 1739 1350 1822; x_wconf 88' lang='grc' dir='ltr'>σεβασμίᾳ</span> <span class='ocrx_word' id='word_1_83' title='bbox 1372 1746 1445 1822; x_wconf 83' lang='grc' dir='ltr'>μονῇ</span> <span class='ocrx_word' id='word_1_84' title='bbox 1467 1748 1497 1822; x_wconf 78' lang='grc' dir='ltr'>τῃ</span> <span class='ocrx_word' id='word_1_85' title='bbox 1518 1730 1568 1809; x_wconf 54' lang='grc' dir='ltr'>εἰς’</span> 
     </span>
     <span class='ocr_line' id='line_1_10' title="bbox 271 1859 1547 1946; baseline -0.004 -22"><span class='ocrx_word' id='word_1_86' title='bbox 271 1863 358 1939; x_wconf 72' lang='grc' dir='ltr'>ὄνομα</span> <span class='ocrx_word' id='word_1_87' title='bbox 379 1865 519 1946; x_wconf 85' lang='grc' dir='ltr'>τιμωμένῃ</span> <span class='ocrx_word' id='word_1_88' title='bbox 540 1867 586 1923; x_wconf 78' lang='grc' dir='ltr'>τοῦ</span> <span class='ocrx_word' id='word_1_89' title='bbox 608 1862 694 1939; x_wconf 80' lang='grc' dir='ltr'>τιμίου</span> <span class='ocrx_word' id='word_1_90' title='bbox 718 1859 828 1934; x_wconf 80' lang='grc' dir='ltr'>ἐνδόξου</span> <span class='ocrx_word' id='word_1_91' title='bbox 850 1865 984 1942; x_wconf 83' lang='grc' dir='ltr'>προρήτου</span> <span class='ocrx_word' id='word_1_92' title='bbox 1008 1863 1166 1943; x_wconf 82' lang='grc' dir='ltr'>Προδρόμου</span> <span class='ocrx_word' id='word_1_93' title='bbox 1189 1861 1236 1922; x_wconf 78' lang='grc' dir='ltr'>οιαὶ</span> <span class='ocrx_word' id='word_1_94' title='bbox 1254 1863 1405 1922; x_wconf 85' lang='grc' dir='ltr'>Βαττισιοῡ</span> <span class='ocrx_word' id='word_1_95' title='bbox 1426 1863 1547 1936; x_wconf 73' lang='grc' dir='ltr'>Ἰωάννου,</span> 
     </span>
     <span class='ocr_line' id='line_1_11' title="bbox 270 1984 1547 2068; baseline -0.001 -23"><span class='ocrx_word' id='word_1_96' title='bbox 270 1985 382 2064; x_wconf 85' lang='grc' dir='ltr'>ταχθεὶς</span> <span class='ocrx_word' id='word_1_97' title='bbox 406 1985 481 2066; x_wconf 83' lang='grc' dir='ltr'>παρὰ</span> <span class='ocrx_word' id='word_1_98' title='bbox 506 1991 560 2045; x_wconf 85' lang='grc' dir='ltr'>τῶν</span> <span class='ocrx_word' id='word_1_99' title='bbox 588 1984 616 2043; x_wconf 87' lang='grc' dir='ltr'>ἐν</span> <span class='ocrx_word' id='word_1_100' title='bbox 644 1987 710 2068; x_wconf 78' lang='grc' dir='ltr'>αὐτῇ</span> <span class='ocrx_word' id='word_1_101' title='bbox 740 1989 870 2062; x_wconf 85' lang='grc' dir='ltr'>μσναχῶν</span> <span class='ocrx_word' id='word_1_102' title='bbox 899 1985 943 2044; x_wconf 77' lang='grc' dir='ltr'>διὰ</span> <span class='ocrx_word' id='word_1_103' title='bbox 969 1987 1130 2064; x_wconf 83' lang='grc' dir='ltr'>γράμματος</span> <span class='ocrx_word' id='word_1_104' title='bbox 1157 1986 1254 2064; x_wconf 81' lang='grc' dir='ltr'>αδτῶν,</span> <span class='ocrx_word' id='word_1_105' title='bbox 1288 1985 1363 2062; x_wconf 84' lang='grc' dir='ltr'>ἔχειν</span> <span class='ocrx_word' id='word_1_106' title='bbox 1387 1985 1442 2044; x_wconf 81' lang='grc' dir='ltr'>ὰπδ</span> <span class='ocrx_word' id='word_1_107' title='bbox 1463 1985 1547 2044; x_wconf 78' lang='grc' dir='ltr'>τούτων</span> 
     </span>
    </p>
   </div>
   <div class='ocr_carea' id='block_1_7' title="bbox 270 2103 1548 2189">
    <p class='ocr_par' dir='ltr' id='par_1_7' title="bbox 270 2103 1548 2189">
     <span class='ocr_line' id='line_1_12' title="bbox 270 2103 1548 2189; baseline -0.003 -23"><span class='ocrx_word' id='word_1_108' title='bbox 270 2110 350 2186; x_wconf 86' lang='grc' dir='ltr'>χάριν</span> <span class='ocrx_word' id='word_1_109' title='bbox 365 2107 553 2188; x_wconf 68' lang='grc' dir='ltr'>κυβερνήσεως</span> <span class='ocrx_word' id='word_1_110' title='bbox 570 2107 649 2168; x_wconf 67' lang='grc' dir='ltr'>αὑτοῦ</span> <span class='ocrx_word' id='word_1_111' title='bbox 659 2105 694 2189; x_wconf 78' lang='lat'>²),</span> <span class='ocrx_word' id='word_1_112' title='bbox 718 2109 780 2168; x_wconf 86' lang='grc' dir='ltr'>όσον</span> <span class='ocrx_word' id='word_1_113' title='bbox 796 2107 881 2167; x_wconf 84' lang='grc' dir='ltr'>δεῖται</span> <span class='ocrx_word' id='word_1_114' title='bbox 896 2105 942 2167; x_wconf 80' lang='grc' dir='ltr'>οιαὶ</span> <span class='ocrx_word' id='word_1_115' title='bbox 958 2105 1175 2182; x_wconf 78' lang='grc' dir='ltr'>διαλαμβάνεται</span> <span class='ocrx_word' id='word_1_116' title='bbox 1193 2107 1220 2166; x_wconf 83' lang='grc' dir='ltr'>ἐν</span> <span class='ocrx_word' id='word_1_117' title='bbox 1236 2104 1307 2184; x_wconf 77' lang='grc' dir='ltr'>αὐτῷ</span> <span class='ocrx_word' id='word_1_118' title='bbox 1322 2103 1369 2166; x_wconf 80' lang='grc' dir='ltr'>καί</span> <span class='ocrx_word' id='word_1_119' title='bbox 1384 2105 1548 2188; x_wconf 73' lang='grc' dir='ltr'>παρεκάλεσε</span> 
     </span>
    </p>
   </div>
   <div class='ocr_carea' id='block_1_8' title="bbox 271 2226 1569 2310">
    <p class='ocr_par' dir='ltr' id='par_1_8' title="bbox 271 2226 1569 2310">
     <span class='ocr_line' id='line_1_13' title="bbox 271 2226 1569 2310; baseline 0 -24"><span class='ocrx_word' id='word_1_120' title='bbox 271 2229 395 2306; x_wconf 83' lang='grc' dir='ltr'>γενέσθαι</span> <span class='ocrx_word' id='word_1_121' title='bbox 423 2227 493 2308; x_wconf 73' lang='grc' dir='ltr'>αὑτῷ</span> <span class='ocrx_word' id='word_1_122' title='bbox 520 2226 560 2300; x_wconf 92' lang='grc' dir='ltr'>είς</span> <span class='ocrx_word' id='word_1_123' title='bbox 585 2231 662 2288; x_wconf 84' lang='grc' dir='ltr'>τοῦτο</span> <span class='ocrx_word' id='word_1_124' title='bbox 688 2226 736 2288; x_wconf 78' lang='grc' dir='ltr'>καί</span> <span class='ocrx_word' id='word_1_125' title='bbox 761 2230 932 2310; x_wconf 74' lang='grc' dir='ltr'>πρόσταγμα,</span> <span class='ocrx_word' id='word_1_126' title='bbox 962 2229 979 2302; x_wconf 89' lang='grc' dir='ltr'>ή</span> <span class='ocrx_word' id='word_1_127' title='bbox 1008 2227 1136 2302; x_wconf 86' lang='grc' dir='ltr'>βασιλεία</span> <span class='ocrx_word' id='word_1_128' title='bbox 1163 2248 1214 2302; x_wconf 82' lang='grc' dir='ltr'>μου</span> <span class='ocrx_word' id='word_1_129' title='bbox 1240 2229 1286 2288; x_wconf 78' lang='grc' dir='ltr'>τόν</span> <span class='ocrx_word' id='word_1_130' title='bbox 1307 2229 1431 2307; x_wconf 88' lang='grc' dir='ltr'>παρόντα</span> <span class='ocrx_word' id='word_1_131' title='bbox 1452 2227 1569 2308; x_wconf 73' lang='grc' dir='ltr'>όρισμτι</span> 
     </span>
    </p>
   </div>
   <div class='ocr_carea' id='block_1_9' title="bbox 272 2343 941 2431">
    <p class='ocr_par' dir='ltr' id='par_1_9' title="bbox 272 2343 941 2431">
     <span class='ocr_line' id='line_1_14' title="bbox 272 2343 941 2431; baseline 0.001 -22"><span class='ocrx_word' id='word_1_132' title='bbox 272 2350 432 2429; x_wconf 83' lang='grc' dir='ltr'>ἑπιχορηγεῑ</span> <span class='ocrx_word' id='word_1_133' title='bbox 454 2349 535 2430; x_wconf 77' lang='grc' dir='ltr'>αὐτῷ,</span> <span class='ocrx_word' id='word_1_134' title='bbox 560 2343 634 2410; x_wconf 79' lang='grc' dir='ltr'>διὀὗ</span> <span class='ocrx_word' id='word_1_135' title='bbox 655 2347 703 2410; x_wconf 77' lang='grc' dir='ltr'>καὶ</span> <span class='ocrx_word' id='word_1_136' title='bbox 725 2349 941 2431; x_wconf 80' lang='grc' dir='ltr'>διορίζεται...</span> 
     </span>
    </p>
   </div>
   <div class='ocr_carea' id='block_1_10' title="bbox 376 2493 1032 2672">
    <p class='ocr_par' dir='ltr' id='par_1_10' title="bbox 376 2493 1032 2672">
     <span class='ocr_line' id='line_1_15' title="bbox 795 2493 1032 2566; baseline -0.013 -16"><span class='ocrx_word' id='word_1_137' title='bbox 795 2493 915 2566; x_wconf 76' lang='lat' dir='ltr'><em>Reliqua</em></span> <span class='ocrx_word' id='word_1_138' title='bbox 929 2495 1032 2549; x_wconf 74' lang='grc' dir='ltr'>άωυιιῖ.</span> 
     </span>
     <span class='ocr_line' id='line_1_16' title="bbox 376 2585 976 2672; baseline -0.005 -2"><span class='ocrx_word' id='word_1_139' title='bbox 376 2615 520 2672; x_wconf 77' lang='grc' dir='ltr'>Ιοαιιιιάάοο</span> <span class='ocrx_word' id='word_1_140' title='bbox 532 2615 583 2672; x_wconf 85' lang='lat' dir='ltr'>Nr.</span> <span class='ocrx_word' id='word_1_141' title='bbox 603 2619 651 2671; x_wconf 83' lang='lat'>12.</span> <span class='ocrx_word' id='word_1_142' title='bbox 973 2585 976 2590; x_wconf 28' lang='grc' dir='ltr'>Ι</span> 
     </span>
    </p>
   </div>
   <div class='ocr_carea' id='block_1_11' title="bbox 553 2936 1282 3022">
    <p class='ocr_par' dir='ltr' id='par_1_11' title="bbox 553 2936 1282 3022">
     <span class='ocr_line' id='line_1_17' title="bbox 553 2936 1282 3022; baseline 0 -20"><span class='ocrx_word' id='word_1_143' title='bbox 553 2937 696 3004; x_wconf 83' lang='lat' dir='ltr'>XXVII.</span> <span class='ocrx_word' id='word_1_144' title='bbox 721 2936 797 3004; x_wconf 88' lang='lat' dir='ltr'>Sine</span> <span class='ocrx_word' id='word_1_145' title='bbox 821 2959 914 3022; x_wconf 77' lang='lat' dir='ltr'>anno,</span> <span class='ocrx_word' id='word_1_146' title='bbox 937 2938 966 3004; x_wconf 89' lang='grc'>6.</span> <span class='ocrx_word' id='word_1_147' title='bbox 990 2939 1109 3004; x_wconf 78' lang='lat' dir='ltr'>mensis</span> <span class='ocrx_word' id='word_1_148' title='bbox 1132 2937 1282 3004; x_wconf 80' lang='lat' dir='ltr'><strong>octobris.</strong></span> 
     </span>
    </p>
   </div>
   <div class='ocr_carea' id='block_1_12' title="bbox 307 3121 1524 3192">
    <p class='ocr_par' dir='ltr' id='par_1_12' title="bbox 307 3121 1524 3192">
     <span class='ocr_line' id='line_1_18' title="bbox 307 3121 1524 3192; baseline -0.005 -14"><span class='ocrx_word' id='word_1_149' title='bbox 307 3124 367 3178; x_wconf 67' lang='lat' dir='ltr'>Rem</span> <span class='ocrx_word' id='word_1_150' title='bbox 384 3121 537 3192; x_wconf 72' lang='lat' dir='ltr'><strong><em>Stephanus</em></strong></span> <span class='ocrx_word' id='word_1_151' title='bbox 553 3121 652 3177; x_wconf 72' lang='grc' dir='ltr'>Πυόαιτ</span> <span class='ocrx_word' id='word_1_152' title='bbox 667 3123 751 3177; x_wconf 71' lang='lat' dir='ltr'><em>donat</em></span> <span class='ocrx_word' id='word_1_153' title='bbox 765 3121 925 3176; x_wconf 70' lang='lat' dir='ltr'><em>monasterio</em></span> <span class='ocrx_word' id='word_1_154' title='bbox 940 3139 1037 3192; x_wconf 78' lang='grc' dir='ltr'>αρευπτ</span> <span class='ocrx_word' id='word_1_155' title='bbox 1052 3123 1153 3176; x_wconf 79' lang='lat' dir='ltr'><em>dictum</em></span> <span class='ocrx_word' id='word_1_156' title='bbox 1168 3121 1301 3176; x_wconf 79' lang='grc' dir='ltr'>Ροάοόάαά.</span> <span class='ocrx_word' id='word_1_157' title='bbox 1320 3121 1435 3176; x_wconf 77' lang='lat' dir='ltr'><em>Initium</em></span> <span class='ocrx_word' id='word_1_158' title='bbox 1450 3122 1524 3176; x_wconf 77' lang='lat' dir='ltr'>deest.</span> 
     </span>
    </p>
   </div>
   <div class='ocr_carea' id='block_1_13' title="bbox 273 3321 1551 4503">
    <p class='ocr_par' dir='ltr' id='par_1_13' title="bbox 273 3321 1551 4503">
     <span class='ocr_line' id='line_1_19' title="bbox 379 3321 1549 3407; baseline -0.005 -21"><span class='ocrx_word' id='word_1_159' title='bbox 379 3369 387 3386; x_wconf 88' lang='lat'>.</span> <span class='ocrx_word' id='word_1_160' title='bbox 405 3371 412 3386; x_wconf 93' lang='lat'>.</span> <span class='ocrx_word' id='word_1_161' title='bbox 429 3369 437 3386; x_wconf 90' lang='lat'>.</span> <span class='ocrx_word' id='word_1_162' title='bbox 462 3324 487 3385; x_wconf 90' lang='grc' dir='ltr'>οἱ</span> <span class='ocrx_word' id='word_1_163' title='bbox 509 3323 625 3402; x_wconf 85' lang='grc' dir='ltr'>μοναχοὶ</span> <span class='ocrx_word' id='word_1_164' title='bbox 646 3331 679 3407; x_wconf 78' lang='grc' dir='ltr'>τῃ</span> <span class='ocrx_word' id='word_1_165' title='bbox 695 3324 766 3385; x_wconf 85' lang='grc' dir='ltr'>ιιατόι</span> <span class='ocrx_word' id='word_1_166' title='bbox 779 3325 810 3384; x_wconf 85' lang='grc' dir='ltr'>τ“ο</span> <span class='ocrx_word' id='word_1_167' title='bbox 826 3324 888 3404; x_wconf 86' lang='grc' dir='ltr'>όρος</span> <span class='ocrx_word' id='word_1_168' title='bbox 902 3329 956 3383; x_wconf 85' lang='grc' dir='ltr'>τῶν</span> <span class='ocrx_word' id='word_1_169' title='bbox 971 3325 1079 3404; x_wconf 87' lang='grc' dir='ltr'>Σερρῶν</span> <span class='ocrx_word' id='word_1_170' title='bbox 1094 3325 1124 3383; x_wconf 81' lang='grc' dir='ltr'>τ“ο</span> <span class='ocrx_word' id='word_1_171' title='bbox 1139 3321 1311 3398; x_wconf 78' lang='grc' dir='ltr'>καλούμενον</span> <span class='ocrx_word' id='word_1_172' title='bbox 1327 3323 1488 3384; x_wconf 81' lang='grc' dir='ltr'>Μενοίαεων</span> <span class='ocrx_word' id='word_1_173' title='bbox 1502 3369 1508 3380; x_wconf 96' lang='grc'><em>.</em></span> <span class='ocrx_word' id='word_1_174' title='bbox 1524 3365 1549 3380; x_wconf 94' lang='grc'>..</span> 
     </span>
     <span class='ocr_line' id='line_1_20' title="bbox 274 3441 1550 3531; baseline -0.002 -25"><span class='ocrx_word' id='word_1_175' title='bbox 274 3446 412 3528; x_wconf 82' lang='grc' dir='ltr'>σεβασμίᾳ</span> <span class='ocrx_word' id='word_1_176' title='bbox 434 3452 504 3530; x_wconf 76' lang='grc' dir='ltr'>μονή</span> <span class='ocrx_word' id='word_1_177' title='bbox 526 3453 575 3524; x_wconf 76' lang='grc' dir='ltr'>τῆς</span> <span class='ocrx_word' id='word_1_178' title='bbox 596 3447 776 3528; x_wconf 79' lang='grc' dir='ltr'>περιποθήτου</span> <span class='ocrx_word' id='word_1_179' title='bbox 798 3447 929 3528; x_wconf 79' lang='grc' dir='ltr'>θυγατρός</span> <span class='ocrx_word' id='word_1_180' title='bbox 950 3452 999 3522; x_wconf 77' lang='grc' dir='ltr'>τῆς</span> <span class='ocrx_word' id='word_1_181' title='bbox 1022 3445 1165 3519; x_wconf 78' lang='grc' dir='ltr'>βασιλείας</span> <span class='ocrx_word' id='word_1_182' title='bbox 1187 3441 1277 3531; x_wconf 85' lang='grc' dir='ltr'>[μου],</span> <span class='ocrx_word' id='word_1_183' title='bbox 1301 3446 1444 3526; x_wconf 82' lang='grc' dir='ltr'>ρηγαίνης,</span> <span class='ocrx_word' id='word_1_184' title='bbox 1473 3443 1550 3524; x_wconf 80' lang='grc' dir='ltr'>νραλ·</span> 
     </span>
     <span class='ocr_line' id='line_1_21' title="bbox 275 3565 1550 3651; baseline -0.002 -23"><span class='ocrx_word' id='word_1_185' title='bbox 275 3568 372 3646; x_wconf 86' lang='grc' dir='ltr'>λαίνης</span> <span class='ocrx_word' id='word_1_186' title='bbox 395 3567 511 3648; x_wconf 87' lang='grc' dir='ltr'>Σερβίας</span> <span class='ocrx_word' id='word_1_187' title='bbox 537 3575 570 3651; x_wconf 79' lang='grc' dir='ltr'>τῇ</span> <span class='ocrx_word' id='word_1_188' title='bbox 598 3566 637 3641; x_wconf 86' lang='grc' dir='ltr'>είς</span> <span class='ocrx_word' id='word_1_189' title='bbox 666 3569 753 3644; x_wconf 85' lang='grc' dir='ltr'>όνομα</span> <span class='ocrx_word' id='word_1_190' title='bbox 774 3571 914 3650; x_wconf 82' lang='grc' dir='ltr'>τιμωμένῃ</span> <span class='ocrx_word' id='word_1_191' title='bbox 936 3571 982 3628; x_wconf 83' lang='grc' dir='ltr'>τοῦ</span> <span class='ocrx_word' id='word_1_192' title='bbox 1003 3569 1090 3645; x_wconf 79' lang='grc' dir='ltr'>τιμίου</span> <span class='ocrx_word' id='word_1_193' title='bbox 1113 3565 1224 3642; x_wconf 77' lang='grc' dir='ltr'>ἐνδόξου</span> <span class='ocrx_word' id='word_1_194' title='bbox 1245 3569 1380 3650; x_wconf 81' lang='grc' dir='ltr'>προφήτου</span> <span class='ocrx_word' id='word_1_195' title='bbox 1404 3568 1550 3649; x_wconf 76' lang='grc' dir='ltr'>Προδρόμον</span> 
     </span>
     <span class='ocr_line' id='line_1_22' title="bbox 275 3687 1551 3772; baseline -0.002 -23"><span class='ocrx_word' id='word_1_196' title='bbox 275 3687 322 3749; x_wconf 79' lang='grc' dir='ltr'>νιαί</span> <span class='ocrx_word' id='word_1_197' title='bbox 345 3690 495 3750; x_wconf 83' lang='grc' dir='ltr'>Βαπτιστοϋ</span> <span class='ocrx_word' id='word_1_198' title='bbox 518 3690 654 3771; x_wconf 81' lang='grc' dir='ltr'>Ἰωάννου,</span> <span class='ocrx_word' id='word_1_199' title='bbox 685 3691 819 3772; x_wconf 76' lang='grc' dir='ltr'>ᾐτήσαντο</span> <span class='ocrx_word' id='word_1_200' title='bbox 846 3691 894 3766; x_wconf 83' lang='grc' dir='ltr'>τὴν</span> <span class='ocrx_word' id='word_1_201' title='bbox 923 3690 1063 3764; x_wconf 86' lang='grc' dir='ltr'>βασιλείαν</span> <span class='ocrx_word' id='word_1_202' title='bbox 1091 3711 1142 3766; x_wconf 84' lang='grc' dir='ltr'>μου</span> <span class='ocrx_word' id='word_1_203' title='bbox 1169 3692 1199 3749; x_wconf 79' lang='grc' dir='ltr'>τό</span> <span class='ocrx_word' id='word_1_204' title='bbox 1224 3689 1286 3770; x_wconf 87' lang='grc' dir='ltr'>περὶ</span> <span class='ocrx_word' id='word_1_205' title='bbox 1311 3691 1342 3750; x_wconf 79' lang='grc' dir='ltr'>τό</span> <span class='ocrx_word' id='word_1_206' title='bbox 1369 3689 1551 3770; x_wconf 83' lang='grc' dir='ltr'>ζευγηλατεῑον</span> 
     </span>
     <span class='ocr_line' id='line_1_23' title="bbox 275 3809 1549 3893; baseline -0.003 -21"><span class='ocrx_word' id='word_1_207' title='bbox 275 3811 358 3888; x_wconf 78' lang='grc' dir='ltr'>αὐτής</span> <span class='ocrx_word' id='word_1_208' title='bbox 379 3813 410 3872; x_wconf 81' lang='grc' dir='ltr'>τό</span> <span class='ocrx_word' id='word_1_209' title='bbox 432 3811 603 3888; x_wconf 74' lang='grc' dir='ltr'>καλούμενον</span> <span class='ocrx_word' id='word_1_210' title='bbox 620 3812 771 3874; x_wconf 82' lang='grc' dir='ltr'>Ποδολινοῦ</span> <span class='ocrx_word' id='word_1_211' title='bbox 787 3813 975 3892; x_wconf 79' lang='grc' dir='ltr'>εὑρισνόμενον</span> <span class='ocrx_word' id='word_1_212' title='bbox 991 3813 1132 3892; x_wconf 80' lang='grc' dir='ltr'>αὺλάκιον,</span> <span class='ocrx_word' id='word_1_213' title='bbox 1156 3815 1222 3893; x_wconf 79' lang='grc' dir='ltr'>ὅπερ</span> <span class='ocrx_word' id='word_1_214' title='bbox 1237 3809 1270 3888; x_wconf 83' lang='grc' dir='ltr'>ήν</span> <span class='ocrx_word' id='word_1_215' title='bbox 1285 3811 1402 3889; x_wconf 85' lang='grc' dir='ltr'>πλησίον</span> <span class='ocrx_word' id='word_1_216' title='bbox 1416 3819 1463 3874; x_wconf 83' lang='grc' dir='ltr'>τοῦ</span> <span class='ocrx_word' id='word_1_217' title='bbox 1478 3829 1549 3888; x_wconf 87' lang='grc' dir='ltr'>μετο-</span> 
     </span>
     <span class='ocr_line' id='line_1_24' title="bbox 273 3933 1550 4018; baseline -0.002 -24"><span class='ocrx_word' id='word_1_218' title='bbox 273 3934 333 4013; x_wconf 84' lang='grc' dir='ltr'>χίου</span> <span class='ocrx_word' id='word_1_219' title='bbox 360 3939 410 4011; x_wconf 83' lang='grc' dir='ltr'>τής</span> <span class='ocrx_word' id='word_1_220' title='bbox 438 3935 520 4011; x_wconf 80' lang='grc' dir='ltr'>αίιτής</span> <span class='ocrx_word' id='word_1_221' title='bbox 547 3941 634 4012; x_wconf 81' lang='grc' dir='ltr'>μονῆς</span> <span class='ocrx_word' id='word_1_222' title='bbox 655 3940 700 3996; x_wconf 80' lang='grc' dir='ltr'>τοῦ</span> <span class='ocrx_word' id='word_1_223' title='bbox 723 3933 943 4018; x_wconf 68' lang='grc' dir='ltr'>Ἐσριγμένουί),</span> <span class='ocrx_word' id='word_1_224' title='bbox 982 3936 1030 4010; x_wconf 79' lang='grc' dir='ltr'>τήν</span> <span class='ocrx_word' id='word_1_225' title='bbox 1051 3935 1223 4016; x_wconf 67' lang='grc' dir='ltr'>παράκλησιν</span> <span class='ocrx_word' id='word_1_226' title='bbox 1247 3936 1332 3996; x_wconf 76' lang='grc' dir='ltr'>αὐτῶν</span> <span class='ocrx_word' id='word_1_227' title='bbox 1354 3933 1550 4016; x_wconf 80' lang='grc' dir='ltr'>προσδεξαμένη</span> 
     </span>
     <span class='ocr_line' id='line_1_25' title="bbox 274 4053 1549 4138; baseline -0.002 -21"><span class='ocrx_word' id='word_1_228' title='bbox 274 4058 291 4130; x_wconf 83' lang='grc' dir='ltr'>ή</span> <span class='ocrx_word' id='word_1_229' title='bbox 316 4055 443 4130; x_wconf 87' lang='grc' dir='ltr'>βασιλεία</span> <span class='ocrx_word' id='word_1_230' title='bbox 465 4075 516 4131; x_wconf 91' lang='grc' dir='ltr'>μου</span> <span class='ocrx_word' id='word_1_231' title='bbox 539 4056 599 4134; x_wconf 89' lang='grc' dir='ltr'>έχει</span> <span class='ocrx_word' id='word_1_232' title='bbox 622 4056 733 4133; x_wconf 83' lang='grc' dir='ltr'>θέλημα</span> <span class='ocrx_word' id='word_1_233' title='bbox 754 4054 801 4116; x_wconf 79' lang='grc' dir='ltr'>καί</span> <span class='ocrx_word' id='word_1_234' title='bbox 824 4054 968 4138; x_wconf 75' lang='grc' dir='ltr'>διορίζεταί</span> <span class='ocrx_word' id='word_1_235' title='bbox 990 4075 1040 4135; x_wconf 85' lang='grc' dir='ltr'>σοι,</span> <span class='ocrx_word' id='word_1_236' title='bbox 1062 4056 1115 4130; x_wconf 86' lang='grc' dir='ltr'>ἵνα,</span> <span class='ocrx_word' id='word_1_237' title='bbox 1138 4055 1231 4127; x_wconf 80' lang='grc' dir='ltr'>καθὼς</span> <span class='ocrx_word' id='word_1_238' title='bbox 1250 4053 1317 4138; x_wconf 63' lang='grc' dir='ltr'>δέξῃ</span> <span class='ocrx_word' id='word_1_239' title='bbox 1331 4056 1362 4115; x_wconf 81' lang='grc' dir='ltr'>τ“ο</span> <span class='ocrx_word' id='word_1_240' title='bbox 1376 4057 1463 4138; x_wconf 79' lang='grc' dir='ltr'>παρόν</span> <span class='ocrx_word' id='word_1_241' title='bbox 1477 4053 1549 4135; x_wconf 74' lang='grc' dir='ltr'>πρόσ-</span> 
     </span>
     <span class='ocr_line' id='line_1_26' title="bbox 273 4175 1550 4262; baseline -0.003 -24"><span class='ocrx_word' id='word_1_242' title='bbox 273 4197 382 4259; x_wconf 90' lang='grc' dir='ltr'>ταγμα,</span> <span class='ocrx_word' id='word_1_243' title='bbox 412 4178 578 4262; x_wconf 77' lang='grc' dir='ltr'>παραδόνοῃς</span> <span class='ocrx_word' id='word_1_244' title='bbox 600 4179 629 4238; x_wconf 85' lang='grc' dir='ltr'>τδ</span> <span class='ocrx_word' id='word_1_245' title='bbox 653 4176 795 4260; x_wconf 82' lang='grc' dir='ltr'>εἰρημένον</span> <span class='ocrx_word' id='word_1_246' title='bbox 819 4177 948 4240; x_wconf 78' lang='grc' dir='ltr'>αὺλάνιιον</span> <span class='ocrx_word' id='word_1_247' title='bbox 972 4177 1042 4255; x_wconf 87' lang='grc' dir='ltr'>μετὰ</span> <span class='ocrx_word' id='word_1_248' title='bbox 1063 4183 1113 4256; x_wconf 78' lang='grc' dir='ltr'>τής</span> <span class='ocrx_word' id='word_1_249' title='bbox 1134 4177 1163 4238; x_wconf 87' lang='grc' dir='ltr'>ἐν</span> <span class='ocrx_word' id='word_1_250' title='bbox 1187 4176 1258 4258; x_wconf 82' lang='grc' dir='ltr'>αυτῷ</span> <span class='ocrx_word' id='word_1_251' title='bbox 1281 4175 1387 4253; x_wconf 86' lang='grc' dir='ltr'>βάλτης</span> <span class='ocrx_word' id='word_1_252' title='bbox 1409 4176 1456 4239; x_wconf 81' lang='grc' dir='ltr'>οιαὶ</span> <span class='ocrx_word' id='word_1_253' title='bbox 1477 4179 1550 4250; x_wconf 79' lang='grc' dir='ltr'>νομῆς</span> 
     </span>
     <span class='ocr_line' id='line_1_27' title="bbox 273 4297 1549 4381; baseline 0 -21"><span class='ocrx_word' id='word_1_254' title='bbox 273 4297 319 4360; x_wconf 78' lang='grc' dir='ltr'>καὶ</span> <span class='ocrx_word' id='word_1_255' title='bbox 346 4304 478 4381; x_wconf 80' lang='grc' dir='ltr'>περιοχῆς</span> <span class='ocrx_word' id='word_1_256' title='bbox 504 4301 593 4380; x_wconf 77' lang='grc' dir='ltr'>αὑτοῦ,</span> <span class='ocrx_word' id='word_1_257' title='bbox 623 4301 708 4361; x_wconf 87' lang='grc' dir='ltr'>τοίνυν</span> <span class='ocrx_word' id='word_1_258' title='bbox 734 4299 782 4360; x_wconf 72' lang='grc' dir='ltr'>καί</span> <span class='ocrx_word' id='word_1_259' title='bbox 809 4300 1020 4381; x_wconf 76' lang='grc' dir='ltr'>ἀποπλήρωσον,</span> <span class='ocrx_word' id='word_1_260' title='bbox 1048 4301 1086 4372; x_wconf 85' lang='grc' dir='ltr'>ιὐς</span> <span class='ocrx_word' id='word_1_261' title='bbox 1108 4301 1138 4360; x_wconf 86' lang='grc' dir='ltr'>τδ</span> <span class='ocrx_word' id='word_1_262' title='bbox 1167 4300 1253 4380; x_wconf 78' lang='grc' dir='ltr'>παρόν</span> <span class='ocrx_word' id='word_1_263' title='bbox 1275 4305 1325 4375; x_wconf 82' lang='grc' dir='ltr'>τῆς</span> <span class='ocrx_word' id='word_1_264' title='bbox 1348 4299 1489 4375; x_wconf 83' lang='grc' dir='ltr'>βασιλείας</span> <span class='ocrx_word' id='word_1_265' title='bbox 1509 4315 1549 4370; x_wconf 65' lang='grc' dir='ltr'>μου</span> 
     </span>
     <span class='ocr_line' id='line_1_28' title="bbox 274 4413 1549 4503; baseline -0.002 -22"><span class='ocrx_word' id='word_1_266' title='bbox 274 4419 416 4502; x_wconf 74' lang='grc' dir='ltr'>διορίζεταί</span> <span class='ocrx_word' id='word_1_267' title='bbox 443 4441 484 4482; x_wconf 94' lang='grc' dir='ltr'>σοι</span> <span class='ocrx_word' id='word_1_268' title='bbox 511 4423 680 4502; x_wconf 82' lang='grc' dir='ltr'>πρόσταγμα,</span> <span class='ocrx_word' id='word_1_269' title='bbox 711 4420 794 4483; x_wconf 78' lang='grc' dir='ltr'>δεταί</span> <span class='ocrx_word' id='word_1_270' title='bbox 816 4421 987 4503; x_wconf 83' lang='grc' dir='ltr'>ἀντίστρεψον</span> <span class='ocrx_word' id='word_1_271' title='bbox 1008 4423 1075 4502; x_wconf 86' lang='grc' dir='ltr'>πρδς</span> <span class='ocrx_word' id='word_1_272' title='bbox 1098 4421 1192 4494; x_wconf 81' lang='grc' dir='ltr'>αδτοίνς</span> <span class='ocrx_word' id='word_1_273' title='bbox 1214 4415 1249 4482; x_wconf 82' lang='grc' dir='ltr'>δι’</span> <span class='ocrx_word' id='word_1_274' title='bbox 1261 4421 1422 4503; x_wconf 81' lang='grc' dir='ltr'>ἀσφάλειαν,</span> <span class='ocrx_word' id='word_1_275' title='bbox 1451 4423 1494 4481; x_wconf 81' lang='grc' dir='ltr'>ἶνα</span> <span class='ocrx_word' id='word_1_276' title='bbox 1512 4413 1549 4478; x_wconf 77' lang='grc' dir='ltr'>ταὶ</span> 
     </span>
    </p>
   </div>
   <div class='ocr_carea' id='block_1_14' title="bbox 378 4679 1273 4750">
    <p class='ocr_par' dir='ltr' id='par_1_14' title="bbox 378 4679 1273 4750">
     <span class='ocr_line' id='line_1_29' title="bbox 378 4679 1273 4750; baseline 0 -18"><span class='ocrx_word' id='word_1_277' title='bbox 378 4681 397 4748; x_wconf 86' lang='lat'>¹)</span> <span class='ocrx_word' id='word_1_278' title='bbox 416 4681 513 4732; x_wconf 82' lang='lat' dir='ltr'><strong>Confer</strong></span> <span class='ocrx_word' id='word_1_279' title='bbox 530 4681 594 4747; x_wconf 84' lang='lat' dir='ltr'>dipl.</span> <span class='ocrx_word' id='word_1_280' title='bbox 613 4681 658 4732; x_wconf 82' lang='lat' dir='ltr'>Nr.</span> <span class='ocrx_word' id='word_1_281' title='bbox 676 4683 723 4734; x_wconf 82' lang='lat' dir='ltr'>xl.</span> <span class='ocrx_word' id='word_1_282' title='bbox 797 4681 817 4749; x_wconf 85' lang='lat'>²)</span> <span class='ocrx_word' id='word_1_283' title='bbox 836 4679 915 4732; x_wconf 76' lang='grc' dir='ltr'>αὐτῶν</span> <span class='ocrx_word' id='word_1_284' title='bbox 933 4682 953 4732; x_wconf 89' lang='lat' dir='ltr'>L</span> <span class='ocrx_word' id='word_1_285' title='bbox 1025 4680 1046 4747; x_wconf 86' lang='lat'>³)</span> <span class='ocrx_word' id='word_1_286' title='bbox 1065 4679 1234 4750; x_wconf 81' lang='grc' dir='ltr'>Ἐσραγμένου</span> <span class='ocrx_word' id='word_1_287' title='bbox 1251 4683 1273 4732; x_wconf 91' lang='lat'>1.</span> 
     </span>
    </p>
   </div>
   <div class='ocr_carea' id='block_1_15' title="bbox 0 0 1594 5298">
    <p class='ocr_par' dir='ltr' id='par_1_15' title="bbox 0 0 1594 5298">
     <span class='ocr_line' id='line_1_30' title="bbox 0 0 1594 5298; baseline 0 0"><span class='ocrx_word' id='word_1_288' title='bbox 0 0 1594 5298; x_wconf 95' lang='lat' dir='ltr'> </span> 
     </span>
    </p>
   </div>
  </div>
 </body>
</html>
