3486 5282
387 251 450 314 236

386 438 441 506 οἷον
472 448 550 518 ὑσους
579 447 609 505 τ“ο
632 449 810 527 μοναστηριον
837 448 941 526 τρέφειν
968 445 1077 506 δὺναται
1106 448 1178 506 κατά
1206 449 1236 506 τό
1259 447 1372 521 σὺνηθες
1393 451 1447 506 τών
1470 445 1612 524 κσινσβίων,
1637 447 1661 504 σί

385 571 496 627 τοιοῦτοι
525 569 574 642 τὴν
605 572 651 628 τοὺ
675 567 765 627 Ἰοὺδα
795 568 917 646 ἀγχόνην
946 573 992 628 τοὺ
1019 569 1149 648 προδότου
1176 570 1377 644 ἀποστήσονται.
1422 571 1515 628 ἔπειτα
1538 567 1661 642 ἀνατίθημι

386 689 434 766 τὴν
456 690 542 764 μονὴν
564 695 613 764 τῆς
635 689 785 770 ὑπεραγίας
808 709 859 766 μου
875 689 1014 751 Θεοτόκου
1036 697 1083 766 τῆς
1101 689 1329 771 Μυρσινιωτίσσης
1350 694 1410 762 ταῖς
1432 689 1665 769 μοναστρίαιςισῑς

386 811 458 870 κατὰ
482 811 591 891 καιροὺς
619 811 647 870 έν
675 813 742 894 αὑτῇ
769 817 802 894 τῇ
830 819 900 894 μονῇ
928 814 1143 892 εὑρισκομέναις,
1173 817 1217 873 νῦν
1246 813 1277 873 δὲ
1304 809 1360 898 [τῇ]
1389 813 1459 894 κυρᾷ
1482 813 1607 892 Μακαρίρ
1624 811 1665 870 καί

386 935 579 1014 καθηγουμένη
602 931 648 993 καὶ
673 935 755 994 πέντε
776 933 1010 1010 κσινοβιάτισσαις,
1040 941 1074 1016 τῇ
1096 955 1127 994 τε
1148 935 1218 1017 κυρᾷ
1239 935 1382 1016 Ἀθανασίρ
1403 942 1436 1016 τῇ
1461 934 1607 995 Ῥοδίτισσα
1625 935 1666 994 καὶ

385 1061 418 1137 τῇ
441 1055 510 1134 κυρᾷ
532 1055 685 1138 Δομετιανῇ
714 1061 749 1136 τῇ
773 1055 925 1116 Ῥοδίτισσα
946 1055 993 1115 καί
1015 1048 1071 1142 [τῇ]
1094 1058 1163 1139 κυρᾷ
1187 1057 1288 1139 Μάρθα
1309 1055 1356 1116 καὶ
1378 1051 1423 1142 [τῇ
1445 1053 1526 1142 πυρᾷ]
1550 1057 1666 1136 Εὑγενείᾳ

386 1175 432 1237 καί
461 1183 495 1259 τῇ
528 1179 598 1259 κυρᾷ
619 1177 752 1260 Μακαρίᾳ
781 1183 814 1259 τῇ
843 1178 993 1261 Πολιτίσσᾳ
1004 1177 1024 1260 ¹)
1054 1177 1101 1239 καί
1128 1175 1185 1264 [τῇ]
1213 1177 1454 1262 κυρᾷγἈθανασίᾳ
1475 1185 1509 1260 τῇ
1533 1181 1608 1260 ἑτέρᾳ
1626 1177 1667 1236 καί

385 1302 485 1371 πάσαις
510 1304 569 1372 ταῖς
597 1301 760 1380 ἐρχομένοις
786 1299 832 1360 καὶ
860 1301 989 1380 ἔρχεσθαι
1014 1301 1130 1376 μέλλειν
1154 1301 1207 1362 άπθ
1228 1307 1275 1362 τοὺ
1296 1305 1341 1361 νὺν
1364 1301 1411 1362 καί
1434 1301 1473 1374 είς
1496 1302 1556 1374 τοὺς
1578 1299 1666 1370 αἰῶνας

385 1425 497 1500 πάντας,
529 1420 569 1494 εἰς
596 1425 662 1492 όσας
689 1421 821 1503 αἱρεῖσθαι
850 1423 901 1498 μὲν
927 1423 1071 1499 καινοβίως
1094 1424 1208 1502 διάγειν,
1240 1425 1306 1495 όσας
1330 1424 1361 1483 δὲ
1384 1425 1422 1500 μὴ
1446 1424 1531 1496 οὑτως
1553 1421 1666 1504 αίρεῖνί),

386 1549 434 1619 τῆς
458 1552 543 1620 μονῆς
566 1541 758 1624 έξωθήσονται,
780 1545 854 1619 πλὴν
878 1545 948 1620 μετὰ
970 1549 1015 1606 τοῦ
1038 1549 1207 1626 προεστῶτος
1230 1549 1275 1606 τοὺ
1298 1547 1489 1626 εὑρισκομένου
1513 1545 1541 1605 ἐν
1560 1551 1667 1627 ιῇμινῄ

386 1669 432 1725 τοὺ
459 1667 584 1744 μεγάλου
612 1687 663 1741 μου
686 1663 842 1746 Ταξιάρχου
868 1672 914 1726 τοὺ
943 1667 972 1726 έν
998 1666 1037 1746 τῷ
1060 1669 1182 1742 Λειμώνι
1204 1666 1251 1727 καί
1273 1673 1326 1727 τῶν
1348 1667 1453 1728 λοιπῶν
1477 1667 1601 1747 άδελρών
1621 1673 1667 1724 τών

387 1789 446 1861 μετ’
460 1787 563 1848 ἐκείνου
586 1789 782 1867 εὑρισκομένων
806 1789 876 1864 μετά
900 1788 1004 1864 βουλῆς
1027 1788 1145 1868 εἰσάγειν
1169 1790 1251 1862 αὑτάς
1272 1788 1319 1849 καὶ
1338 1787 1449 1868 ἐξάγειν
1464 1787 1511 1848 καὶ
1525 1791 1666 1867 ἡγουμένην

387 1909 579 1990 ἀποκαθιστᾶν,
609 1909 655 1970 καί
678 1909 757 1971 παντὶ
778 1913 868 1990 τρόπῳ
891 1911 1141 1986 ἀντιλαμβάνεσθαι
1169 1907 1312 1991 όρείλωσιν
1339 1912 1365 1970 οί
1392 1911 1509 1990 μσναχοὶ
1535 1915 1628 1980 πάντες
1647 1909 1667 1970 σί
1720 1939 1721 1962 ι

387 2032 570 2112 εὑρισκόμενοι
593 2032 632 2105 είς
655 2037 699 2093 τὀν
723 2035 813 2113 μέγαν
836 2055 888 2109 μου
907 2031 1066 2113 Ταξιάρχην
1089 2036 1134 2093 τὀν
1158 2034 1186 2092 έν
1209 2035 1247 2113 τῲ
1265 2035 1384 2108 Λειμώνι
1407 2035 1454 2109 τὴν
1478 2035 1563 2108 μονὴν
1582 2034 1668 2107 ταύτην

385 2161 435 2229 τῆς
457 2155 607 2235 ὑπεράγνου
631 2157 773 2233 δεσποίνης
795 2159 873 2232 ἡμῶν
897 2156 1034 2218 θεστόκου
1056 2155 1103 2217 καί
1124 2156 1300 2236 ἀειπαρθένσυ
1324 2157 1434 2236 Μαρίας
1456 2163 1506 2231 τῆς
1523 2157 1666 2235 Μυροινιω-

385 2275 475 2350 τίσσης
499 2323 506 2336 .
532 2323 538 2335 .
565 2326 570 2337 .

779 2432 836 2498 ιν.
862 2387 1086 2518 ωσι-1546,
1111 2431 1187 2520 [ind.
1212 2431 1283 2515 ινι

387 2597 553 2652 Ραίτέανσάα
562 2599 710 2670 Dionysius
721 2599 760 2652 II.
771 2600 919 2668 confirmat,
933 2619 1001 2670 quae
1012 2601 1231 2654 liieromonooiiuo
1242 2601 1419 2654 constituerat
1428 2601 1460 2654 de
1466 2599 1666 2670 possessionibus

818 2712 842 2758 ei
857 2706 998 2758 ordinibus
1014 2707 1247 2759 monasteriorum.

488 2893 503 2964 †
537 2889 718 2968 Διονὺσιος,
759 2890 847 2968 έλέῳ
880 2891 956 2949 θεοῦ
992 2885 1252 2968 ἀρχιεπίσκοπος
1286 2889 1669 2962 Κωνσταντινουπόλεως,
1719 2951 1720 2954 ς

385 3009 474 3082 Νέας
498 3011 637 3090 Ῥώμης,
659 3009 715 3070 καί
737 3009 970 3085 οίκουμενικὺς
991 3015 1204 3092 πατριάρχης
1226 3017 1251 3088 †.

487 3137 504 3210 ’γ
528 3133 563 3191 ’0
587 3133 731 3213 ἱερώτατος
754 3134 955 3214 μητραπολίτης
971 3135 1128 3210 Μεθὺμνης,
1152 3139 1199 3214 κὺρ
1217 3135 1361 3212 Ἰγνάτιος,
1385 3135 1399 3192 ό
1422 3133 1448 3192 ἐν
1465 3134 1536 3212 άγίῳ
1551 3133 1669 3206 πνεύματι
1719 3137 1720 3212 ζ

386 3255 526 3330 ἀγαπητός
549 3254 668 3334 ἀδελρός
689 3253 736 3314 καὶ
760 3254 969 3336 συλλειτουργὺς
983 3261 1032 3330 τῆς
1047 3257 1126 3333 ἡμῶν
1142 3259 1329 3336 μητριόιητος,
1353 3255 1519 3336 ἀναδραμὼν
1535 3255 1669 3322 συνοδικώς
1719 3303 1720 3328 ,

386 3375 545 3448 ἐπεδείξατο
567 3373 718 3456 γράμματα
740 3375 815 3452 τίμια
836 3381 881 3436 τοὺ
903 3379 955 3458 πρό
978 3380 1056 3453 ἡμῶν
1080 3379 1230 3456 άγιωτάτου
1252 3380 1418 3458 πατριάρχου
1440 3381 1522 3457 πυροῦ
1538 3376 1668 3457 Ἱερεμίου,

386 3494 529 3578 διεξιόντα,
560 3499 599 3570 ὡς
629 3499 708 3570 αὑτός
737 3499 815 3577 ζήλῳ
842 3498 906 3578 θείῳ
935 3501 972 3560 ἔτι
1001 3501 1029 3560 ἐν
1057 3500 1248 3581 ίερσμσνάχσις
1277 3500 1466 3580 εὑρισκόμενος
1490 3500 1524 3560 ἐκ
1544 3503 1668 3576 πατρικιὺν

388 3621 467 3680 αὑτοῦ
492 3619 692 3701 ἀναλωμάτων,
724 3621 761 3680 ἔτι
790 3619 821 3680 δὲ
848 3623 925 3700 κόπῳ
951 3622 1052 3702 πολλῷ
1074 3622 1120 3682 καὶ
1145 3625 1241 3702 μόχθῳ
1264 3622 1431 3683 ἀινεκοιῖνισεν
1456 3621 1484 3682 έν
1506 3628 1540 3703 τῇ
1565 3619 1670 3698 ἐπαρχίᾳ

391 3744 471 3802 αὑτοῦ
497 3741 643 3817 σεβάσμιον
670 3743 735 3802 ναόν
761 3741 808 3803 καί
834 3745 906 3802 θεῖον
929 3743 983 3802 τών
1006 3745 1171 3820 ’.ἀσωμάτων
1200 3745 1228 3803 ἐν
1255 3743 1293 3823 τῷ
1316 3747 1437 3818 Λειμώνι
1459 3749 1509 3818 τῆς
1532 3743 1670 3814 Καλλσνὺς

384 3864 512 3942 πλησίον,
543 3865 699 3944 κτητορικδν
731 3865 759 3924 έν
781 3865 865 3943 τοὺτῳ
887 3868 1057 3942 κεκτημένος
1080 3865 1192 3944 δίκαιον,
1223 3867 1289 3945 ὑπερ
1317 3865 1352 3925 τὰ
1374 3869 1418 3924 νῦν
1440 3871 1472 3946 τῇ
1498 3864 1613 3926 ἐπιδόσει
1632 3865 1669 3920 τοὺ

386 3993 480 4066 καιροὺ
514 3984 697 4062 αὐξανόμενον
732 3985 771 4059 είς
804 3991 981 4067 μσναστήρισν
1011 3989 1182 4064 κοινοβιακόν
1214 3987 1334 4066 ἐγένετο.
1381 3988 1482 4064 όμσίως
1514 3988 1545 4047 δέ
1574 4007 1607 4066 γε
1633 3980 1671 4043 κιὶ

388 4111 483 4190 ἑτέραν
512 4109 661 4186 σεβασμίαν
688 4109 842 4188 γυναικείαν
871 4111 956 4185 μονὴν
982 4111 1098 4186 πλησίον
1125 4113 1217 4170 τοὺτου
1240 4109 1466 4190 προσλαβόμενος
1490 4113 1671 4189 σταυρσπήγιον

387 4229 468 4291 σὺσαν
490 4230 536 4291 καί
560 4233 603 4290 ἐπ’
614 4233 724 4307 ὀνόματι
746 4233 902 4308 τιμωμένην
916 4239 966 4308 τῆς
982 4236 1132 4313 ὑπεράγνου
1148 4232 1286 4294 Θεοτόκου
1300 4238 1350 4310 τῆς
1366 4233 1587 4308 έπικεκλημένης
1602 4232 1669 4307 Μυρ-

387 4352 552 4426 τινιωτίσσης
575 4352 621 4413 καί
644 4355 725 4428 αὑτὴν
749 4351 960 4415 ἀκαλλώπιστον
985 4354 1075 4434 οὖσαν,
1098 4357 1192 4428 κόποις
1215 4353 1331 4425 πολλοῖς
1350 4353 1398 4413 καί
1414 4352 1490 4425 ἰδίοις
1507 4355 1669 4427 ἀναλώμασιν

520 4513 596 4520 ---

492 4615 510 4680 ¹)
531 4613 656 4680 Πολίτησα
673 4615 706 4666 Κ.
778 4616 799 4682 ²)
817 4613 930 4683 εὑρέσθαι
948 4641 981 4652 -
1000 4613 1070 4683 αἱρᾶν
1088 4616 1121 4666 Κ.
